3044 4788
596 378 732 451 252
1235 382 1333 448 M.
1385 382 1461 447 T.
1516 380 2082 450 CICERONIS

592 499 935 599 prodidit.
999 498 1224 593 Cujus
1276 513 1587 597 praetura
1633 498 1950 587 urbana,
2006 496 2267 569 aedium
2287 507 2322 556 9
2369 521 2742 569 sacrarum

596 610 734 682 fuit
761 609 1372 710 publicorumque
1387 635 1694 708 operum
1715 609 2184 708 depopulatio
2202 635 2223 699 ;
2253 608 2466 680 simul
2484 608 2743 703 injure

594 720 957 808 dicundo,
999 720 1366 791 bonorum
1391 731 1455 764 ¹⁰
1499 721 2235 819 possessionumque,
2286 732 2539 790 contra
2577 741 2739 788 om·

593 836 800 902 nium
828 832 1190 919 instituta,
1222 829 1565 919 addictio,
1595 847 1669 902 et
1696 830 2161 902 condonatio.
2192 834 2350 899 Jam
2375 852 2552 899 vero
2581 852 2743 898 om-

491 999 496 1002 .
541 938 549 945 ’
596 943 795 1012 nium
832 942 1175 1012 vitiorum
1205 966 1509 1012 suorum
1545 941 1857 1040 plurima
1898 955 1971 1011 et
2008 938 2321 1009 maxima
2358 938 2741 1008 constituit

590 1064 1070 1121 monumenta
1106 1065 1177 1122 et
1217 1050 1478 1123 indicia
1513 1053 1588 1121 in
1623 1051 1994 1148 provincia
2028 1048 2263 1119 Sicilia
2294 1075 2309 1116 ε
2350 1071 2572 1143 quam
2599 1048 2742 1118 iste

591 1185 722 1256 per
763 1162 1159 1238 triennium
1203 1163 1300 1233 ita
1340 1165 1620 1233 vexavit
1655 1185 1737 1232 ac
1781 1158 2134 1259 perdidit,
2197 1171 2281 1228 ut
2322 1181 2407 1227 ea
2451 1157 2738 1228 restitui

589 1275 666 1339 in
694 1271 1073 1366 antiquum
1105 1285 1366 1343 statum
1398 1270 1604 1343 nullo
1636 1270 1857 1341 modo
1890 1270 2154 1368 possit;
2184 1268 2307 1359 vis
2335 1281 2580 1338 autem
2606 1283 2743 1364 per

591 1380 860 1453 multos
886 1406 1117 1453 annos
1133 1437 1153 1471 ‚
1173 1383 1750 1478 innocentesque
1775 1392 2115 1477 praetores
2143 1377 2384 1473 aliqua
2410 1400 2502 1447 ex
2534 1390 2740 1473 parte

592 1492 899 1562 recreari
933 1491 1324 1589 aliquando
1353 1514 1567 1590 posse
1599 1489 1951 1561 videatur.
1989 1493 2145 1559 Hoc
2175 1498 2487 1585 praetore
2518 1485 2756 1555 Siculi-

591 1624 831 1697 neque
862 1626 1027 1672 suas
1065 1602 1294 1698 legeS,
1341 1624 1584 1696 neque
1615 1613 1863 1670 nostra
1895 1594 2522 1671 senatusconsulta
2542 1648 2563 1679 ‚
2609 1619 2740 1666 ne.-

592 1736 734 1807 que
764 1713 1178 1782 communia
1195 1712 1361 1808 jura
1388 1724 1783 1781 tenuerunt
1809 1720 1864 1753 ¹¹
1898 1738 1914 1779 ε
1953 1722 2237 1779 tantum
2267 1706 2581 1803 quisque
2610 1704 2740 1776 ha-

589 1821 718 1894 bet
753 1826 828 1892 in
865 1822 1134 1907 Sicilia,
1203 1834 1557 1919 quantum
1596 1819 1913 1891 hominis
1949 1816 2342 1890 avarissimi
2384 1829 2457 1886 et
2499 1813 2739 1886 libidi-

593 1931 950 2001 nosissimi
986 1944 1110 1999 aut
1146 1929 1711 2026 imprudentiam
1732 1925 2415 2024 subterfugit¹²‚aut
2432 1927 2743 1996 satietati

598 2035 972 2135 superfuit.

685 2150 770 2216 V.
819 2145 1035 2217 Nulla
1077 2170 1191 2218 res
1227 2173 1361 2246 per
1402 2152 1835 2240 triennium,
1876 2152 2017 2221 nisi
2056 2150 2143 2220 ad
2193 2164 2455 2220 nutum
2492 2150 2737 2234 istim,

590 2236 911 2350 judicata
954 2270 1103 2343 est;
1137 2257 1337 2329 nulla
1381 2284 1498 2330 res
1537 2274 1684 2330 tam
1722 2261 1992 2360 patria¹
2042 2259 2472 2359 cujusquam
2521 2273 2745 2355 atque

597 2367 782 2437 avita
807 2362 981 2454 fuit,
1018 2391 1178 2464 quae
1216 2393 1368 2440 non
1400 2367 1495 2440 ab
1530 2393 1654 2458 e0,
1685 2370 1995 2469 imperio
2027 2372 2269 2457 istim,
2298 2369 2743 2466 abjudicare-

596 2490 715 2546 tur
733 2486 786 2544 2.
808 2476 1380 2549 Innumerabiles
1399 2484 1725 2575 pecuniae
1751 2505 1839 2550 ex
1858 2496 2226 2553 aratorum
2248 2477 2277 2524 ³
2304 2480 2519 2553 bonis
2547 2504 2741 2552 novo

598 2584 1018 2684 nefarioque
1061 2590 1393 2659 instituto
1434 2603 1733 2678 coactae3
1779 2592 2003 2661 socii4
2047 2589 2442 2662 fidelissimi
2477 2591 2557 2660 in
2601 2589 2737 2660 ho-

595 2697 812 2767 stium
840 2722 1148 2768 numero
1170 2700 1589 2785 existimati;
1632 2701 1819 2771 cives
1837 2705 2121 2771 romani
2144 2700 2469 2772 servilem
2492 2701 2569 2770 in
2589 2725 2738 2770 mo-

594 2805 771 2877 dum
799 2808 1094 2878 cruciati
1122 2823 1196 2878 et
1233 2811 1468 2880 necati
1487 2836 1514 2895 -;
1544 2808 1878 2881 homines
1909 2809 2402 2882 nocentissimi
2439 2823 2738 2907 propter

661 2998 713 3045 9.
738 2979 939 3029 AEdium
972 2996 1242 3031 sacrarum.
1275 2984 1419 3032 Vei-r.
1461 2986 1510 3045 1,
1555 2993 1621 3045 49
1779 2986 1845 3030 V.
1891 2998 1936 3029 1.
1974 2985 2091 3031 Tam
2115 2981 2306 3045 patria.
2351 2981 2472 3028 Tam
2499 2979 2735 3042 „legitimo

593 3071 641 3109 et
666 3077 802 3125 seqq.

672 3156 750 3188 xo.
765 3143 1027 3190 Bonorum.
1048 3143 1184 3190 Bona
1206 3154 1256 3190 et
1272 3143 1622 3207 possessiones,

593 3224 770 3270 Verres
796 3238 948 3285 quum
980 3222 1061 3282 jus
1095 3222 1309 3282 diceret,
1348 3221 1539 3269 addixit
1563 3237 1620 3269 ac

593 3299 798 3348 tradidit
835 3301 1013 3363 quibus
1040 3300 1228 3359 voluit,
1267 3300 1500 3364 neglectis
1539 3315 1621 3347 eo·

597 3395 727 3436 rum,
760 3381 847 3443 qui
882 3370 994 3427 ante
1030 3396 1081 3426 se
1130 3390 1364 3442 praetores
1399 3378 1622 3441 fuerant,

595 3457 768 3505 edictis
810 3469 859 3505 et
898 3455 1151 3507 institutis.
1180 3460 1321 3506 Verr.
1354 3460 1409 3516 1,
1452 3466 1538 3516 41,
1573 3468 1621 3505 et

599 3553 741 3601 seqq.

669 3630 691 3662 1
707 3631 753 3662 r.
787 3617 1070 3665 renuerunt.
1102 3617 1288 3665 Contra
1313 3619 1478 3666 Verris
1503 3617 1622 3666 libi·

597 3695 760 3742 dinem
779 3694 953 3741 Siculis
975 3711 1131 3759 neque
1156 3710 1256 3742 suae
1277 3695 1407 3759 leges
1423 3731 1439 3757 ‚
1463 3713 1622 3760 neque

594 3785 761 3823 nostra
801 3774 851 3821 S.
886 3773 977 3834 C„
1018 3791 1080 3822 ne
1123 3790 1379 3823 commuue
1423 3775 1624 3839 quidem

602 3853 818 3918 gentium
838 3853 921 3912 jus
945 3868 1089 3915 opem
1116 3852 1262 3900 ullam
1289 3853 1573 3902 attuleruut.

673 3948 753 3979 ω.
797 3929 1108 3995 Subeerfiagie.
1151 3931 1283 3980 Nihil
1325 3944 1398 3980 est
1443 3934 1624 3981 Siculis

604 4012 804 4075 reliqui,
828 4009 921 4058 nisi
944 4010 1097 4072 quod,
1135 4010 1388 4075 ignorante
1410 4012 1514 4073 illo,
1540 4024 1623 4062 aut

598 4093 776 4141 lassato
803 4102 849 4139 et
880 4089 1054 4138 satiato
1071 4125 1085 4147 ‚
1112 4104 1444 4140 servaverunt.

1703 3061 1814 3125 jure
1841 3076 2078 3126 possessa,
2098 3060 2259 3125 qualia
2277 3068 2392 3109 sunt
2419 3074 2531 3122 quae
2557 3058 2619 3105 ab
2637 3057 2740 3104 avis

1708 3140 1772 3186 ad
1804 3152 2058 3205 parentes,
2080 3149 2241 3203 atque
2265 3137 2383 3186 inde
2415 3137 2478 3184 ad
2503 3134 2633 3184 filios
2660 3137 2742 3183 he·

1708 3220 1937 3269 reditu-io
1960 3223 2069 3282 jure
2090 3219 2309 3268 veniunt.
2313 3219 2574 3265 -Μιιιιιῑ,
2593 3215 2740 3264 habet

1701 3312 1911 3363 patrata.

1780 3396 1830 3429 a.
1851 3378 2250 3443 Abludicareeur.
2286 3377 2402 3437 Ejus
2421 3374 2607 3437 judicis
2634 3391 2741 3423 sen-

1711 3461 1863 3508 tentis
1891 3460 2177 3507 auferretur.

1788 3541 1834 3587 3.
1856 3541 2140 3585 Arctorum.
2157 3538 2389 3584 Antores
2407 3527 2637 3581 frumenti
2661 3534 2742 3581 dea

1713 3620 1889 3665 cimam
1923 3614 2117 3681 populo
2145 3631 2272 3663 rom.
2292 3613 2504 3672 dabant3
2541 3614 2635 3660 hos
2659 3612 2741 3659 tri-

1709 3696 1804 3744 bus
1829 3695 2035 3761 amplius
2055 3694 2275 3743 decumis
2292 3710 2379 3757 per
2398 3692 2696 3758 publicanos
2713 3708 2741 3739 ει

1711 3792 1761 3822 se
1791 3776 2083 3825 subornatos
2112 3778 2291 3823 Verres
2326 3774 2569 3823 exhausit.
2599 3775 2740 3820 Vei-r.

1712 3856 1804 3903 111.
1841 3855 2066 3903 Ceterum
2109 3853 2324 3902 breviter
2366 3853 2448 3900 hic
2500 3853 2742 3916 percurrit

1716 3952 1823 3999 quae
1849 3934 2004 3985 fusius
2032 3951 2121 3983 suo
2156 3933 2296 3990 loco,
2340 3932 2392 3979 in
2431 3933 2745 3980 accusatione

1717 4015 1945 4079 explicat.

1789 4106 1834 4149 4.
1855 4093 1998 4142 Socii.
2025 4096 2099 4141 De
2115 4091 2193 4139 his
2215 4102 2260 4139 et
2282 4106 2414 4154 seqq.
2429 4090 2740 4139 vid.Ve1·r.V.
