3044 4788
2301 449 2439 520 213

647 452 756 520 IN
807 450 895 537 Q.
949 451 1482 520 CAECILIUM
1533 453 2104 523 DIVINATIO.

317 573 685 645 nissimis¹¹
721 570 1163 659 hominibus,
1191 575 1284 642 ita
1321 588 1611 670 paratus
1644 577 1865 658 veuls,
1888 588 1968 643 ut
2008 570 2138 643 tibi
2177 573 2442 668 hospes

314 683 571 781 aliquis
610 686 701 753 sit
737 680 1214 780 recipiendus.
1260 681 1547 771 Quibus
1588 707 1722 782 ego
1766 709 1920 754 non
1964 707 2124 753 sum
2156 697 2437 753 tantum

316 792 675 864 honorem
730 789 1149 878 habituruS‚
1213 806 1292 862 ut
1336 792 1426 863 ad
1473 817 1555 864 ea
1585 849 1604 879 ‚
1650 818 1813 891 quae
1861 794 2201 880 dixerint,
2243 806 2440 862 certo

311 903 512 992 loco,
538 917 664 974 aut
700 900 1113 998 singulatim
1140 903 1539 1000 unicuique
1577 901 2056 1001 respondeam
2092 929 2107 971 ε
2150 902 2249 971 sic
2280 899 2440 970 bre-

311 1014 516 1100 viter,
542 1013 889 1110 quoniam
923 1036 1073 1082 non
1101 1012 1456 1096 consulte,
1492 1010 1618 1083 sed
1646 1036 1814 1083 casu
1842 1014 1917 1082 in
1947 1036 2202 1083 eorum
2237 1034 2437 1079 men-

312 1122 587 1192 tionem
618 1119 869 1206 incidi,
906 1123 1110 1217 quasi
1139 1123 1556 1217 praeteriens
1580 1119 2000 1193 satisfaciam
2031 1120 2407 1194 universis.

407 1235 592 1301 XVI.
632 1235 950 1300 Tantane
980 1227 1186 1300 vobis
1221 1231 1471 1327 inopia
1513 1230 1769 1301 videor·
1806 1255 1961 1301 esse
1999 1231 2395 1301 amicorum
2420 1284 2439 1317 ‚

310 1354 392 1410 ut
426 1339 604 1409 mihi
630 1364 780 1409 non
818 1363 905 1409 ex
952 1337 1098 1424 his,
1133 1362 1320 1434 quos
1361 1363 1646 1410 mecum
1684 1338 2144 1423 adduxerim,
2175 1337 2301 1411 sed
2341 1337 2435 1409 de

311 1449 585 1546 populo
620 1445 1066 1545 subscriptor
1103 1446 1454 1519 addatur?
1494 1447 1700 1520 vobis
1746 1464 1990 1529 autem
2036 1464 2232 1520 tanta
2269 1451 2433 1520 ino-

315 1558 432 1655 pia
470 1581 766 1627 reorum
802 1572 939 1642 est,
974 1572 1056 1627 ut
1089 1557 1265 1626 mihi
1307 1582 1597 1630 causam
1645 1560 2031 1657 proeripere
2073 1561 2438 1630 conemini

310 1669 579 1766 potiuS‚
597 1692 812 1764 quam
839 1667 1118 1763 aliquos
1150 1691 1191 1736 a
1216 1667 1554 1739 columna
1572 1670 1824 1739 Maenia
1843 1681 1895 1756 ¹,
1914 1671 2133 1740 vestri
2162 1669 2437 1740 ordinis

311 1802 510 1863 reos,
547 1777 956 1874 reperiatis?
986 1775 1376 1847 Custodem
1392 1788 1446 1862 ²,
1478 1778 1750 1874 inquit,
1779 1779 2014 1849 Tullio
2046 1802 2164 1850 me
2208 1804 2437 1876 appo-

315 1889 484 1958 nite.
535 1886 773 1977 Quid?
805 1887 984 1956 mihi
1018 1911 1233 1980 quam
1276 1885 1522 1957 multis
1567 1887 1991 1959 custodibus
2032 1913 2219 1985 opus
2260 1891 2438 1975 erit,

311 2000 372 2067 si
396 2012 469 2068 te
501 1997 724 2068 semel
753 1996 843 2068 ad
875 2021 1069 2069 meas
1101 1993 1383 2094 capsas³
1404 1996 1808 2092 admisero?
1838 1999 2144 2095 quinon
2176 1999 2439 2084 solum,

314 2128 407 2176 ne
450 2106 627 2202 quid
666 2107 1029 2186 enuntie5‚
1071 2104 1200 2176 sed
1239 2106 1452 2176 etiam
1489 2130 1584 2176 ne
1624 2106 1800 2203 quid
1841 2105 2156 2195 auferas,
2200 2123 2440 2180 custo-

311 2215 618 2288 diendus
657 2218 773 2286 εἰς.
826 2214 966 2287 Sed
1002 2213 1092 2287 de
1148 2219 1283 2285 isto
1332 2215 1630 2287 custode
1672 2231 1829 2288 toto
1875 2218 1975 2289 sic
2010 2217 2222 2290 vobis
2271 2218 2440 2290 bre-

389 2437 468 2470 11.
502 2421 843 2469 Alieni-nimis.
877 2423 922 2470 A
951 2422 1183 2470 tribunali
1219 2433 1267 2469 ct
1302 2437 1328 2467 a

313 2501 442 2561 foro.
467 2502 567 2565 Qui
592 2501 748 2549 nihilo
775 2501 928 2565 magis
953 2512 1067 2549 sunt
1091 2503 1143 2548 in
1172 2501 1330 2549 causis

314 2581 518 2639 versati,
544 2597 688 2644 quam
724 2581 902 2644 hospes
937 2592 984 2628 et
1017 2581 1327 2645 peregrinus,

313 2660 401 2723 qni
425 2661 581 2707 forum
610 2675 875 2724 numquam
904 2660 1099 2722 viderit.
1136 2661 1327 2709 Ita‘im-

311 2749 506 2802 paratus
532 2739 693 2797 venis,
723 2740 882 2802 inquit
897 2739 1107 2796 Tullius,
1142 2748 1197 2786 nt
1223 2738 1330 2791 nul·

311 2817 412 2864 lum
443 2817 821 2884 subscriptorem
853 2817 1031 2866 habeas
1066 2834 1127 2865 ex
1161 2818 1220 2864 iis
1245 2834 1329 2882 pa·

311 2897 494 2958 tronis,
549 2899 633 2962 qui
687 2898 847 2945 solent
897 2899 948 2946 in
1006 2897 1329 2945 tribunalibus

310 2992 477 3026 causas
507 2992 677 3040 agere,
706 2978 793 3025 sed
820 2976 906 3041 qui
941 2978 1158 3041 hospites
1189 2977 1242 3027 in
1267 2977 1327 3024 iis

311 3065 456 3117 sunt,
488 3056 669 3121 qnippe
708 3057 794 3121 qui
831 3057 914 3104 imi
942 3056 1158 3105 subsellii
1181 3057 1334 3105 homi·

313 3150 416 3182 nes.
451 3134 531 3182 Sic
571 3140 753 3184 Ascon.
790 3147 838 3184 et
879 3139 1045 3186 Graev.
1081 3137 1334 3184 Manutius

311 3224 473 3261 autem
494 3225 634 3277 putat
658 3214 972 3262 alienissimos
1000 3215 1187 3278 opponi
1205 3214 1327 3261 ami·

310 3293 383 3338 cis
412 3309 475 3340 ex
508 3292 688 3356 quibus
717 3294 1071 3358 subscriptores
1111 3292 1327 3341 delectu·

308 3388 420 3420 rum
438 3389 490 3420 se
505 3374 575 3419 ait
592 3374 763 3422 Cicero
775 3409 789 3432 ‚
804 3390 907 3422 non
927 3389 1043 3422 vero
1062 3373 1123 3423 de
1137 3374 1328 3439 populo

308 3453 533 3516 quemvis
561 3463 861 3518 recepturum
879 3488 894 3512 ‚
920 3454 1056 3517 quod
1072 3446 1242 3518 utique
1263 3455 1330 3501 fa·

306 3542 475 3580 ctnrus
501 3543 604 3579 erat
630 3530 869 3581 caecilius.
904 3535 976 3581 Ex
998 3533 1075 3581 his
1100 3533 1329 3581 alienissi-

308 3610 426 3669 mis,
445 3610 605 3673 inquit
621 3645 637 3670 ‚
662 3611 911 3660 hominem
936 3612 1146 3675 aliquem
1167 3612 1230 3659 ad
1251 3613 1327 3659 in-

307 3691 472 3738 timam
494 3690 690 3739 domum
712 3691 938 3739 admittes
954 3725 968 3748 ‚
983 3701 1037 3738 ut
1054 3690 1295 3754 hospitem
1313 3708 1326 3749 ;

304 3772 514 3817 amicum
546 3779 594 3816 et
627 3770 909 3817 familiarem
947 3769 1009 3816 de
1033 3768 1324 3817 alienissimo

305 3859 503 3912 repente
543 3847 777 3908 habebis3
828 3859 926 3894 tam
975 3847 1098 3894 bene
1134 3858 1328 3910 paratus

303 3926 457 3975 venis.
482 3923 563 3976 Sic
588 3926 857 3990 simplicius
873 3926 1066 3972 Manut.
1084 3935 1132 3971 et
1157 3927 1323 3973 Garat.

303 4017 475 4069 atque,
501 4014 557 4052 ut
578 4016 727 4068 puto,
761 4004 938 4051 verius.

375 4086 513 4132 xvl.
547 4100 589 4131 1.
620 4084 858 4132 Columna
889 4082 1089 4131 Moenia.
1123 4083 1329 4130 Maenius

305 4179 455 4226 quum
485 4164 685 4212 domum
722 4180 856 4212 suam
893 4163 1122 4211 venderet
1155 4164 1329 4212 Catoni

1418 2431 1466 2468 et
1494 2422 1669 2471 Flacco
1707 2422 1994 2479 censoribus
2029 2422 2194 2486 (A.11.
2218 2423 2274 2470 C.
2296 2422 2446 2485 569).

1416 2510 1474 2547 ut
1499 2500 1570 2547 ibi
1598 2500 1795 2549 basilica
1827 2499 2163 2559 aedificsretur,
2189 2512 2444 2565 exceperat

1417 2580 1510 2626 sibi
1541 2581 1622 2640 jus
1650 2581 1796 2628 nnius
1822 2580 2096 2641 columnae,
2122 2595 2271 2643 super
2296 2597 2457 2648 quum,

1420 2667 1598 2706 tectum
1616 2660 1882 2724 projiceret
1897 2676 1961 2708 ex
1981 2658 2354 2723 provolantibus
2371 2670 2440 2705 ts·

1415 2737 1612 2796 bulatis,
1631 2739 1759 2786 unde
1779 2738 1882 2802 ipse
1900 2748 1947 2786 et
1966 2737 2150 2803 posteri
2168 2737 2298 2802 ejus,
2335 2754 2442 2800 spe·

1417 2830 1549 2866 ctare
1558 2834 1731 2866 munus
1742 2818 2080 2881 gladiatorium
2090 2816 2445 2881 possent,quod

1416 2897 1562 2945 etiam
1589 2906 1694 2944 tum
1718 2898 1773 2944 in
1799 2897 1908 2946 foro
1937 2898 2162 2946 dabatur.
2200 2897 2282 2945 Ad
2317 2897 2442 2944 hanc

1419 2987 1579 3024 sutem
1618 2975 1891 3023 columnam
1936 2977 2176 3024 triumviri
2217 2975 2447 3039 capitales

1419 3055 1700 3103 infimorum
1734 3055 2019 3119 hominum,
2057 3067 2113 3104 ut
2159 3057 2352 3116 furum,
2394 3065 2445 3101 et

1421 3152 1670 3186 servorum
1690 3152 1926 3200 nequam,
1954 3136 2155 3184 crimina
2182 3151 2443 3199 cognosce-

1419 3216 1556 3276 bant,
1575 3218 1794 3280 sumique
1816 3216 1876 3264 de
1896 3215 2135 3263 damnatis
2148 3213 2441 3279 supplicium

1412 3296 1664 3357 jubebant.
1691 3295 1820 3342 Vide
1848 3298 2022 3344 Horat.
2042 3294 2202 3359 Epod.
2232 3303 2286 3350 4,
2322 3308 2341 3338 1
2359 3309 2403 3339 r.

1490 3391 1537 3422 a.
1567 3375 1844 3424 Custodem.
1880 3376 1974 3422 Hic
2019 3389 2173 3421 unum
2224 3388 2287 3420 ex
2337 3370 2442 3417 istis

1417 3454 1675 3516 causidicis
1699 3455 1979 3519 loquentem
2007 3451 2197 3500 inducit
2217 3486 2231 3508 ,
2268 3461 2316 3497 et
2353 3466 2438 3513 pc-

1414 3544 1595 3582 tentem
1645 3545 1702 3582 ut
1757 3533 1981 3582 Ciceroni
2026 3530 2330 3593 subscriptor
2382 3544 2439 3575 ac

1413 3624 1581 3662 custos
1601 3623 1893 3677 apponatur.
1922 3611 2054 3660 Male
2078 3611 2184 3658 haec
2203 3609 2267 3658 ad
2289 3608 2438 3657 Caeci-

1413 3693 1535 3740 lium
1580 3694 1725 3741 refert
1764 3692 2003 3739 Fer-ratius
2020 3726 2035 3748 ,
2080 3706 2229 3753 quum
2273 3686 2441 3752 paullo

1416 3781 1547 3835 post,
1568 3773 1723 3832 ejecto
1745 3771 1833 3818 illo
1856 3782 1904 3818 et
1921 3770 2117 3817 infamia
2140 3777 2312 3815 notato
2334 3781 2439 3812 mo·

1416 3860 1629 3898 ratorum
1659 3866 1828 3914 grege,
1847 3849 1910 3896 sd
1934 3847 2181 3899 Caecilium
2209 3862 2260 3892 se
2285 3843 2442 3891 redire

1418 3928 1648 3977 declaret.

1423 4024 1429 4029 ’
1490 4010 1538 4057 3.
1570 4008 1770 4071 Capsas.
1810 4007 1868 4052 In
1898 4005 2074 4068 quibus
2099 4004 2261 4050 literas
2288 4010 2334 4047 et
2366 4010 2439 4045 te·

1417 4085 1643 4134 stimonia
1670 4102 1731 4132 ex
1758 4084 1920 4130 Sicilia
1954 4082 2207 4146 deportata
2227 4117 2241 4139 ,
2276 4093 2441 4124 recou-

1421 4163 1520 4212 dita
1530 4161 1739 4220 habebo,
1752 4162 1789 4207 si
1803 4161 1865 4208 ad
1875 4177 1950 4207 me
1961 4160 2204 4207 accusatio
2215 4156 2446 4204 defertur.
