3044 4788
621 428 760 508 214
1259 425 1355 492 M.
1399 367 1485 492 T.
1543 424 2106 498 CICERONIS
2164 415 2175 428 ’

612 546 896 618 vissime
937 541 1402 640 respondebo
1435 570 1451 612 ε
1506 567 1657 622 non
1700 566 1855 614 esse
1893 541 2027 613 hos
2066 540 2240 614 tales
2286 543 2513 614 viros⁴
2546 568 2752 615 com-

615 658 958 728 missuros
974 706 994 742 ,
1029 667 1112 723 ut
1131 651 1223 730 ad
1250 676 1537 728 causam
1560 666 1832 723 tantam
1849 706 1868 740 ,
1890 677 1931 722 a
1955 676 2073 726 me
2096 666 2500 750 susceptam
2520 706 2539 739 ,
2568 653 2749 726 mihi

612 764 958 844 creditam
979 816 998 850 ,
1027 764 1409 859 quisquam
1438 761 1912 861 subscriptor,
1942 787 2059 838 me
2085 763 2316 834 invito
2335 817 2354 849 ,
2385 761 2749 861 adspirare

615 878 865 973 possit.
891 874 1177 950 Etenim
1203 871 1382 945 fides
1409 897 1573 946 mea
1598 873 1976 952 custodem
1998 871 2360 971 repudiat,
2379 872 2749 971 diligentia

616 984 1141 1083 speculatorem
1176 982 1618 1055 reformidat.

711 1101 979 1167 Verum
1005 1148 1024 1180 ,
1061 1109 1143 1165 ut
1173 1094 1266 1175 ad
1312 1110 1382 1166 te
1405 1149 1425 1184 ‚
1459 1095 1693 1167 Caecili
1719 1149 1738 1181 ,
1785 1091 2111 1178 redeam,
2156 1116 2375 1190 quam
2414 1093 2642 1164 multa
2678 1109 2747 1165 te

614 1204 990 1295 deficiant,
1034 1203 1232 1276 vides
1283 1232 1299 1275 ε
1348 1230 1571 1303 quam
1608 1204 1836 1276 multa
1880 1203 2023 1273 sint
2075 1203 2152 1273 in
2199 1217 2317 1287 te,
2366 1227 2529 1299 quae
2583 1228 2751 1274 reus

615 1339 887 1387 nocens
941 1316 1014 1384 in
1058 1330 1473 1390 accusatore
1518 1340 1652 1388 suo
1695 1314 1938 1410 cupiat
1991 1336 2183 1398 esse,
2231 1309 2559 1408 profecto
2597 1314 2744 1408 jam

612 1423 970 1522 intelligis.
1012 1423 1211 1515 Quid
1239 1425 1332 1497 ad
1360 1426 1511 1499 haec
1538 1424 1687 1500 dici
1722 1423 2008 1520 potest?
2052 1446 2203 1492 non
2234 1424 2428 1496 enim
2461 1448 2747 1520 quaero,

617 1534 794 1631 quid
848 1551 925 1607 tu
963 1534 1289 1610 dicturus
1332 1541 1472 1608 sis:
1540 1534 1753 1606 video
1795 1532 1972 1608 mihi
2016 1557 2172 1603 non
2217 1547 2327 1619 te,
2385 1533 2513 1604 sed
2555 1533 2749 1614 hunc

614 1643 919 1726 librum⁵
947 1671 1102 1722 esse
1126 1669 1675 1744 responsurum,
1697 1668 1917 1741 quem
1946 1645 2263 1714 monitor
2298 1658 2465 1720 tuus
2496 1643 2614 1715 hic
2650 1658 2750 1720 te-

616 1772 783 1842 net3
823 1759 994 1853 qui,
1035 1759 1095 1826 si
1141 1772 1210 1828 te
1245 1772 1441 1830 recte
1473 1780 1773 1828 monere
1819 1753 2048 1842 volet,
2088 1752 2424 1824 suadebit
2458 1754 2630 1842 tibi,
2668 1769 2749 1830 ut

613 1863 782 1944 hinc
815 1864 1174 1952 discedas,
1207 1892 1447 1964 neque
1473 1866 1650 1938 mihi
1677 1862 1982 1936 verbum
2022 1863 2253 1940 ullum
2284 1863 2745 1961 respondeas

614 1974 808 2062 Quid
850 1974 1046 2043 enim
1079 1972 1319 2045 dices?
1355 2000 1448 2046 an
1476 1973 1581 2061 id,
1629 1972 1832 2078 quod
1867 1972 2187 2060 dictitas,
2229 1974 2569 2069 injuriam
2616 1973 2747 2045 tibi

529 2161 530 2166 ἵ
609 2080 863 2152 fecisse
899 2084 1251 2158 Verrem?
1299 2082 1632 2158 Arbitror
1670 2113 1685 2154 ε
1743 2108 1984 2179 neque
2030 2084 2226 2154 enim
2278 2098 2465 2156 esset
2501 2088 2751 2156 verisi-

611 2188 817 2275 mile,
863 2214 1094 2287 quum
1132 2190 1474 2263 omnibus
1512 2193 1767 2266 Siculis
1804 2191 2074 2270 faceret
2110 2193 2445 2286 injuriaS,
2486 2191 2603 2266 te⁶
2648 2194 2748 2274 illi

620 2319 850 2366 unum
890 2300 1272 2386 eximium,
1311 2304 1429 2372 cui
1462 2302 1898 2390 consuleret,
1935 2299 2176 2372 fuisse.
2212 2301 2352 2371 Sed
2387 2306 2609 2374 ceteri
2640 2306 2747 2375 Si·

613 2403 757 2474 culi
793 2405 1105 2479 ultorem
1132 2433 1428 2481 suarum
1461 2412 1891 2507 injuriarum
1914 2414 2394 2483 invenerunt:
2421 2429 2503 2484 tu
2525 2469 2543 2503 ,
2573 2413 2746 2485 dum

615 2529 773 2599 tuas
834 2516 1132 2612 injurias
1187 2545 1320 2617 per
1373 2535 1444 2591 te
1473 2575 1491 2608 ‚
1546 2522 1619 2597 id
1669 2522 1874 2619 quod
1918 2547 2069 2593 non
2115 2536 2364 2620 potes,
2407 2529 2746 2624 persequi

613 2629 934 2716 conariS,
977 2628 1051 2699 id
1093 2631 1285 2728 agis,
1334 2644 1417 2700 nt
1461 2645 1875 2702 ceterorum
1918 2657 2218 2729 quoque
2264 2634 2546 2728 injuriae
2604 2638 2749 2706 sint

611 2738 986 2836 impunitae
1042 2755 1263 2838 atque
1299 2741 1548 2812 inultoe
1591 2771 1605 2812 :
1652 2756 1725 2812 et
1769 2742 1910 2813 hoc
1957 2757 2028 2814 te
2076 2747 2426 2839 praeterit,
2477 2769 2628 2816 non
2675 2745 2750 2816 id

611 2848 850 2918 solum
894 2852 1203 2945 spectari
1246 2851 1509 2936 solere,
1564 2853 1693 2953 qui
1730 2850 2036 2941 debeat,
2089 2853 2216 2924 sed
2260 2855 2474 2923 etiam
2530 2854 2749 2939 illud,

612 2959 740 3051 qui
788 2959 1014 3053 possit
1052 2958 1336 3044 ulcisci;
1399 2963 1474 3031 in
1513 2986 1666 3059 quo
1708 2975 2100 3058 utrumque
2139 2966 2264 3049 sit,
2307 2988 2477 3033 eum
2535 2990 2747 3069 supe·

612 3067 878 3136 riorem
907 3091 1059 3138 esse
1078 3078 1131 3155 ⁷3
1158 3072 1233 3139 in
1260 3096 1413 3168 quo
1435 3070 1742 3141 alterum
1758 3066 1814 3158 ⁸,
1850 3072 1925 3142 in
1955 3097 2043 3143 eo
2071 3072 2441 3169 non,quid
2468 3076 2527 3146 is
2559 3075 2748 3161 velit,

610 3173 738 3245 sed
770 3174 949 3278 quid
983 3173 1218 3249 facere
1256 3182 1522 3276 possit,
1566 3183 1791 3277 quaeri
1831 3182 2083 3253 solere.
2114 3181 2334 3269 Quod
2361 3186 2470 3254 si9
2512 3186 2579 3255 ei
2616 3210 2748 3284 po-

690 3408 738 3454 4.
792 3404 935 3451 Tales
986 3404 1144 3455 viros.
1209 3410 1242 3456 J
1246 3406 1411 3455 udices
1461 3421 1644 3457 nostrae
1731 3413 1776 3458 ei
1809 3412 1965 3459 visum
2009 3411 2239 3458 eximium
2277 3423 2333 3460 nt
2372 3413 2461 3460 tibi
2498 3426 2746 3478 parceret:

616 3480 967 3529 contentionis.
984 3484 1179 3533 Scilicet
1204 3489 1404 3550 patroni
1434 3488 1644 3536 subscri·
1732 3506 1832 3538 non
1859 3490 2031 3537 eodem
2062 3501 2110 3537 te
2136 3490 2250 3539 loco
2273 3491 2497 3540 habuisse
2513 3528 2527 3552 ,
2562 3511 2660 3558 quo
2680 3512 2752 3542 re·

616 3565 784 3620 ptores
828 3560 1125 3625 offerebant,
1179 3581 1207 3612 a
1248 3564 1498 3624 judicibus
1542 3568 1643 3632 ple·
1727 3568 1890 3631 liquos
1915 3584 2083 3617 omnes
2103 3571 2321 3632 Siculos,
2347 3581 2392 3621 te
2419 3572 2576 3620 solum
2603 3590 2749 3621 exce·

615 3649 821 3701 rumque
846 3638 1111 3700 admissos3
1134 3643 1220 3691 sed
1247 3644 1403 3691 invito
1428 3656 1642 3709 patrono
1729 3646 1874 3709 pisse.

616 3728 878 3776 numquam
898 3718 1253 3785 subscriptores
1272 3720 1531 3784 dabantur,
1547 3725 1643 3771 nisi
1804 3741 1849 3784 7.
1876 3725 2180 3791 Superiorem
2206 3743 2323 3776 esse.
2350 3728 2571 3777 Praeserri
2602 3745 2751 3795 opor-

617 3793 854 3842 custodiae
899 3812 1071 3857 causa,
1113 3816 1264 3864 quum
1304 3800 1365 3848 de
1404 3803 1509 3863 ejus
1544 3799 1642 3849 fide
1730 3814 1850 3852 tere.
2696 3816 2705 3825 '

618 3882 742 3919 esset
760 3873 993 3936 suspicio.
1802 3885 1850 3933 8.
1877 3884 2112 3933 Alterum.
2139 3885 2434 3934 Secundum.

693 3951 739 3998 5.
768 3953 911 3999 Hunc
936 3951 1127 4004 librum.
1149 3956 1262 4002 vid.
1290 3973 1401 4021 sup.
1418 3975 1528 4022 cap.
1551 3967 1611 4014 14
1632 3975 1644 4005 :
1803 3980 1854 4026 9.
1879 3964 2025 4027 Quod
2044 3964 2100 4011 si.
2138 3966 2487 4028 Argumentum
2512 3966 2670 4031 ipsum
2701 3968 2750 4016 in

617 4030 694 4075 «si
720 4030 782 4079 ab
805 4031 902 4080 isto
929 4032 1083 4096 libro,
1103 4053 1244 4099 quem
1260 4071 1277 4095 ,
1301 4047 1393 4085 etc.
1409 4060 1432 4077 ι»
1732 4045 1793 4105 Q.
1816 4044 2065 4092 Caecilium
2086 4054 2335 4106 retorquet
2355 4060 2367 4090 :
2398 4044 2520 4093 dieis
2543 4046 2605 4099 ad
2628 4048 2752 4107 inju-

692 4109 744 4159 6.
780 4112 848 4159 Te
876 4111 963 4161 illi.
981 4113 1076 4175 Te,
1096 4116 1182 4179 qui
1211 4116 1403 4165 Siculus
1428 4133 1549 4175 eras,
1578 4117 1643 4165 ita
1732 4123 1799 4167 ria
1842 4123 2042 4169 affectos
2089 4123 2443 4171 accusationem
2494 4127 2750 4190 pertinere.
