3044 4788
572 346 714 419 320
1223 333 1320 401 M.
1373 330 1451 398 T.
1507 327 2067 397 CICERONIS

568 465 870 542 artificio
904 460 1087 534 suo‘*
1132 475 1505 552 superasse
1543 447 1899 520 videatur.
1957 444 2247 545 Pergae⁵
2285 447 2549 521 fanum
2594 476 2736 522 an-

577 579 1063 677 tiquissimum
1106 580 1180 637 et
1222 561 1754 633 sanctissimum
1799 557 2044 629 Dianae
2081 559 2346 628 scimus
2382 584 2547 631 esse
2591 590 2610 631 τ
2662 560 2739 633 id

575 700 876 789 quoque
898 708 938 753 a
958 696 1030 752 te
1062 673 1420 747 nudatum
1447 695 1531 742 ac
1557 669 1944 767 spoliatum
1961 692 2156 752 esse;
2179 692 2268 739 ex
2286 670 2440 767 ipsa
2460 672 2742 755 Diana,

577 797 782 899 quod
805 788 1123 865 habebat
1136 785 1293 855 auri
1309 834 1329 866 ‚
1354 781 1763 852 detractum
1778 793 1997 874 atque
2012 776 2332 850 ablatum
2355 804 2509 852 esse
2533 782 2741 853 dico.

582 914 803 1000 Quae,
840 900 1153 983 malum,
1193 906 1303 965 est
1344 893 1481 963 ista
1526 903 1726 961 tanta
1762 888 2061 959 audacia
2106 902 2325 986 atque
2361 893 2748 963 amentia?

582 1042 766 1119 quas
800 1013 996 1087 enim
1039 1006 1402 1080 sociorum
1447 1016 1665 1099 atque
1696 1000 2093 1070 amicorum
2128 997 2351 1071 urbes
2388 999 2603 1072 adisti
2635 1002 2748 1073 le-

584 1129 896 1231 gationis
949 1122 1116 1217 jure
1160 1130 1234 1188 et
1276 1114 1612 1199 nomine;
1671 1110 1732 1181 si
1773 1110 1853 1179 in
1907 1132 2026 1180 eas
2072 1109 2147 1179 vi
2194 1133 2358 1181 cum
2403 1113 2748 1182 exercitu

589 1225 1090 1338 imperioque⁶
1148 1226 1559 1310 invasisseS,
1613 1234 1891 1308 tamen,
1954 1219 2252 1316 opinor,
2310 1245 2474 1317 quae
2530 1223 2751 1319 signa

589 1364 810 1446 atque
847 1350 1273 1416 ornamenta
1303 1360 1390 1406 ex
1417 1333 1531 1403 his
1560 1327 1871 1401 urbibus
1906 1328 2343 1417 sustulisses‚
2389 1330 2541 1404 haec
2583 1358 2745 1403 non

591 1463 670 1530 in
705 1472 903 1529 tuam
935 1451 1275 1534 domum,
1310 1466 1557 1541 neque
1590 1442 1668 1510 in
1698 1438 2116 1511 suburbana
2141 1441 2574 1529 amicorum,
2613 1442 2751 1515 sed

601 1576 906 1642 Romam
952 1556 1438 1658 inpublicum
1480 1550 1954 1651 deportasses.

694 1680 887 1751 XXI.
927 1669 1128 1764 Quid
1156 1691 1290 1764 ego
1328 1665 1417 1735 de
1458 1665 1557 1734 Μ.
1588 1658 1930 1732 Marcello
1957 1658 2241 1757 loquar,
2279 1660 2409 1756 qui
2439 1661 2754 1756 Syracu-

602 1817 750 1876 sas,
791 1784 1052 1859 urbem
1090 1776 1619 1852 ornatissimam
1648 1771 1882 1869 cepit?
1922 1768 2104 1867 quid
2132 1768 2226 1841 de
2255 1774 2334 1841 L.
2362 1772 2748 1867 Scipione,

603 1904 734 2000 qui
784 1894 1062 1968 bellum
1120 1893 1196 1958 in
1258 1886 1421 1957 Asia
1474 1885 1732 1981 gessit,
1794 1879 2427 1978 Antiochumque,
2495 1906 2753 1979 regem

610 2006 1232 2111 potentissimum,
1269 1994 1483 2066 vicit?
1518 1992 1699 2091 quid
1733 1990 1824 2063 de
1859 1991 2299 2079 Flaminino,
2336 1996 2466 2089 qui
2501 2017 2755 2090 regem

608 2118 1028 2213 Philippum
1060 2124 1134 2180 et
1168 2105 1669 2177 Macedoniam
1697 2101 2024 2200 subegit?
2052 2102 2233 2200 quid
2250 2103 2341 2174 de
2364 2107 2443 2173 L.
2468 2103 2758 2186 Paulln,

614 2230 744 2327 qui
797 2245 1042 2320 regem
1097 2224 1359 2291 Persen
1409 2218 1480 2284 vi
1532 2238 1615 2285 ac
1658 2217 1926 2284 virtute
1976 2217 2387 2311 superavit?
2435 2213 2614 2311 quid
2663 2214 2759 2285 de

616 2345 692 2411 L.
728 2333 1082 2407 Mummio
1110 2340 1163 2416 ¹,
1210 2326 1338 2425 qui
1378 2323 1637 2396 urbem
1672 2322 2234 2422 pulcherrimam
2272 2338 2494 2422 atque
2533 2348 2756 2397 orna-

616 2449 999 2530 tissimam,
1040 2436 1517 2522 Corinthum,
1563 2433 2062 2531 plenissimam*
2097 2457 2344 2504 rerum
2392 2435 2757 2519 omnium,

619 2554 944 2640 sustulit,
984 2548 1353 2645 urbesque
1389 2543 1674 2618 Achaiae
1705 2545 2140 2641 Boeotiaeque
2167 2544 2433 2616 multas
2457 2543 2597 2616 sub
2630 2547 2760 2615 im·

619 2668 906 2767 perium
951 2658 1209 2761 populi
1243 2659 1529 2728 romani
1569 2655 2070 2750 ditionemque
2103 2651 2536 2748 subjunxit?
2572 2680 2758 2753 quo-

620 2799 787 2848 rum
820 2771 1113 2857 domus,
1152 2792 1384 2866 quum
1422 2766 1702 2838 honore
1737 2778 1810 2835 et
1842 2764 2111 2835 virtute
2145 2763 2513 2854 florerent,
2540 2769 2762 2865 signis

625 3046 702 3078 res
727 3035 880 3075 erant.
900 3023 1051 3090 Apud
1066 3025 1267 3073 Latinos
1288 3034 1451 3072 autem
1472 3020 1655 3069 fluxere
1743 3019 2064 3085 conspicitur.
2093 3020 2241 3070 Cous.
2276 3022 2449 3084 Pomp.
2480 3020 2604 3068 Mel.
2626 3021 2766 3069 xlv.

626 3109 832 3174 figurata
868 3103 1013 3153 verba
1030 3138 1046 3162 ‚
1080 3103 1210 3152 incus
1241 3118 1420 3151 canere
1453 3116 1564 3164 quae
1594 3099 1654 3147 de
1741 3098 1924 3163 Spnnh.
1950 3098 2016 3148 ad
2040 3098 2229 3148 Gallim.
2255 3099 2429 3164 hymn.
2453 3101 2505 3148 in
2531 3100 2766 3157 Diuum,

626 3188 827 3237 homine
851 3200 986 3233 sunm
1018 3193 1207 3231 tantum
1238 3180 1655 3241 utilitatemque·
1739 3196 1817 3229 vs.
1853 3182 1969 3240 187.

629 3269 756 3317 renti
775 3265 1019 3314 dicuntur.
1042 3262 1134 3309 1110
1158 3271 1320 3309 antem
1349 3258 1461 3305 loco
1476 3260 1653 3304 Verres
1812 3261 1863 3309 6.
1891 3257 2119 3323 Imperio.
2147 3258 2271 3307 Cum
2292 3257 2492 3323 imperio
2511 3275 2616 3306 esse
2642 3258 2770 3305 dice-

629 3347 813 3394 ‹licitnr
839 3342 979 3391 illum
1011 3340 1309 3388 citharistam
1331 3333 1541 3384 artificio
1567 3349 1657 3382 suo
1744 3338 1912 3399 batur,
1949 3339 2031 3385 cui
2058 3338 2343 3387 nominatim
2373 3354 2401 3386 a
2435 3339 2627 3404 populo
2669 3340 2771 3402 lege

631 3418 1221 3488 supmsse,j0cose‚qui⁸
1240 3414 1367 3463 intus
1383 3424 1656 3469 canentem,
1749 3417 1936 3467 curiata
1969 3417 2195 3467 mndata
2230 3428 2333 3466 erat
2371 3417 2514 3482 plena
2555 3429 2771 3482 potestas

632 3504 687 3550 in
725 3499 908 3547 intimis
945 3497 1133 3546 adibus
1167 3502 1398 3560 posuerat
1413 3528 1427 3550 ,
1457 3502 1512 3540 ut
1546 3509 1658 3540 enm
1745 3498 1817 3550 rei
1843 3495 2065 3544 militaris
2089 3513 2181 3545 suo
2208 3496 2418 3546 consilio
2433 3534 2449 3559 ‚
2483 3498 2537 3545 in
2552 3514 2641 3547 sna
2668 3512 2772 3562 pm-

635 3579 775 3645 quasi
820 3577 1020 3625 imerius
1064 3590 1236 3623 canere
1284 3571 1499 3621 doceret.
1537 3573 1656 3622 Vid.
1749 3574 1909 3625 vincia
1927 3607 1944 3634 ,
1980 3573 2396 3627 administranda.
2437 3578 2542 3626 Tit.
2580 3577 2771 3632 Livius,

637 3662 820 3708 Erssm.
848 3653 1005 3718 Adag.
1753 3655 1962 3715 xxv1,
1986 3669 2069 3701 αι.

715 3747 764 3794 4.
787 3733 1034 3783 Asconius
1059 3748 1161 3780 non
1181 3732 1399 3796 agnoscit
1427 3747 1534 3779 suo.
1551 3729 1665 3779 Sch.
1826 3735 1968 3781 xxl.
1995 3748 2040 3780 ι.
2081 3736 2135 3781 L.
2167 3735 2423 3784 Mummio.
2461 3737 2537 3783 De
2564 3734 2774 3782 maximo

645 3815 840 3865 delevit.
1753 3814 1844 3863 illo
1882 3813 2136 3878 signorum
2174 3824 2222 3861 et
2262 3813 2533 3862 tabularum
2566 3823 2778 3862 contem·

718 3896 767 3942 5.
790 3895 972 3957 Pergae.
992 3893 1175 3937 Fanum
1199 3891 1298 3938 hoe
1320 3891 1543 3953 proxime
1560 3891 1671 3937 Per·
1757 3905 1899 3959 ptore
1918 3927 1934 3953 ‚
1973 3892 2057 3942 adi
2095 3892 2252 3941 strab.
2267 3895 2408 3941 vm.
2444 3896 2612 3941 Front.
2635 3893 2777 3940 strat.

642 3991 752 4041 gam
779 3981 903 4028 erat,
932 3968 1231 4033 Pamphyliae
1264 3968 1449 4016 urbem.
1479 3970 1672 4032 Pergae·
1759 3976 1849 4032 lv,
1874 3973 1928 4032 3,
1957 3969 2035 4023 15.
2056 3972 2217 4022 Ceteri
2237 3972 2459 4019 notiores
2471 3981 2618 4032 sunt,
2637 3987 2780 4035 qnam

639 4055 796 4105 Diam
833 4047 1096 4115 saepissime
1129 4048 1180 4097 in
1212 4049 1423 4097 nummis
1456 4049 1671 4112 antiquis
1762 4063 1816 4101 nt
1835 4052 1897 4100 de
1919 4052 2014 4100 illis
2039 4053 2337 4101 mentionem
2362 4050 2642 4101 habeamus.
