3044 4788
645 401 760 470 IN
811 400 1237 469 VERREM
1285 400 1498 468 ACT.
1549 399 1659 484 11,
1709 402 1903 468 Lm.
1956 401 2009 467 1.
2250 425 2391 497 299

256 525 397 594 vici
428 548 446 592 ε
479 543 632 591 non
670 525 868 592 enim
905 522 1134 619 spolia
1183 515 1576 608 C.'Verris‚
1615 520 1741 592 sed
1787 523 2391 594 existimationem

256 631 517 732 populi
556 620 839 702 romani
874 632 1259 729 concupivi
1282 640 1325 700 ¹.
1362 633 1613 701 Meum
1649 628 1787 701 fuit
1822 655 1991 701 cum
2028 655 2240 701 causa
2273 655 2395 702 ac-

255 741 515 814 cedere
543 740 635 811 ad
658 740 1183 829 accusandum3
1217 765 1380 837 quae
1413 764 1626 812 causa
1656 740 1793 813 fuit
1806 740 2142 836 justior²‚
2174 766 2395 839 quam

254 877 301 923 a
332 866 478 922 tam
506 851 767 922 illustri
789 852 1160 947 provincia
1176 848 1636 922 defensorem
1666 853 2012 923 constitui
2042 864 2114 920 et
2141 849 2396 949 deligi?

253 959 679 1059 reipublicae
696 961 1077 1033 consulere
1099 956 1127 1004 ³
1150 987 1169 1050 ;
1198 960 1377 1058 quid
1390 961 1541 1056 jam
1562 960 1975 1058 reipublicae
1997 959 2396 1051 honestius,

255 1096 478 1169 quam
497 1075 575 1143 in
603 1085 804 1143 tanta
832 1070 1102 1142 invidia
1130 1071 1576 1166 judiciorum
1605 1070 1963 1144 adducere
1985 1070 2398 1159 hominem,

255 1182 466 1278 cujus
497 1182 962 1259 damnatione
1001 1195 1200 1253 totus
1237 1180 1420 1252 ordo
1458 1205 1627 1252 cum
1665 1181 1942 1279 populo
1977 1206 2285 1252 romano
2322 1195 2396 1252 et

254 1294 330 1362 in
369 1290 584 1362 laude
614 1292 793 1361 etin
817 1294 1046 1388 gratia
1074 1294 1306 1390 possit
1332 1291 1533 1362 esse?
1568 1290 1953 1362 ostendere
1988 1315 2070 1362 ac
2105 1314 2396 1389 persua-

256 1398 475 1489 dere,
515 1399 894 1472 hominem
933 1415 1320 1471 nocentem
1376 1400 1776 1471 adductum
1832 1424 2028 1491 esse3
2076 1404 2242 1498 quis
2287 1416 2398 1474 est

188 1594 191 1599 Ι
259 1512 338 1579 in
367 1510 647 1608 populo
672 1534 1000 1598 roman0‚
1020 1513 1148 1609 qui
1176 1510 1318 1582 hoc
1343 1536 1493 1582 non
1528 1538 1617 1583 ex
1647 1514 1888 1610 priore
1921 1514 2206 1583 actione
2239 1510 2398 1583 abs-

260 1619 599 1706 tulerit⁴‚
645 1622 974 1690 omnium
1033 1634 1199 1691 ante
1251 1619 1759 1692 damnatorum
1811 1621 2111 1707 scelera,
2170 1618 2360 1692 furta
2380 1672 2402 1707 ‚

260 1727 567 1826 flagitia,
594 1732 651 1801 si
680 1733 754 1799 in
779 1736 1015 1801 unum'
1039 1730 1285 1801 locum·
1315 1729 1808 1819 conferantur,
1834 1734 1955 1802 vix
1982 1756 2148 1803 cum
2177 1729 2397 1825 hujus

256 1858 477 1938 parva
513 1855 715 1939 parte
752 1845 1023 1938 aequari
1061 1838 1528 1938 conferrique
1563 1843 1820 1940 posse?
1847 1844 1995 1911 Vos
2014 1893 2034 1927 ‚
2075 1839 2277 1938 quod
2305 1838 2396 1909 ad

256 1964 568 2021 vestram
620 1949 928 2037 famam,
987 1953 1644 2039 existimationem,
1688 1950 2144 2047 salutemque
2195 1973 2398 2019 com-

256 2084 555 2132 munem
581 2064 899 2158 pertinet
916 2114 936 2146 ‚
949 2060 1254 2154 judica,
1279 2062 1677 2159 prospicite
1699 2074 1921 2157 atque
1951 2058 2307 2130 consulite
2323 2053 2352 2099 ⁵
2377 2084 2395 2126 ε

256 2170 607 2269 splendor
640 2185 878 2243 vester
915 2168 1119 2260 facit,
1164 2185 1249 2241 ut
1284 2196 1585 2270 peccare
1628 2173 1784 2242 sine
1826 2192 2119 2241 summo
2155 2171 2400 2265 reipu-

257 2280 465 2353 blicae
495 2281 934 2353 detrimento
969 2305 1053 2352 ac
1094 2282 1421 2380 periculo
1465 2307 1618 2353 non
1655 2284 1967 2380 possitis.
2005 2282 2172 2351 Non
2202 2280 2398 2350 enim

258 2406 500 2490 potest
529 2417 818 2491 sperare
844 2391 1166 2491 populus
1198 2417 1578 2482 romanus,
1602 2417 1756 2465 esse
1789 2391 1964 2465 alios
2001 2394 2077 2462 in
2110 2404 2399 2477 senatu,

160 2531 163 2534 ·
257 2506 396 2598 qui
438 2516 631 2573 recte
661 2505 940 2600 possint
962 2502 1321 2597 judicare,
1358 2527 1488 2574 vos
1521 2506 1582 2574 si
1619 2528 1773 2574 non
1814 2503 2218 2599 potueritis,
2256 2505 2399 2572 Ne-

256 2636 458 2683 cesse
520 2625 629 2683 est
657 2664 677 2700 ‚
736 2637 963 2709 quum
1024 2613 1115 2685 de
1168 2627 1328 2685 toto
1379 2613 1639 2686 ordine
1700 2611 2099 2709 desperarit
2120 2663 2140 2697 ‚
2202 2607 2397 2679 aliud

256 2721 524 2820 genus⁶
542 2722 929 2793 hominum
950 2738 1170 2820 atque
1193 2723 1402 2794 aliam
1430 2726 1792 2794 rationem
1816 2719 2260 2818 judiciorum
2285 2743 2398 2789 re-

256 2835 518 2928 quirat.
556 2837 710 2903 Hoc
739 2835 799 2902 si
832 2831 1038 2902 vobis
1073 2832 1240 2903 ideo
1272 2833 1499 2904 levius
1536 2831 1848 2920 videtur,
1885 2829 2087 2928 quod
2127 2831 2397 2928 putatis

255 2965 449 3014 onus
467 2966 623 3014 esse
650 2966 863 3040 grave
882 2954 909 2999 ⁷
927 2956 999 3012 et
1016 2942 1568 3015 incommodum
1582 2997 1602 3032 ‚
1612 2941 1935 3038 judicare
1954 2967 1974 3029 3
1995 2939 2394 3037 intelligere

256 3050 542 3124 debetis
593 3057 953 3150 primum,
1020 3057 1405 3139 interesse,
1456 3068 1705 3124 utrum
1749 3051 1825 3122 id
1876 3076 2064 3122 onus
2113 3062 2395 3121 vosmet

254 3163 396 3260 ipsi
439 3163 858 3259 rejeceritis,
933 3188 1062 3248 an,
1120 3162 1327 3259 quod
1388 3162 1699 3262 probare
1755 3160 2037 3260 populo
2089 3182 2394 3230 romano

326 3416 467 3463 VIII.
487 3430 509 3462 r
521 3449 536 3464 .
554 3415 766 3480 concup.
782 3416 899 3465 Non
909 3427 964 3464 nt
984 3415 1279 3481 quadrupla-

252 3505 410 3553 tores,
425 3505 670 3557 umquam
686 3495 879 3543 boetem
901 3495 1150 3544 devictum
1167 3512 1281 3560 spo·

251 3573 371 3621 liare
406 3572 573 3634 volui;
614 3574 818 3637 qumivi
849 3585 1036 3623 tantum
1071 3586 1127 3623 ut
1155 3576 1281 3625 bene

251 3651 316 3699 de
337 3669 414 3700 me
432 3652 647 3717 populus
667 3668 791 3701 rom.
811 3655 1123 3713 existimaret,
1134 3671 1281 3719 quem

249 3729 440 3779 videret
470 3747 582 3780 cum
604 3733 736 3792 iusta
764 3748 908 3781 cansa
937 3736 1191 3782 accessisse
1217 3734 1280 3783 ad

249 3811 608 3874 accusandum,
652 3812 691 3859 i.
729 3828 774 3859 e.
820 3829 957 3862 reum
997 3814 1281 3862 nocentissi-

249 3905 386 3936 mum
410 3890 462 3937 in
479 3890 720 3954 judicium
743 3890 1023 3939 adduxisse.

323 3983 376 4017 α.
411 3969 545 4018 Male
584 3969 772 4033 aliquot
814 3971 941 4018 MSS
971 4003 988 4029 ‚
1030 3968 1280 4019 illustrior.

250 4049 285 4096 J
291 4080 306 4095 .
324 4049 389 4094 V.
411 4050 467 4096 L.
560 4079 563 4082 π

324 4126 373 4175 3.
400 4127 677 4176 Consulem.
704 4129 746 4175 A
768 4128 1100 4193 superioribus
1120 4127 1279 4176 verbis

1365 3427 1524 3460 meum
1538 3411 1649 3477 fuit
1673 3410 1870 3476 pendet.
1894 3413 2061 3460 Graev.
2089 3406 2238 3456 hahet
2263 3426 2285 3449 ι
2306 3406 2399 3454 rei-

1367 3492 1675 3556 publicaeque
1699 3490 1952 3539 consulere
1965 3511 2013 3538 ιι.

1438 3578 1489 3626 4.
1510 3570 1793 3620 Abstulerie.
1807 3570 2090 3617 Persuasum
2109 3566 2295 3615 habene
2321 3582 2396 3614 re·

1368 3651 1580 3700 cesserit.

1442 3730 1491 3781 5.
1521 3729 1782 3778 Consulite.
1817 3728 1944 3777 Nam
1982 3742 2075 3792 ego
2096 3761 2113 3787 ,
2149 3725 2287 3790 quod
2331 3724 2396 3772 ad

1367 3826 1446 3858 me
1469 3810 1675 3868 attinet,
1710 3807 1829 3858 vici.

1438 3893 1490 3940 6.
1535 3889 1695 3938 Aliud
1733 3905 1901 3954 gemu-
1936 3886 2103 3936 Alium
2144 3885 2397 3945 ordinem,

1369 3979 1642 4035 equestrem
1659 3968 1864 4017 scilicet.

1444 4066 1495 4109 7.
1538 4049 1719 4097 Grave.
1747 4046 1897 4110 Quod
1936 4045 2104 4095 multe
2139 4046 2237 4094 sint
2282 4043 2399 4093 enb-

1369 4129 1547 4177 eundae
1564 4127 1846 4176 inimicitie.
