3044 4788
553 358 693 403 220
1191 337 1286 402 M.
1339 337 1416 402 T.
1475 337 2032 405 CICERONIS

542 453 741 525 veuit
800 454 874 522 in
927 455 1471 525 contentionem
1536 454 1626 526 de
1685 454 2126 541 accusandO,
2176 455 2306 550 qui
2363 471 2691 550 quaestor
2736 515 2743 516 κ

539 561 790 634 fuisset
808 616 827 649 ,
864 564 1046 661 quin
1073 561 1603 661 repudiaretur.
1634 568 1887 661 Itaque
1916 587 2160 660 neque
2188 567 2269 632 L.
2295 562 2582 633 Philoni
2619 576 2687 607 ¹⁶

543 675 617 744 in
656 679 731 745 C.
762 674 1135 744 Servilium
1183 675 1496 744 nominis
1546 671 1916 745 deferendi
1963 687 2283 770 potestas
2327 687 2435 743 est
2479 671 2686 758 data,

543 807 782 880 neque
826 786 922 851 M.
955 781 1248 853 Aurelio
1292 786 1563 854 Scauro
1597 786 1675 854 in
1721 788 1801 854 L.
1847 782 2219 867 Flaccum,
2266 806 2507 878 neque
2542 785 2679 852 Cn.

540 893 889 988 Pompeio
916 901 970 934 ¹¹
1026 892 1103 962 in
1139 898 1214 963 T.
1251 893 1632 965 Albucium
1673 921 1690 963 ε
1736 917 2052 990 quorum
2108 916 2324 963 nemo
2376 905 2685 989 propter

546 1001 1051 1098 indignitatem
1089 1001 1512 1101 repudiatus
1558 1018 1705 1090 est,
1762 1002 1887 1074 sed
1934 1028 2029 1073 ne
2067 999 2290 1072 libido
2331 998 2683 1071 violandae

546 1108 1102 1182 necessitudinis
1159 1114 1585 1184 auctoritate
1645 1111 1977 1208 judicum
2058 1109 2679 1207 comprobaretur.

543 1225 779 1314 Atque
803 1218 921 1290 ille
949 1224 1079 1291 Cn.
1111 1224 1495 1321 Pompeius
1530 1225 1629 1291 ita
1657 1246 1824 1292 cum
1860 1227 1937 1294 C.
1963 1221 2153 1292 Julio
2176 1231 2235 1263 ¹²
2268 1219 2676 1305 contendit,

546 1342 631 1398 ut
655 1342 734 1399 tu
757 1352 1062 1401 mecum.
1083 1333 1416 1420 Quaestor
1441 1333 1634 1402 enim
1664 1331 1946 1403 Albucii
1976 1329 2248 1420 fuerat,
2283 1345 2365 1400 ut
2394 1345 2474 1400 tu
2502 1336 2677 1401 Ver-

543 1439 661 1509 ris.
700 1439 928 1511 Julius
969 1440 1111 1512 hoc
1147 1466 1392 1513 secum
1430 1442 1874 1512 auctoritatis
1917 1440 2007 1511 ad
2044 1438 2529 1512 accusandum
2574 1437 2675 1509 af-

537 1545 812 1622 ferebat
830 1605 851 1636 ,
881 1550 1116 1648 quod,
1147 1564 1228 1621 ut
1252 1550 1394 1622 hoc
1417 1565 1749 1649 tempore
1785 1575 1919 1621 nos
1946 1550 2038 1621 ab
2070 1551 2323 1621 Siculis
2341 1603 2361 1637 ,
2388 1551 2489 1620 sic
2521 1563 2676 1619 tum

540 1657 660 1730 ille
695 1657 787 1729 ab
829 1660 1067 1730 Sardis
1100 1673 1394 1757 rogatus
1415 1715 1435 1746 ,
1471 1659 1564 1731 ad
1602 1685 1887 1731 causam
1925 1674 2341 1732 accesserat.
2376 1663 2678 1756 Semper

542 1766 692 1838 haec
732 1792 944 1839 causa
981 1767 1378 1865 plurimum
1420 1772 1679 1858 valuit3
1728 1795 2015 1869 semper
2055 1770 2207 1841 haec
2242 1771 2425 1841 ratio
2466 1792 2675 1840 accu-

537 1875 739 1948 sandi
790 1876 926 1948 fuit
974 1877 1509 1968 honestissima,
1555 1906 1691 1979 pro
1735 1883 1984 1968 sociiS,
2040 1905 2175 1978 pro
2227 1880 2451 1951 salute
2506 1903 2673 1976 pro-

539 1988 786 2058 vinciae
804 2040 823 2073 ,
844 2009 978 2082 pro
1003 2002 1410 2060 exterarum
1431 1994 1815 2063 nationum
1841 1989 2246 2062 commodis
2278 1989 2677 2060 inimicitias

538 2097 936 2192 suscipere,
964 2095 1056 2166 ad
1092 2097 1496 2194 periculum
1537 2101 1875 2173 accedere
1900 2155 1920 2190 ,
1947 2124 2246 2198 operam
2270 2154 2289 2187 ‚
2322 2099 2673 2181 studium,

541 2203 867 2277 laborem
904 2207 1393 2305 interponere.

632 2321 792 2387 XX.
829 2319 1111 2389 Etenim
1149 2320 1205 2389 si
1237 2319 1634 2419 probabilis
1677 2336 1785 2392 est
1821 2345 2073 2392 eorum
2112 2341 2362 2404 causa,
2404 2319 2532 2415 qui
2566 2318 2676 2386 iu-

535 2425 758 2521 jurias
787 2451 951 2499 suas
985 2430 1328 2526 persequi
1357 2430 1650 2519 volunt,
1678 2457 1821 2529 qua
1850 2434 1924 2501 in
1957 2456 2036 2502 re
2065 2429 2301 2501 dolori
2333 2453 2490 2515 sun,
2527 2452 2676 2498 non

543 2535 954 2634 reipublicae
992 2537 1393 2608 commodis
1430 2541 1792 2628 serviunt;
1832 2555 2109 2639 quanto
2149 2539 2270 2610 illa
2301 2562 2511 2610 causa
2540 2538 2671 2608 ho-

545 2646 840 2733 nestior,
878 2671 1037 2743 quae
1075 2673 1225 2718 non
1266 2647 1498 2719 solum
1534 2649 1938 2747 ,probabilis
1977 2650 2235 2736 videri,
2293 2647 2416 2718 sed
2464 2649 2671 2718 etiam

541 2770 742 2850 grata
781 2779 931 2827 esse
977 2756 1240 2841 debet,
1288 2757 1486 2829 nulla
1524 2761 1851 2856 privatim
1892 2775 2183 2857 accepta
2218 2758 2514 2853 injuria,
2558 2782 2672 2828 so-

544 2865 820 2934 ciorum
859 2879 1076 2962 atque
1117 2868 1515 2940 amicorum
1557 2870 1811 2967 populi
1843 2871 2124 2941 romani
2169 2868 2422 2939 dolore
2458 2881 2674 2963 atque

542 2974 820 3071 injuriis
840 2980 1320 3048 commoveri?
1347 2981 1601 3075 Nuper
1638 3004 1866 3076 quum
1893 2984 1971 3050 in
2001 2984 2075 3049 P.
2110 2977 2533 3049 Gabinium¹
2570 2978 2675 3045 vir

546 3084 974 3159 fortissimus
1026 3102 1099 3160 et
1157 3089 1834 3177 innocentissimus,
1890 3093 1965 3160 L.
2023 3092 2185 3157 Piso
2239 3085 2672 3158 delationem
2758 3146 2774 3155 .

546 3198 860 3269 nominis
901 3196 1343 3296 postularet,
1412 3213 1484 3268 et
1520 3214 1771 3269 contra
1831 3202 1917 3287 Q.
1951 3196 2316 3269 Caecilius²
2359 3209 2674 3294 peteret,

623 3421 700 3457 ιο.
759 3411 814 3459 L.
854 3408 1066 3458 Philoni.
1118 3407 1292 3457 Omnia
1341 3411 1563 3475 exempla
1651 3413 1858 3460 maxime
1886 3410 1946 3458 de
1972 3408 2121 3459 Offic.
2150 3412 2225 3468 11,
2266 3419 2327 3466 14
2349 3446 2363 3470 ‚
2400 3409 2484 3457 ubi
2507 3408 2675 3456 dehac

546 3497 659 3534 sunt
684 3500 1008 3551 quaestorum,
1036 3486 1216 3552 quibus
1250 3502 1365 3535 suos
1385 3499 1564 3553 praeto-
1651 3507 1702 3538 re
1721 3490 2011 3554 disputatur.
2032 3490 2143 3551 Qua
2168 3500 2325 3536 morte
2351 3489 2494 3536 suerit
2514 3486 2674 3534 subla-

545 3581 621 3614 τοι
638 3581 863 3613 accusare
883 3582 985 3615 non
1008 3578 1080 3615 est
1113 3569 1413 3631 pemissum.
1441 3568 1561 3618 Vid.
1654 3581 1732 3618 tus
1754 3580 1978 3616 narratur
2005 3568 2064 3616 de
2092 3572 2228 3618 Orat.
2250 3571 2350 3628 111,
2380 3569 2427 3616 3.

547 3644 657 3693 Ind.
678 3645 863 3694 Histor.
1722 3649 1845 3695 XX.
1874 3664 1917 3696 ι.
1939 3651 1997 3696 1².
2021 3648 2194 3696 Gabin-
2225 3650 2410 3695 Praetor
2428 3646 2520 3693 fuit
2546 3661 2675 3691 anno

622 3739 700 3771 υ.
734 3725 821 3771 Cn.
850 3726 1103 3789 Pompeio.
1135 3725 1384 3777 Straboni·
1420 3728 1565 3775 Pom·
1654 3727 1772 3776 665.
1800 3728 1918 3776 Inde
1943 3729 2128 3776 Achaia
2164 3726 2293 3775 foede
2314 3725 2643 3773 administrata
2662 3757 2676 3779 ,

543 3802 642 3869 peii
666 3802 833 3868 Magni
860 3815 996 3868 pater
1018 3805 1131 3853 suit.
1654 3806 1714 3853 ab
1747 3808 1939 3855 Acbaeis
1977 3805 2356 3871 repetundarum
2394 3814 2464 3850 est
2505 3813 2679 3867 postu-

623 3897 704 3932 ια.
740 3883 795 3931 C.
832 3882 981 3932 Iulio.
1013 3885 1202 3932 Caesare
1232 3895 1451 3942 oratore,
1479 3886 1564 3947 qui
1655 3885 1794 3933 latus.

544 3963 711 4028 lepore
736 3974 786 4012 et
811 3963 996 4011 facetiis
1019 3963 1263 4013 excelluit.
1306 3963 1442 4011 Alius
1471 3964 1565 4012 suit
1727 3981 1777 4012 2.
1817 3968 1875 4028 Q.
1919 3963 2150 4013 &cilium
2193 3960 2422 4009 Metellus
2442 3993 2455 4017 ,
2504 3956 2675 4005 Numi·

544 4060 601 4090 ac
630 4042 854 4091 dictator.
881 4041 999 4091 Vid.
1026 4042 1086 4092 de
1111 4046 1246 4093 orat.
1276 4045 1353 4105 11,
1395 4044 1482 4103 58,
1515 4053 1563 4091 et
1654 4043 1805 4090 dicus.
