3044 4788
626 332 786 432 xxvj
1406 331 1945 401 PRAEFATIO

623 464 1045 533 Ciceronem
1090 452 1167 523 iu
1212 477 1296 524 ea
1344 477 1424 523 re
1474 455 1960 550 vituperatum
2008 475 2158 523 non
2201 454 2288 523 iri
2329 448 2613 524 affirmo
2651 454 2743 527 ab

621 590 748 657 e0,
800 568 928 664 qui
976 578 1392 660 temporum
1437 560 1707 658 quibus
1747 560 1866 633 ille
1912 562 2166 648 vixit¹,
2219 565 2568 635 rationem
2613 566 2747 636 ha-

617 679 894 761 buerit;
933 689 1151 772 atque
1188 673 1592 744 meminerit
1635 672 1972 744 Solonem
2023 670 2229 742 illum
2252 726 2272 759 ,
2310 688 2530 771 atque
2570 674 2747 746 alios

622 789 954 860 homines
996 784 1564 882 sapientissimos
1614 784 2156 870 existimavisse,
2209 783 2510 855 civitatis
2552 784 2749 857 illius

623 898 981 996 optimum
1017 918 1173 965 esse
1213 907 1512 978 statum,
1548 893 1626 961 in
1676 916 1822 988 qua
1864 892 2292 986 injuriarum
2341 908 2709 964 auctorem
2733 949 2750 979 ‚

621 1028 773 1075 non
810 1002 1045 1074 solum
1086 1003 1217 1097 qui
1262 1000 1450 1098 passi
1489 1013 1733 1070 essent
1772 999 2149 1094 injuriam,
2193 999 2323 1071 sed
2371 1003 2584 1072 etiam
2620 992 2752 1100 qui

624 1117 810 1211 passi
854 1135 1003 1183 non
1050 1124 1331 1197 essent,
1378 1109 1920 1181 ulciscerentur.
1965 1110 2172 1180 Plura
2216 1109 2564 1200 dicerem,
2611 1117 2750 1184 nisi

624 1226 1048 1293 Ciceronem
1079 1234 1403 1291 veterum
1437 1218 1665 1305 dicta,
1697 1221 2106 1308 sententiae,
2137 1220 2363 1317 leges,
2402 1236 2475 1292 et
2512 1248 2754 1296 mores

626 1334 796 1404 satis
833 1345 1274 1403 excusarent.
2133 1393 2139 1399 .

725 1443 970 1514 Suavis
1008 1454 1114 1510 est
1176 1437 1314 1535 (de
1351 1441 1544 1507 Orat.
1585 1440 1686 1524 II,
1737 1434 1905 1530 54),
1955 1450 2028 1507 et
2061 1438 2529 1511 vehementer
2562 1467 2755 1540 saepe

628 1552 823 1624 utilis
855 1550 1062 1645 jocus
1094 1573 1110 1616 ε
1148 1545 1463 1616 multum
1502 1547 1578 1615 in
1615 1544 1828 1616 causa
1869 1570 2185 1668 persaepe
2223 1546 2494 1622 facetiis
2529 1551 2753 1648 profi-

629 1664 838 1730 citur.
877 1656 1017 1729 Sed
1044 1655 1347 1751 hujusce
1372 1655 1657 1727 virtutis
1694 1656 2171 1752 adipiscendae
2206 1675 2478 1754 quanta
2505 1663 2595 1732 sit
2623 1662 2759 1733 dif-

631 1769 909 1841 ficultas
944 1765 1061 1838 vel
1094 1765 1244 1836 duo
1275 1767 1566 1837 maximi
1599 1779 1919 1836 oratores
1955 1767 2284 1863 (Quintil.
2315 1768 2504 1858 LVI,
2552 1796 2611 1843 c.
2645 1772 2757 1868 3),

630 1881 813 1950 alter
845 1898 1108 1973 graecae,
1147 1874 1326 1945 alter
1352 1874 1586 1944 latinae
1610 1875 2039 1971 eloquentiae
2062 1880 2436 1975 princeps,
2463 1878 2756 1953 docent.

632 1993 813 2059 Nam
850 1986 1180 2084 plerique
1237 1984 1709 2055 Demostheni
1760 1982 2170 2056 facultatem
2212 1979 2431 2081 hujus
2485 1995 2590 2062 rei
2627 1991 2757 2062 de-

632 2096 851 2168 fuisse
893 2094 1235 2180 credunt,
1270 2096 1600 2165 Ciceroni
1639 2093 1964 2164 modum.
1997 2101 2068 2166 Is
2096 2098 2293 2165 enim
2334 2121 2484 2168 non
2522 2100 2764 2171 solum

635 2223 835 2280 extra
864 2203 1173 2301 judicia,
1221 2203 1346 2275 sed
1386 2198 1462 2274 in
1509 2204 1702 2301 ipsis,
1726 2209 1941 2274 etiam
1984 2205 2434 2279 orationibus
2470 2208 2765 2284 habitus

636 2332 745 2389 est
784 2318 1047 2387 nimius
1084 2317 1160 2384 in
1194 2317 1379 2402 risu;
1423 2312 1622 2384 u‘nde
1657 2318 1833 2385 Cato
1872 2314 2074 2385 illum
2110 2317 2490 2416 appellavit
2532 2322 2762 2392 «ridi-

641 2428 886 2498 culum
922 2425 1340 2497 consulem»
1374 2428 1448 2494 in
1477 2448 1685 2495 causa
1711 2430 2076 2512 Murenae;
2132 2426 2223 2499 ab
2251 2432 2558 2504 inimicis
2587 2456 2764 2505 vero

638 2562 928 2609 «scurra
958 2535 1354 2608 consularis
1376 2565 1409 2600 n
1428 2534 1825 2632 appellatus
1844 2551 1972 2607 est.
1998 2540 2359 2610 Ciceronis
2392 2540 2768 2615 urbanitas

638 2648 712 2717 in
746 2646 955 2717 dictis
993 2659 1066 2715 et
1089 2644 1268 2738 jocis
1290 2697 1309 2730 ‚
1348 2644 1591 2738 inquit
1620 2643 2043 2716 Plutarchus
2079 2647 2185 2739 (in
2218 2652 2441 2721 Cicer.
2468 2674 2621 2751 cap.
2653 2659 2767 2750 4),

641 2783 681 2826 a
703 2758 1063 2855 principio
1091 2752 1385 2850 quidem
1407 2777 1522 2823 res
1538 2751 1894 2848 judicialis
1919 2772 1990 2826 et
2005 2757 2329 2852 jucunda
2350 2761 2767 2834 videbatur:

642 2866 770 2938 sed
799 2889 884 2937 ea
918 2880 1145 2960 quum
1189 2861 1280 2933 ad
1317 2865 1712 2933 satietatem
1750 2889 1982 2962 usque
2019 2867 2459 2957 abuteretur,
2499 2873 2770 2948 multos

644 2973 981 3061 offendit,
1017 2973 1186 3043 etin
1214 2995 1370 3042 eam
1388 2974 1588 3042 venit
1612 2976 2059 3070 opinionem,
2090 2992 2169 3046 ut
2194 2993 2450 3049 natura
2475 3003 2772 3076 perver-

640 3110 764 3157 sus
790 3107 943 3155 esse
967 3079 1401 3153 crederetur.
1436 3086 1598 3152 Haec
1618 3079 1753 3151 fuit
1776 3080 1867 3153 de
1888 3086 2251 3155 Ciceronis
2269 3086 2452 3181 jocis
2483 3092 2772 3185 opinio,

645 3192 774 3265 sed
805 3192 927 3263 illa
953 3190 1248 3288 quidem
1277 3190 1789 3261 malivolorum
1813 3244 1833 3277 ,
1871 3193 1976 3260 uti
2022 3190 2331 3265 diximus
2354 3250 2373 3281 ,
2428 3212 2503 3267 et
2537 3200 2773 3270 inimi-

644 3328 920 3376 corum.
950 3306 1223 3373 Verum
1257 3304 1383 3396 qui
1413 3299 1593 3371 nihil
1628 3299 2041 3370 habuerunt
2072 3327 2299 3373 causae
2342 3328 2474 3375 cur
2516 3315 2773 3390 meuti-

642 3428 930 3497 rentur,
985 3413 1035 3479 ii
1082 3409 1501 3480 Ciceronem
1555 3423 1635 3479 ut
1673 3409 1964 3503 jocandi
2009 3414 2518 3508 peritissimum
2569 3442 2770 3489 com-

643 3520 1105 3593 mendarum.
1134 3516 1484 3588 Observat
1515 3517 2276 3614 Macrobius(Saturu.
2296 3527 2399 3613 ΙΙ,
2439 3527 2502 3623 1)
2547 3527 2773 3617 dum,

647 3653 833 3727 quos
882 3626 1512 3724 eloquentissimos
1580 3630 1879 3725 antiqua
1946 3644 2110 3700 aetas
2159 3631 2360 3722 tulit,
2412 3640 2772 3709 comicum

647 3741 977 3812 Plautum
999 3793 1018 3826 ,
1056 3752 1129 3808 et
1154 3750 1514 3808 oratorem
1543 3737 1893 3824 Tullium,
1924 3740 2136 3811 etiam
2168 3742 2260 3813 ad
2284 3744 2614 3837 jocorum
2647 3773 2772 3821 ve-

368 3833 373 3836 *
507 3859 568 3902 ²³1
650 3864 1010 3921 nustatem
1037 3848 1290 3919 ceteris
1316 3850 1745 3942 praestitisse.
1770 3845 1992 3939 Quod
2015 3852 2114 3922 ita
2146 3875 2299 3952 esse
2317 3851 2622 3952 Fabius(
2645 3857 2774 3930 ubi

725 4078 772 4109 ι.
802 4059 982 4109 seb-st.
1005 4059 1145 4107 Corr-
1170 4051 1451 4119 questura,
1486 4074 1603 4122 pag.
1631 4061 1749 4113 432.
