3044 4788
658 388 792 477 548
1444 383 1974 455 EXCURSUS

650 514 896 576 tionem
926 512 994 573 in
1022 509 1328 575 omnibus
1358 507 1706 596 provinciis
1734 505 2046 594 aequalem
2072 527 2208 570 non
2242 506 2439 570 fuisse
2465 503 2790 570 credibile

649 618 769 700 sit;
814 615 928 682 sed
956 615 1275 680 di‘versam
1308 636 1448 679 eam
1486 612 1685 677 fuisse
1714 634 1835 701 pro
1871 612 2123 675 ratione
2155 612 2371 701 legum
2404 611 2788 699 provincia·

646 725 844 806 lium;
875 739 990 786 aut
1017 719 1350 786 locationis
1382 719 1725 803 censoriae3
1755 734 1870 781 aut
1902 740 2123 781 rerum
2149 718 2437 805 ipsarum
2465 740 2624 804 quae
2656 718 2787 781 im·

643 841 1080 919 portarentur,
1117 842 1231 888 aut
1262 836 1776 910 exportarentur.
1800 823 1879 886 In
1906 821 2134 887 Siciliae
2170 838 2370 910 portu
2400 822 2788 886 vicesimam

644 934 956 999 mercium
1007 945 1288 995 exactam
1339 929 1537 993 fuisse
1589 929 1914 1018 colligitur
1949 950 2027 993 ex
2069 929 2419 1011 Cicerone,
2455 928 2648 992 Verr.
2677 930 2785 1010 Π,

646 1061 785 1128 cap.
818 1037 922 1124 75.

727 1144 824 1206 Ex
847 1143 987 1230 lege
1003 1161 1147 1226 quae
1178 1139 1485 1204 recitatur
1510 1138 1686 1227 apud
1715 1138 1989 1222 Quintil.
2022 1138 2305 1203 Declam.
2338 1136 2506 1225 359,
2541 1161 2783 1203 omnes

642 1269 743 1311 res
768 1245 1323 1333 quadragesimam
1355 1245 1702 1333 publicano
1726 1243 2071 1308 debebant.
2095 1245 2182 1309 At
2210 1243 2364 1323 ubi?
2390 1259 2462 1307 at
2491 1266 2781 1331 quarum

635 1351 968 1415 civitatum
1000 1350 1071 1415 in
1091 1349 1335 1439 portu?
1364 1350 1465 1413 lex
1484 1371 1620 1413 non
1647 1347 1894 1413 definit.
1924 1350 2135 1436 Atque
2157 1371 2230 1412 ea
2253 1364 2548 1437 tempora
2574 1350 2776 1439 signi·

635 1454 784 1521 ficat
807 1454 1272 1539 Quintilianus,
1289 1478 1432 1542 quae
1451 1454 1780 1542 pertinent
1804 1453 1887 1517 ad
1917 1454 2368 1544 imperatores;
2394 1476 2615 1541 quum
2648 1477 2779 1518 res-

632 1560 891 1649 publica
927 1562 1060 1640 jam
1107 1560 1333 1624 fuisset
1377 1583 1415 1623 a
1461 1559 1816 1623 Caesaribus
1869 1579 2177 1646 oppressa
2213 1582 2229 1622 ε
2274 1581 2473 1647 porro
2518 1560 2631 1623 lex
2682 1577 2781 1624 est

634 1663 984 1746 ejusmodi:
1018 1696 1044 1721 ι
1064 1666 1303 1730 Proeter
1333 1665 1764 1729 instrumenta
1795 1664 2080 1745 itineris»,
2099 1685 2323 1729 omnes
2352 1687 2454 1728 res
2487 1664 2779 1752 quadra-

638 1771 946 1860 gesimam
964 1769 1312 1857 publicano
1336 1768 1636 1833 debeant.
1660 1767 2018 1831 Publicano
2041 1769 2310 1831 scrutari
2330 1768 2535 1833 liceat.
2563 1770 2778 1853 Quod

636 1878 782 1965 quis
829 1876 1158 1964 professus
1205 1896 1341 1937 non
1377 1874 1601 1953 fuerit,
1645 1872 1890 1962 perdat.
1925 1873 2293 1937 Matronam
2341 1886 2425 1937 ne
2457 1875 2655 1939 liceat
2682 1895 2780 1941 at-

636 1982 959 2072 tingere»,
995 1980 1039 2044 i.
1078 2000 1134 2043 e.
1176 1980 1469 2044 scrutari.
1502 1978 1699 2043 Vides
1748 1991 1825 2044 ex
1871 1979 1993 2043 hac
2040 1979 2179 2067 lege
2222 1974 2384 2042 nihil
2417 1981 2577 2044 certi
2633 1981 2773 2046 elie-i

636 2107 830 2175 posse
854 2132 872 2164 ,
894 2084 1018 2147 nisi
1050 2084 1178 2147 hoc
1209 2105 1420 2146 unum
1440 2131 1459 2165 ,
1490 2082 1674 2170 quod
1697 2107 1889 2173 supra
1912 2082 2189 2148 diximus
2208 2131 2226 2166 ,
2244 2085 2632 2172 permissam
2652 2110 2773 2175 pu-

638 2190 893 2255 blicano
924 2186 1388 2251 scrutationem
1420 2189 1621 2252 fuisse
1668 2206 1803 2254 non
1845 2190 2239 2255 sarcinarum
2274 2189 2474 2254 modo
2496 2239 2516 2273 ,
2558 2191 2678 2255 sed
2707 2209 2771 2256 et

639 2312 1063 2384 personarum
1093 2291 1418 2381 ipsarum,
1450 2310 1684 2382 proeter
1707 2313 2064 2377 matronas,
2092 2318 2252 2384 quas
2282 2296 2603 2385 attingere
2638 2321 2767 2361 non

637 2398 891 2478 licebat.

731 2504 1029 2587 Decima,
1074 2505 1348 2594 portorii
1386 2507 1687 2590 nomine,
1729 2508 2111 2596 Chrysopoli
2154 2508 2604 2574 Chalcedoniae
2642 2511 2767 2575 sol·

646 2611 918 2675 vehatur
966 2610 1049 2674 ab
1099 2611 1215 2694 iis,
1270 2611 1384 2698 qui
1434 2634 1513 2675 ex
1556 2613 1771 2677 Ponto
1815 2614 2072 2677 Euxino
2119 2614 2510 2678 remeabant.
2563 2617 2771 2680 Docet

646 2715 949 2805 Xenoph.
977 2715 1142 2780 Hist.
1177 2715 1291 2780 Gr.
1318 2716 1427 2780 lib.
1456 2718 1520 2797 1,
1555 2740 1613 2783 c.
1640 2717 1744 2782 30.
1773 2718 2137 2783 Centesima
2166 2720 2231 2783 in
2261 2719 2500 2783 Piraeeo
2518 2769 2537 2801 ,
2570 2721 2769 2784 Athe·

649 2843 881 2884 narum
946 2836 1142 2907 portu
1166 2867 1184 2899 ,
1259 2819 1653 2910 exigebatur.
1731 2820 1912 2885 Idem
1979 2822 2062 2886 de
2131 2824 2461 2911 republica
2526 2825 2765 2889 Athen.

641 2946 763 3013 pro
805 2946 933 3012 qua
961 2924 1265 3012 vigesima
1301 2943 1517 2991 exacta
1551 2942 1648 2991 est
1688 2943 1981 3016 tempore
2018 2930 2547 3018 Peloponnesiaci
2582 2931 2767 3011 belli,

642 3052 849 3119 quum
869 3028 1172 3093 exhausta
1186 3033 1554 3121 sumptibus
1573 3048 1739 3098 esset
1753 3035 2134 3123 respublica.
2146 3036 2768 3125 Quinquagesimam

642 3136 712 3198 in
741 3135 982 3200 Piroeeo
1010 3135 1176 3224 exigi
1203 3127 1457 3201 solitam
1487 3137 1683 3202 fuisse
1710 3155 1938 3203 contra
1959 3140 2467 3230 Xenophontem
2492 3158 2768 3206 conten·

648 3240 744 3306 dit
778 3241 870 3306 M.
904 3240 1174 3305 Cui-sius
1195 3290 1214 3322 ,
1251 3243 1535 3307 Lection.
1563 3247 1697 3309 Att.
1723 3245 1804 3326 V,
1833 3246 1936 3310 28.
1978 3244 2175 3310 Aliud
2204 3246 2529 3336 vectigalis
2563 3271 2768 3336 genus

646 3363 963 3412 memorat
987 3347 1430 3434 Harpocratio.
1454 3348 1689 3427 ὲπώνια,
1726 3350 1971 3438 inquit,
2001 3367 2099 3415 est
2132 3353 2402 3441 vectigal
2439 3354 2622 3441 quod
2662 3359 2773 3420 -re

644 3452 945 3539 quapiam
973 3468 1188 3542 empta
1216 3453 1521 3540 penditur
1545 3477 1607 3535 -ς
1635 3479 1710 3519 ac
1733 3456 2000 3520 fortasse
2033 3457 2159 3520 fuit
2189 3479 2335 3544 pars
2374 3459 2621 3545 quinta.

725 3555 855 3619 Sed
890 3578 1093 3644 graeca
1118 3572 1275 3621 sunt
1313 3558 1450 3622 hoec
1474 3559 1801 3644 instituta;
1847 3584 1989 3648 quae
2021 3559 2168 3626 ideo
2203 3561 2335 3626 huc
2370 3562 2647 3644 adduxi,
2692 3582 2767 3627 ut

639 3659 1047 3724 ostenderem
1093 3663 1414 3752 vectigalis
1455 3663 1640 3728 istius
1679 3665 1948 3731 modum
1997 3691 2075 3731 ex
2123 3684 2495 3755 temporum
2536 3669 2767 3734 condi-

637 3764 850 3846 tione,
887 3779 1002 3827 aut
1034 3755 1347 3830 mercium
1386 3769 1586 3856 magis
1618 3772 1726 3862 ‚vel
1759 3772 1975 3836 minus
2007 3773 2437 3859 pretiosarum
2476 3775 2762 3854 ratione,

638 3885 780 3934 tum
813 3868 987 3959 apud
1011 3867 1298 3952 Groecos,
1332 3887 1471 3934 tum
1505 3873 1680 3961 apud
1714 3876 2077 3959 Romanos,
2111 3877 2307 3942 fuisse
2338 3877 2699 3945 definitum.

721 3979 823 4040 An
868 3974 1290 4062 portitoribus
1340 3977 1612 4044 traditus
1645 3979 1801 4044 olim
1835 3982 2031 4045 fuerit
2070 3982 2263 4048 index
2304 3983 2438 4066 ille,
2491 3987 2637 4073 gall.
2678 4008 2759 4048 un

637 4083 769 4145 tari
807 4127 828 4159 ‚
864 4081 1041 4168 quali
1081 4103 1257 4144 nunc
1293 4083 1569 4148 istorum
1608 4100 1875 4172 nepotes
1911 4103 2223 4169 utuntur,
2253 4112 2387 4175 quo
2421 4089 2753 4155 definitum
