3044 4788
685 436 1075 505 ORATIO
1121 438 1326 506 PRo
1376 441 1452 507 P.
1495 436 1974 527 QUINTIO.
2348 459 2396 529 9

257 558 698 654 cujusquam
731 558 1035 653 gravitas
1061 570 1134 626 et
1170 560 1401 629 virtus
1427 556 1693 654 judicis
1726 554 2163 626 consoletur.
2190 556 2398 624 Certe

248 683 389 737 aut
418 665 622 765 apud
669 680 776 752 te,
815 680 890 737 et
924 691 1084 754 eoS,
1122 670 1250 764 qui
1288 667 1420 738 tibi
1460 666 1769 754 adsunt,
1808 668 2068 735 veritas
2099 662 2400 751 valebit3

247 793 388 848 aut
417 803 508 848 ex
540 776 873 847 hocloco
905 775 1190 874 repulsa
1215 780 1289 846 vi
1334 792 1408 847 et
1434 778 1692 874 gratia,
1747 774 2018 862 locum,
2067 772 2195 844 ubi
2230 797 2403 844 con-

248 890 502 973 sistat,
532 887 848 982 reperire
875 909 1027 955 non
1059 889 1345 985 poterit.

357 1000 455 1066 II.
516 999 682 1069 Non
727 1019 815 1066 eo
855 993 1097 1083 dico,
1046 1006 1065 1038 ¹
1160 1001 1238 1068 C.
1282 995 1546 1093 Aquilli
1572 1049 1593 1084 ,
1624 1017 1778 1092 quo
1824 993 2002 1065 mihi
2043 997 2289 1067 veniat
2325 970 2403 1065 in

253 1105 579 1177 dubium
615 1120 740 1176 tua
771 1103 950 1177 fides
982 1120 1057 1177 et
1087 1110 1531 1194 constantia,
1572 1120 1702 1176 aut
1731 1129 1883 1203 quo
1930 1129 2080 1176 non
2117 1108 2195 1175 in
2246 1105 2360 1175 his
2388 1160 2409 1193 ,

255 1240 456 1313 quos
496 1213 630 1286 tibi
674 1212 1077 1302 advocasti,
1124 1218 1294 1287 viris
1327 1161 1773 1288 electissimis
1813 1218 2157 1301 civitatis,
2203 1241 2406 1314 spem

261 1350 630 1397 summam
682 1324 951 1396 habere
995 1330 1068 1396 P.
1105 1327 1452 1415 Quintius
1484 1323 1766 1395 debeat.
1815 1324 2012 1415 Quid
2054 1349 2226 1422 ergo
2259 1326 2411 1395 est?

262 1439 595 1506 Primum
626 1433 1055 1533 magnitudo
1085 1437 1388 1533 periculi
1422 1457 1713 1507 summo
1747 1437 2004 1506 timore
2035 1434 2411 1507 hominem

269 1542 539 1632 afficit,
559 1545 757 1641 quod
783 1569 933 1615 uno
962 1544 1240 1641 judicio
1274 1546 1365 1618 de
1397 1544 1710 1617 fortunis
1732 1556 1761 1587 ²
1795 1544 2141 1616 omnibus
2167 1545 2414 1616 decer-

276 1657 434 1724 nit:
467 1653 685 1752 idque
717 1654 897 1726 dum
934 1659 1237 1752 cogitat,
1287 1681 1440 1727 non
1483 1660 1727 1727 minus
1772 1681 1961 1755 saepe
2006 1660 2070 1727 ei
2104 1659 2411 1727 venitin

280 1778 597 1834 mentem
639 1768 1014 1863 potestatis
1034 1763 1091 1854 ³,
1132 1791 1353 1864 quam
1399 1770 1757 1865 aequitatis
1806 1783 1978 1854 tuae3
2026 1782 2413 1865 propterea

274 1874 478 1971 quod
506 1899 794 1964 omnes,
816 1901 1134 1974 quorum
1158 1880 1236 1947 in
1264 1877 1559 1948 alterius
1593 1903 1814 1949 manu
1846 1879 1992 1947 vita
2024 1880 2258 1975 posita
2284 1890 2414 1961 est,

273 1988 535 2082 saepius
558 1985 738 2056 illud
766 1988 1110 2082 cogitant,
1131 1987 1312 2084 quid
1339 1990 1570 2087 possit
1590 1992 1674 2076 is,
1697 1990 1906 2084 cujus
1933 1992 2009 2059 in
2035 1987 2310 2059 ditione
2334 2012 2418 2057 ac

273 2109 636 2194 potestate
668 2111 877 2185 sunt,
922 2121 1142 2194 quam
1177 2099 1357 2195 quid
1391 2098 1654 2171 debeat
1682 2098 1938 2171 facere.
1982 2098 2263 2171 Deinde
2297 2098 2420 2168 ha-

271 2203 403 2275 bet
434 2204 927 2276 adversarium
973 2211 1047 2279 P.
1086 2210 1430 2298 Quintius
1467 2210 1695 2282 verbo
1734 2215 1890 2283 Sex,
1932 2213 2300 2295 Naevium3
2341 2235 2416 2279 re

274 2338 481 2404 vera,
514 2313 820 2411 hujusce
851 2320 1075 2388 aetatis
1104 2316 1438 2391 homines
1490 2319 1997 2391 disertissimos
2016 2325 2074 2410 4,
2113 2318 2417 2391 fortissi-

278 2449 475 2515 mos,
508 2429 1003 2498 ornatissimos
1042 2444 1307 2500 nostroe
1333 2433 1672 2520 civitatis,
1710 2434 1840 2528 qui
1868 2434 2239 2502 communi
2273 2445 2420 2501 stu-

279 2533 428 2622 dio,
455 2539 764 2606 summis
794 2536 1061 2635 opibus
1094 2542 1252 2610 Sex.
1282 2543 1609 2612 Naevium
1643 2539 2081 2611 defendunt:
2113 2543 2170 2611 si
2205 2540 2279 2611 id
2313 2555 2421 2610 est

280 2643 702 2732 defendere,
727 2646 1103 2744 cupiditati
1135 2649 1430 2720 alterius
1461 2649 2002 2748 obtemperare,
2034 2674 2186 2747 quo
2222 2653 2282 2719 is
2317 2648 2419 2720 fa-

283 2754 534 2842 ciliuS,
579 2780 801 2852 quem
838 2755 1041 2845 velit,
1077 2760 1334 2854 iniquo
1357 2757 1669 2854 judicio⁵
1710 2763 2122 2858 opprimere
2166 2763 2416 2857 possit.

268 2869 462 2946 ,Nam
491 2864 683 2962 quid
712 2864 855 2937 hoc
876 2869 1240 2964 iniquius,
1269 2884 1397 2939 aut
1419 2868 1816 2966 indigniuS,
1845 2874 1921 2941 C.
1946 2869 2211 2966 Aquilli
2234 2924 2253 2954 ,
2278 2868 2418 2939 dici

286 2989 410 3045 aut
432 2980 989 3047 commemorari
1016 2992 1279 3075 potest,
1302 3003 1524 3075 quam
1553 3005 1694 3066 me,
1713 2982 1842 3076 qui
1869 2995 2087 3078 caput
2106 2982 2311 3051 alteri
2321 3006 2426 3064 uS,

290 3081 552 3154 famam
605 3082 1081 3183 fortunasque
1128 3086 1546 3176 defendam,
1603 3091 1846 3186 priore
1896 3086 2103 3160 loco⁶
2138 3113 2424 3161 causam

293 3191 575 3265 dicere?
602 3220 836 3293 quum
869 3200 1267 3295 praesertim
1297 3201 1381 3291 Q.
1412 3202 1874 3289 HortensiuS,
1898 3203 2027 3297 qui
2063 3199 2203 3271 hoc
2230 3199 2430 3297 judi-

362 3401 441 3449 11.
465 3402 610 3451 nus
629 3403 955 3470 Falkenburg.
987 3427 1013 3448 ιι
1030 3405 1202 3470 Neque
1215 3406 1313 3455 hoc
1480 3410 1529 3457 3.
1565 3408 1842 3455 Pooestatis.
1882 3406 2098 3454 Subaudi
2143 3407 2434 3456 recordatio.

292 3496 355 3529 eo
382 3479 502 3527 dico
518 3502 561 3537 ι,
583 3483 863 3546 elegantius.
892 3487 944 3534 J.
964 3486 1027 3533 V.
1050 3487 1104 3532 1..
1128 3486 1210 3534 Sie
1236 3501 1316 3550 sp.
1405 3486 1530 3549 Qnae
1549 3486 1727 3550 saepius
1749 3496 2012 3550 usurpatur
2038 3472 2240 3550 ellipsis.

290 3562 493 3609 Teoent.
537 3581 561 3603 ι
584 3562 748 3626 Neque
783 3579 844 3611 eo
877 3580 1010 3612 nnnc
1048 3562 1162 3613 dico
1178 3601 1193 3627 ,
1218 3581 1319 3628 quo
1480 3576 1531 3623 4.
1550 3567 1615 3629 Q.
1634 3567 1949 3613 Hortensium
1978 3565 2082 3614 scil.
2099 3581 2155 3613 ac
2181 3567 2238 3614 L.
2255 3566 2439 3630 Philip-

292 3640 564 3704 quidquam
606 3642 740 3690 illum
788 3646 1014 3692 senserim
1027 3667 1068 3692 a.
1097 3672 1169 3682 —-
1198 3647 1323 3695 Cor·
1344 3629 1351 3638 ’
1411 3660 1546 3710 pum.
1565 3645 1641 3692 De
1659 3660 1760 3709 qno
1780 3644 2056 3694 nortwib.
2075 3648 2116 3704 1,
2135 3644 2279 3708 epist.
2296 3662 2342 3706 7,
2361 3662 2440 3694 vs.

292 3720 447 3768 rectio
473 3722 805 3785 superiorum,
830 3740 926 3786 qna
946 3724 1067 3772 vitat
1088 3725 1321 3773 offensio-
1414 3727 1501 3781 46.
1531 3724 1799 3772 For-tissimi
1823 3724 2055 3772 dicuntur
2078 3723 2212 3788 quod
2241 3724 2443 3772 clientes

292 3799 597 3860 nemjndicis
613 3835 628 3857 ‚
655 3816 802 3864 quem
822 3802 889 3849 ita
909 3801 1060 3850 modo
1087 3802 1323 3864 laudavit,
1409 3819 1526 3852 suos
1548 3818 1718 3866 magna
1748 3805 2023 3852 constantis
2043 3802 2337 3852 defendunt.
2363 3804 2443 3851 Sic

293 3887 348 3923 ut
373 3879 418 3924 ei
445 3877 674 3926 diffidere
695 3878 958 3928 videretur.
1412 3893 1534 3931 orat.
1555 3898 1649 3947 pro
1671 3882 1780 3932 Mil.
1807 3885 1834 3930 8
1852 3918 1869 3941 ,
1897 3904 1921 3923 u
1937 3883 2130 3931 fortiter
2146 3882 2365 3944 judicare
2377 3905 2421 3928 ιο.

363 3973 410 4003 2.
444 3957 689 4005 Fortunis.
725 3959 844 4006 Non
882 3960 1040 4007 solum
1077 3959 1138 4007 de
1177 3959 1323 4009 bonis
1483 3963 1536 4010 5.
1569 3960 1750 4025 Inique
1767 3960 1985 4027 judicio.
2015 3963 2189 4025 Inique
2218 3962 2452 4009 constitu·

296 4034 564 4093 anim-sis,
611 4034 702 4083 sed
736 4037 880 4085 etism
925 4037 986 4085 de
1026 4037 1215 4086 clientis
1251 4056 1326 4087 ca·
1416 4041 1606 4088 to:hoc
1630 4040 1760 4088 enim
1774 4040 1835 4088 ad
1857 4052 2112 4106 praetorem
2127 4040 2447 4088 Burrhienum

297 4114 424 4175 pite,
440 4115 539 4163 i.e.
568 4117 669 4163 vita
695 4116 845 4177 civili,
864 4118 986 4165 fama
1014 4129 1063 4166 et
1089 4128 1215 4167 statu
1235 4135 1249 4176 ;
1271 4130 1330 4167 nt
1421 4121 1648 4184 pertinet,
1668 4136 1771 4166 non
1791 4120 1852 4167 ad
1871 4119 1967 4167 hoc
1979 4118 2181 4182 Aquillii
2191 4117 2448 4179 judicium.

299 4192 402 4256 ipse
427 4193 600 4258 paullo
624 4194 826 4244 inferius
852 4196 919 4244 ait
940 4206 1119 4245 orator.
1500 4199 1549 4246 6.
1570 4197 1744 4245 Priore
1771 4198 1893 4245 Ioco.
1915 4198 2030 4246 Vid.
2052 4199 2254 4261 Argum.
