3044 4788
629 363 764 433 532
1406 348 1974 423 EXCURSUS

714 486 945 570 Neque
977 478 1189 543 solum
1231 475 1553 564 regiarum
1596 494 1752 536 cura
1780 472 2029 535 viarum
2067 469 2150 534 ad
2182 487 2462 535 rectores
2496 471 2779 559 provin·

624 593 868 655 ciarum
893 584 1240 676 pertinuit:
1269 578 1499 645 iisdem
1530 594 1596 642 et
1622 578 1929 642 stationes
1956 576 2241 656 navium,
2258 593 2522 664 portus,
2551 577 2774 659 litora,

627 715 837 760 turres
870 710 937 757 et
966 689 1219 756 castella
1248 687 1316 751 in
1344 684 1663 750 limitibus
1681 732 1699 765 ,
1727 704 2086 769 omnesque
2120 683 2603 769 provinciarum
2632 684 2778 747 abs-

624 824 841 877 cessus
878 794 1520 864 commendabantur.
1549 788 1708 854 Cod.
1739 789 1858 852 Th.
1895 786 1977 852 de
2005 788 2324 852 Itinerum
2363 811 2544 852 mun.
2578 806 2652 853 et
2688 789 2774 851 de

627 884 888 972 litorum
924 919 988 968 et
1022 902 1162 965 itin.
1195 914 1358 961 cust.

714 1011 1030 1097 Ulpianus
1064 1003 1257 1067 etiam
1292 1001 1462 1065 inter
1495 998 1706 1065 officia
1744 996 2152 1087 proconsulis
2185 998 2439 1080 retulit,
2471 1014 2582 1077 ut,
2612 999 2670 1062 si
2704 998 2770 1061 in

626 1116 944 1180 celebrem
989 1109 1313 1172 civitatem
1331 1155 1350 1189 ,
1400 1104 1503 1169 vel
1547 1103 1894 1192 provinciae
1941 1120 2134 1193 caput
2178 1102 2513 1169 adveniret
2531 1154 2550 1185 ,
2600 1103 2775 1169 aedes

628 1242 871 1298 sacras,
918 1232 982 1280 et
1034 1236 1232 1301 opera
1280 1210 1539 1300 publica
1587 1209 1992 1290 circumiret,
2028 1207 2414 1296 inspiciendi
2450 1211 2658 1299 gratia
2689 1235 2774 1274 an

629 1342 796 1392 sarta
829 1338 1126 1407 tectaque
1166 1334 1414 1397 essent3
1472 1332 1539 1379 et
1585 1315 1637 1377 si
1682 1336 1813 1401 qua
1851 1330 2057 1403 coepta
2098 1331 2317 1379 essent
2340 1364 2358 1397 ,
2406 1333 2667 1380 curaret
2704 1333 2780 1380 ut

629 1441 1256 1499 consummarentur,
1292 1437 1491 1511 prout
1521 1421 1688 1483 vires
1717 1419 1854 1499 ejus
1884 1419 2253 1507 reipublicae
2282 1421 2774 1509 permitterent3

634 1552 1092 1619 curatoresque
1126 1551 1402 1618 operum
1440 1526 1779 1616 diligentes
1812 1524 2167 1590 solenniter
2202 1542 2632 1615 praeponeret.
2672 1528 2784 1591 Di-

635 1656 794 1731 gest.
814 1640 924 1703 lib.
945 1638 976 1700 Ι
995 1682 1013 1718 ,
1036 1636 1134 1701 tit.
1161 1635 1239 1699 16
1258 1681 1278 1714 ,
1319 1634 1363 1697 l.
1387 1654 1448 1719 7.

720 1743 1077 1834 Congruit,
1113 1743 1202 1805 ait
1234 1739 1407 1803 idem
1454 1736 1812 1824 Ulpianus,
1848 1734 2029 1800 bono
2061 1752 2126 1800 et
2156 1736 2331 1826 gravi
2367 1736 2628 1825 praesidi
2663 1761 2785 1802 cu-

636 1876 806 1933 rare,
827 1868 902 1914 ut
934 1864 1155 1938 pacata
1185 1863 1381 1934 atque
1415 1843 1635 1932 quieta
1667 1842 2001 1932 provincia
2033 1844 2117 1906 sit
2145 1865 2340 1931 quam
2374 1844 2573 1932 regit:
2599 1844 2786 1932 quod

640 1981 774 2022 non
804 1954 1065 2020 difficile
1098 1950 1451 2031 obtinebit,
1493 1949 1546 2011 si
1585 1947 1856 2012 sollicite
1885 1964 2030 2035 agat
2063 1964 2138 2012 ut
2182 1948 2362 2012 malis
2397 1948 2787 2013 bominibus

642 2060 973 2150 provincia
1011 2071 1251 2137 careat,
1298 2075 1543 2141 eosque
1571 2053 1950 2139 conquirat:
1989 2074 2141 2116 nam
2174 2053 2513 2141 sacrilegos
2534 2102 2553 2133 ,
2587 2054 2788 2118 latro-

642 2189 793 2246 nes,
838 2161 1208 2251 plagiarios,
1254 2158 1431 2222 fures
1472 2158 1861 2244 conquirere
1898 2155 2129 2237 debet3
2165 2174 2231 2221 et
2272 2174 2471 2246 prout
2505 2159 2788 2246 quisque

644 2266 1015 2355 deliquerit,
1069 2265 1137 2328 in
1194 2285 1345 2326 eum
1404 2260 1948 2347 animadvertere,
1999 2276 2494 2349 receptor-esque
2554 2285 2785 2327 eorum

644 2396 971 2454 coercere,
1006 2371 1149 2436 sine
1184 2368 1425 2457 quibus
1457 2366 1621 2431 latro
1658 2367 1854 2431 latere
1892 2364 2135 2430 diutius
2172 2389 2306 2430 non
2337 2382 2576 2455 potest.
2615 2367 2786 2432 Ibid.

645 2485 686 2547 l.
710 2483 889 2546 XIII.
920 2483 996 2544 In
1031 2477 1346 2543 mandatis
1380 2475 1748 2564 principum
1775 2491 1902 2554 est,
1943 2475 2156 2561 inquit
2171 2474 2462 2556 Paullus,
2495 2490 2574 2538 ut
2605 2492 2790 2541 curet

647 2589 699 2653 is
735 2587 849 2676 qui
886 2583 1231 2675 provinciae
1266 2596 1530 2671 praeest,
1564 2580 1746 2643 malis
1777 2579 2156 2644 hominibus
2188 2581 2593 2669 provinciam
2628 2605 2789 2670 pur-

652 2719 821 2785 gare.
857 2692 1021 2758 Ibid.
1049 2692 1161 2756 lib.
1190 2691 1310 2754 ΙΙΙ.

742 2800 1022 2864 Peractis
1054 2798 1131 2861 iis
1164 2820 1311 2884 quae
1347 2798 1430 2861 ad
1470 2813 1857 2886 potestatem
1890 2797 2256 2883 praetoriam
2284 2795 2646 2883 pertinent,
2660 2798 2792 2875 jam

653 2904 734 2969 ad
772 2901 1212 2991 explicandam
1258 2901 1525 2966 alteram
1573 2916 1819 2990 partem
1871 2900 2283 2988 provincialis
2326 2900 2558 2982 officii,
2613 2900 2795 2989 quod

655 3025 753 3074 est
788 3007 1167 3095 imperium,
1211 3007 1565 3095 pergimus,

744 3112 1101 3200 Imperium
1144 3113 1274 3175 hoc
1324 3112 1471 3175 loco
1527 3111 1692 3174 nihil
1731 3110 1905 3176 aliud
1950 3128 2079 3192 est,
2119 3133 2313 3198 quam
2357 3113 2464 3192 jus
2509 3112 2797 3177 habendi

660 3221 975 3287 exercitus
996 3267 1015 3300 ,
1052 3219 1207 3282 belli
1237 3217 1545 3307 gerendi,
1591 3235 1656 3281 et
1694 3219 1786 3281 rei
1825 3219 2023 3282 totius
2064 3217 2303 3281 bellicae
2343 3217 2795 3306 capessendae:

662 3330 769 3393 cui
789 3327 880 3392 rei
901 3325 1200 3415 praesides
1225 3346 1362 3387 non
1384 3323 1623 3400 minuS,
1642 3345 1836 3410 quam
1851 3322 2286 3403 jurisdictioni
2315 3346 2583 3411 operam
2605 3323 2800 3387 dede·

664 3450 854 3514 runt,
888 3452 1103 3519 neque
1137 3429 1408 3506 iniuria:
1443 3427 1565 3491 hac
1596 3429 1772 3492 enim
1795 3424 2121 3491 sociorum
2142 3428 2407 3515 quidem
2432 3428 2798 3493 commodis

665 3539 1174 3617 consuluerunt3
1222 3550 1288 3599 at
1322 3535 1427 3598 illa
1467 3533 1733 3598 eosdem
1785 3534 1853 3597 in
1905 3532 2031 3598 fide
2068 3535 2579 3615 continuerunt,
2621 3558 2802 3599 exer-

665 3643 830 3705 citus
860 3619 1208 3732 terrorem,
1252 3639 1534 3725 bellique
1570 3639 1804 3719 minas,
1846 3639 1908 3702 ‘si
1950 3638 2329 3720 deficerent,
2364 3655 2800 3704 ostentantes:

669 3761 864 3831 atque
897 3743 1294 3830 provinciam
1343 3743 1547 3827 ipsam
1598 3765 1634 3804 a
1681 3740 2108 3807 finitimorum
2151 3744 2437 3808 hostium
2483 3744 2804 3808 incursio-

669 3849 900 3927 nibus,
955 3860 1069 3908 aut
1126 3846 1448 3908 latronum
1504 3846 2033 3934 populationibus
2088 3864 2293 3912 tutam
2344 3850 2801 3936 praestiterunt.

674 3955 844 4041 Ergo
876 3949 1129 4040 praesidi
1162 3950 1274 4038 qui
1309 3950 1589 4015 habebat
1625 3952 1999 4041 imperium,
2041 3929 2146 4032 jus
2183 3954 2305 4017 fuit
2335 3956 2644 4019 exercitui
2682 3957 2801 4018 im·

664 4058 975 4149 perandi3
1011 4057 1259 4124 bellum
1289 4059 1592 4147 auspiciis
1620 4058 1754 4122 suis
1784 4059 2081 4146 gerendi,
2122 4076 2188 4124 et
2218 4059 2420 4125 totius
2453 4061 2549 4124 rei
2579 4062 2804 4126 milita·
