3044 4788
355 461 1335 489 msmmmmmussmm
1343 458 1890 490 mmmmm-m
1895 472 2334 497 mmmm
2341 479 2429 497 sn

504 702 1151 791 PRAEFATIO
1214 694 1546 791 NOVI
1609 705 2242 795 EDITORIS

670 914 792 975 DE
838 914 1360 978 cmssnoms
1406 915 2083 981 ORATIONIBUS.

332 1327 812 1455 NONNULLA
879 1372 976 1452 de
1044 1374 1190 1451 hac
1252 1372 1590 1453 secunda
1642 1376 2043 1457 Ciceronis
2102 1406 2427 1485 operum

330 1520 584 1607 parte,
637 1527 791 1606 qua
846 1494 1163 1605 quidem
1227 1497 1393 1603 ejus
1452 1499 1849 1577 orationes
1901 1504 2426 1600 continentur,

330 1623 839 1730 praemissuris
892 1648 1055 1698 non
1114 1620 1198 1698 id
1247 1622 1552 1699 consilii
1600 1639 1716 1700 est
1763 1625 2296 1729 propositum,
2347 1645 2432 1703 ut

333 1765 629 1824 tantum
678 1761 1111 1839 auctorem,
1153 1741 1345 1820 dum
1388 1744 1827 1849 legentibus
1876 1746 2428 1825 commendan-

332 1868 513 1947 dum
552 1868 1053 1963 arbitramur,
1100 1863 1459 1943 eumdem
1508 1868 1801 1971 ingenii
1857 1867 2084 1974 culpa
2136 1868 2437 1947 detera-

328 2018 495 2093 mus
535 2007 615 2067 et
663 1988 1063 2066 elevemus.
1123 1988 1231 2064 Ea
1282 1987 1488 2064 enim
1537 1989 2197 2094 praestantissimis
2245 1992 2434 2068 viris

329 2139 690 2201 concessa
735 2110 905 2187 laus
949 2126 1101 2205 est,
1143 2126 1232 2186 ut
1264 2109 1400 2216 qui
1435 2132 1568 2186 eos
1608 2108 2152 2215 praedicandos
2194 2114 2434 2191 susci-

330 2237 589 2340 piant,
628 2261 795 2310 non
844 2220 1304 2309 temeritatis
1363 2232 1604 2335 magis
1647 2247 1882 2338 quani
1913 2235 2092 2310 vani
2138 2235 2434 2340 ingenii

330 2359 631 2465 culpam
685 2355 1046 2452 subeant,
1103 2372 1184 2433 et
1236 2355 1352 2433 sui
1408 2354 1636 2433 simul
1690 2372 1770 2433 et
1827 2355 2156 2434 aliorum
2207 2358 2437 2438 obliti

322 2509 486 2560 *esse
518 2478 978 2558 videantur:
1009 2479 1306 2585 quippe
1333 2478 1469 2586 qui
1510 2479 1854 2584 propriae
1885 2480 2439 2560 imbecillitatis

298 2605 815 2708 ,immemores
857 2598 955 2679 de
995 2601 1187 2678 actis
1231 2600 1467 2678 rebus
1511 2618 1590 2678 et
1630 2602 2065 2679 seculorum
2107 2606 2437 2682 auctori-

332 2744 482 2804 tate
530 2753 620 2803 ac
667 2741 1044 2830 perpetua
1089 2720 1609 2800 admiratione
1659 2724 2166 2820 consecratis,
2209 2727 2430 2832 quasi

326 2850 479 2953 jam
517 2849 605 2925 in
640 2846 970 2925 dubium
1004 2862 1404 2942 vocentur,
1444 2843 1821 2924 disserere
1862 2846 2221 2924 audeant.

427 2974 686 3073 Quem
725 2997 911 3047 vero
963 2996 1330 3076 umquam
1391 2968 1638 3072 magis
1690 2996 1923 3075 quam
1976 2969 2434 3049 Ciceronem

336 3095 414 3169 in
451 3092 895 3172 forensibus
936 3090 1216 3169 studiis
1245 3089 1656 3197 aequalium
1691 3089 2142 3189 admiratio,
2181 3094 2291 3171 ita
2319 3112 2434 3172 est

336 3233 842 3324 prosequuta,
898 3232 986 3293 ut
1046 3213 1240 3291 nihil
1304 3213 1636 3319 amplius
1698 3213 1858 3320 jam
1915 3217 2250 3320 posteris
2319 3216 2454 3302 fa-¹

334 3339 693 3418 ciendum
740 3338 1242 3446 superfuerit,
1282 3364 1517 3445 quam
1555 3364 1659 3414 ne
1714 3338 1795 3415 in
1845 3354 2066 3415 tanto
2117 3355 2429 3417 aetatum

333 3489 707 3541 consensu
771 3460 1172 3542 novissimi
1231 3460 1592 3538 venirent
1621 3521 1639 3556 ,
1709 3478 1786 3538 et
1846 3461 1930 3537 in
1993 3461 2139 3538 hac
2199 3462 2432 3548 veluti

335 3587 777 3665 transmissa
825 3585 1345 3664 venerationis
1426 3581 1858 3663 hereditate
1921 3613 1963 3662 a
2033 3586 2436 3691 prioribus
2485 3581 2490 3590 ’

331 3708 797 3786 recentiores
851 3705 1452 3813 superarentur?
1507 3703 1772 3810 Spirat
1829 3706 2035 3783 enim
2091 3708 2434 3816 vivitque

332 3831 560 3908 Tullii
614 3829 1107 3907 orationibus
1147 3827 1559 3905 commissa
1598 3828 1712 3906 vis
1751 3845 1828 3906 et
1870 3828 2120 3926 calor;
2167 3848 2246 3909 et
2292 3861 2435 3911 no-

331 3953 524 4030 biles
572 3954 715 4031 has
766 3980 1026 4046 voceS,
1064 3951 1352 4059 quibus
1407 3952 1640 4030 toties
1698 3980 2109 4031 romanum
2175 3955 2434 4048 forum

332 4077 786 4184 personuit,
840 4077 1192 4183 quamvis
1252 4092 1553 4154 tacente
1616 4075 1742 4153 illa
1801 4079 2019 4183 quasi
2084 4082 2442 4185 corporis

522 4205 577 4270 1,
634 4218 725 4262 (xc.
745 4232 857 4278 pars
886 4214 1100 4278 secunda.
2158 4228 2204 4268 a
