3044 4788
512 472 645 540 DE
694 469 1207 539 PRAETORE
1247 467 1998 537 PROVINCIALI.
2185 433 2313 535 52'1

199 596 500 680 frequens
534 606 633 655 est
658 591 905 654 mentio
934 590 999 653 in
1020 590 1308 653 Verrinis
1338 613 1352 654 ε
1387 604 1452 653 et
1479 590 1823 670 Bruttiani,
1852 590 1984 652 sive
2013 611 2049 652 e
2072 589 2326 651 Bruttio

197 699 384 763 acciti
424 698 721 762 homines
767 720 932 785 quos
978 697 1454 786 magistratibus
1500 698 1570 760 in
1607 695 1971 786 provincias
2020 696 2326 759 euntibus

198 805 267 868 in
305 828 640 869 servorum
686 807 891 869 vicem
927 828 1151 893 parere
1204 821 1269 868 et
1310 805 1806 894 praeministrare
1847 803 2010 867 dicit
2056 805 2136 867 A.
2175 802 2330 867 Gel-

196 911 322 975 lius
344 959 363 993 ‚
394 934 589 999 quem
625 909 729 974 adi
763 911 875 976 lib.
902 912 1000 993 X,
1026 934 1162 998 cap.
1196 910 1255 974 3.

285 1016 407 1080 Hic
435 1031 570 1079 erat
591 1016 1000 1104 provincialis
1035 1015 1326 1115 praetoris
1358 1015 1703 1079 comitatus
1735 1015 1844 1080 :hi
1877 1015 2071 1078 simul
2102 1035 2330 1077 omnes

197 1120 533 1184 cohortem
567 1118 932 1209 praetoriam
965 1115 1384 1183 domesticam
1415 1117 1866 1183 conficiebant.

287 1227 694 1309 Quaestorem
730 1227 903 1290 inter
945 1225 1237 1313 praetoris
1271 1226 1601 1289 ministros
1635 1248 1769 1288 non
1804 1226 2142 1306 recensui,
2181 1225 2333 1312 quia

197 1332 333 1411 ejus
360 1332 523 1395 ratio
556 1331 750 1419 longe
787 1332 905 1395 alia
933 1330 1087 1413 fuit,
1120 1346 1315 1417 atque
1359 1347 1749 1394 ceterorum.
1789 1331 1911 1394 Hic
1945 1332 2119 1394 enim
2154 1353 2190 1393 a
2222 1350 2336 1416 po·

194 1437 353 1523 pulo
379 1452 763 1525 potestatem
794 1459 829 1499 a
857 1436 1155 1525 praetoria
1186 1452 1545 1523 separatam
1579 1435 1857 1522 accepit3
1914 1458 2126 1521 neque
2158 1433 2334 1523 apud

195 1558 537 1630 praetorem
571 1542 863 1624 asseclae,
901 1541 1015 1606 sed
1048 1541 1160 1605 filii
1197 1542 1417 1605 locum
1456 1541 1766 1606 obtinuit.
1816 1540 2094 1603 Divinat.
2133 1563 2189 1603 c.
2232 1563 2330 1625 ¹9·

194 1646 298 1711 Ad
326 1648 466 1711 Div.
499 1650 694 1728 XIII,
728 1671 828 1713 10.

289 1754 364 1816 In
402 1753 682 1843 singulas
712 1754 1074 1842 provincias
1119 1755 1356 1843 singuli
1390 1770 1781 1842 quaestores;
1829 1767 1895 1815 at
1938 1751 2008 1814 in
2055 1750 2334 1816 Siciliam

197 1854 334 1918 duo
369 1855 813 1920 mittebantur.
865 1857 1276 1947 Legebantur
1313 1880 1390 1920 eo
1430 1854 1667 1936 mod0,
1719 1876 1853 1942 quo
1887 1851 2232 1942 praesides3
2270 1869 2336 1916 et

197 1959 561 2047 provincias
607 1960 674 2023 in
723 1977 965 2025 sortem
1003 1962 1453 2041 conjiciebant.
1492 1960 1909 2042 Quaestorum
1959 1956 2333 2045 procuratio

199 2063 324 2127 fuit
355 2063 596 2154 duplex
621 2088 637 2130 ε
675 2066 951 2147 urbana,
976 2088 1206 2130 eorum
1236 2066 1347 2153 qui
1381 2065 1605 2130 aerario
1639 2063 1864 2152 populi
1892 2063 2144 2126 romani
2173 2085 2336 2149 prae-

199 2186 447 2251 essent3
485 2171 892 2258 provincialis
913 2219 931 2253 ‚
978 2195 1207 2235 eorum
1228 2219 1245 2252 ,
1285 2171 1400 2258 qui
1427 2193 1579 2234 cum
1606 2170 1982 2234 consulibus
1999 2217 2017 2249 ,
2045 2184 2158 2231 aut
2184 2190 2333 2232 cum

197 2277 583 2363 praetoribus
612 2277 679 2339 in
706 2278 1071 2365 provincias
1101 2278 1293 2341 irent.
1321 2274 1521 2361 Quod
1552 2277 1636 2339 ita
1667 2275 2035 2340 institutum
2060 2273 2337 2338 declarat

202 2382 427 2447 Cicero
458 2407 591 2447 non
627 2407 763 2448 uno
795 2385 961 2449 loco.

288 2489 355 2553 Si
400 2488 664 2575 quando
699 2508 982 2577 quaestor
1014 2493 1079 2554 in
1112 2491 1445 2580 provincia
1483 2506 1865 2571 moreretur,
1901 2489 1968 2551 in
2009 2487 2334 2551 demortui

201 2594 421 2658 locum
439 2610 676 2680 praetor
689 2618 984 2682 proquaes
992 2614 1195 2661 torem
1213 2595 1626 2661 adsciscebat.
1647 2597 1751 2660 Sic
1766 2598 1837 2659 C.
1850 2592 2149 2657 Malleolo
2165 2616 2338 2680 quae-

201 2715 378 2764 store
393 2698 739 2762 Dolabellae
758 2702 993 2782 occiso,
1016 2702 1249 2768 Verres
1275 2726 1311 2765 a
1335 2702 1667 2766 Dolabella
1697 2700 1908 2765 statim
1928 2715 2335 2787 proquaestor

201 2828 341 2869 esse
373 2803 589 2883 jussus
629 2823 745 2870 est.
783 2807 858 2869 In
894 2807 1077 2871 Verr.
1124 2809 1234 2872 lib.
1277 2810 1337 2889 1,
1373 2831 1512 2895 cap.
1556 2811 1654 2885 14.
1713 2807 2129 2889 Quaestorum
2178 2828 2331 2893 pro-

201 2911 577 2975 vincialium
608 2935 849 2976 munus
877 2913 1003 2977 hoc
1036 2930 1203 2996 erat,
1236 2933 1311 2979 ut
1345 2915 1687 3003 pecuniam
1714 2914 1972 3002 praetori
2006 2936 2084 2976 ex
2116 2913 2337 2976 aerario

205 3040 245 3080 a
277 3033 509 3081 senatu
542 3019 918 3082 attributam
939 3068 956 3102 ‚
997 3042 1033 3083 a
1071 3021 1348 3084 tribunis
1376 3020 1577 3084 aerarii
1618 3021 2010 3107 acciperent,
2048 3042 2243 3105 quam
2273 3018 2341 3080 in

208 3122 607 3211 stipendium
651 3141 716 3188 et
764 3124 1167 3190 frumentum
1214 3127 1619 3215 legatorum,
1668 3149 1742 3188 ac
1789 3126 1988 3189 totius
2029 3125 2340 3212 praetoriae

209 3228 499 3292 cohortis
545 3229 962 3294 insumerent.
1006 3231 1233 3295 Totius
1279 3247 1587 3319 praeterea
1631 3231 1720 3294 rei
1757 3228 2190 3293 frumentariae
2224 3227 2352 3290 ad-'

210 3333 752 3398 ministrationem
784 3360 820 3399 a
857 3353 1128 3424 praetore
1172 3336 1292 3399 sibi
1327 3336 1738 3399 commissam
1771 3333 2161 3397 habuerunt.
2205 3333 2339 3396 Cic·

210 3436 399 3501 Verr.
429 3438 458 3500 Ι
484 3486 501 3518 ,
531 3462 585 3502 e.
625 3444 703 3519 14
730 3457 794 3504 et
823 3440 924 3505 38.
951 3443 1383 3504 Frumentum
1415 3443 1688 3504 Romam
1724 3436 2116 3502 mittendum
2150 3460 2338 3500 cura-

212 3543 391 3604 bant.
426 3541 553 3605 Pro
581 3543 792 3608 Planc.
820 3569 875 3609 c.
909 3547 1014 3610 26.
1048 3544 1337 3609 Praedam
1373 3546 1453 3609 ab
1488 3546 1785 3608 hostibus
1819 3558 2069 3630 captam
2100 3540 2342 3606 vende·
2385 3621 2392 3624 ⁷

215 3647 407 3729 bant3
459 3650 798 3734 pecuniam
848 3650 1004 3715 inde
1035 3651 1356 3715 redactam
1389 3652 1457 3714 in
1495 3650 1786 3740 publicas
1826 3649 2074 3713 tabulas
2117 3649 2346 3712 refere-

214 3747 393 3816 bant.
431 3753 564 3817 Liv.
598 3755 706 3821 lib.
745 3758 854 3835 1-V,
887 3781 944 3822 c.
989 3757 1092 3824 53.
1126 3757 1686 3840 Jurisdictionem,
1731 3757 1996 3821 absente
2034 3773 2341 3843 praetore,

218 3857 287 3920 in
317 3858 645 3946 provincia
678 3884 793 3926 sua
825 3864 1225 3927 exercebant.
1258 3864 1535 3927 Divinat.
1572 3887 1628 3927 c.
1663 3887 1764 3951 17.

309 3965 557 4028 Eorum
594 3966 869 4055 insignia
907 3985 1123 4051 erant,
1176 3985 1322 4058 toga
1358 3986 1697 4058 praetexta3
1743 3968 1966 4033 scribae
2016 3965 2095 4030 ad
2146 3964 2348 4029 confi·

219 4069 477 4135 ciendas
514 4072 760 4137 tabulas
799 4075 1126 4162 publicas3
1162 4075 1450 4155 lictores,
1489 4075 1572 4139 ad
1608 4075 2002 4155 majestatem
2039 4071 2346 4136 tuendam

225 4178 651 4266 magistratus.
689 4182 765 4245 In
794 4181 975 4244 Verr.
1010 4181 1119 4247 lib.
1145 4183 1243 4259 11,
1298 4207 1350 4246 c.
1388 4186 1449 4260 4.
