3044 4788
621 454 730 521 IN
784 450 1213 519 VERREM
1268 448 1481 516 ACT.
1535 447 1642 530 11,
1695 446 1877 513 LIB.
1933 448 2032 513 ΙΙ.
2252 449 2396 542 493

271 580 661 649 amicorum
684 574 943 644 animis
976 570 1370 641 inusserint
1394 568 1598 638 istius
1626 567 1938 662 injuriae3
1974 590 2200 662 quum
2228 570 2402 637 Cen-

270 686 754 784 turipinorum
813 682 1239 753 amicissima
1292 693 1365 749 et
1416 675 1832 748 fidelissima
1890 678 2171 763 civitas,
2238 701 2400 775 quae

268 796 475 866 tantis
522 790 777 864 officiis
815 815 981 862 cum
1027 788 1305 888 populo
1343 812 1651 859 romano
1691 787 2084 883 conjuncta
2122 802 2263 874 est,
2318 804 2403 860 ut

266 930 414 975 non
433 903 669 975 solum
698 900 1223 999 rempublicam
1242 912 1566 968 nostram
1592 953 1611 985 ,
1638 897 1762 969 sed
1785 900 1998 970 etiam
2031 901 2107 968 in
2143 902 2405 996 quovis

264 1015 560 1087 homine
585 1015 863 1113 privato
894 1036 1163 1083 nomen
1199 1011 1441 1108 ipsum
1468 1014 1968 1081 Romanorum
1990 1035 2280 1110 semper
2304 1011 2408 1082 di·

264 1125 552 1210 lexerit,
578 1148 662 1194 ea
686 1122 988 1222 publico
1016 1121 1320 1192 consilio
1346 1135 1566 1216 atque
1596 1123 2022 1194 auctoritate
2044 1122 2407 1217 judicarit,

261 1238 337 1305 C.
360 1237 608 1306 Verris
640 1247 908 1303 statuas
945 1255 1098 1302 esse
1127 1232 1204 1299 in
1236 1229 1422 1300 urbe
1452 1254 1580 1300 sua
1616 1254 1767 1299 non
1799 1247 2161 1329 oportere.
2210 1238 2409 1305 Reci-

263 1359 497 1415 tarem
534 1344 821 1414 decreta
857 1342 1510 1439 Centuripinorum
1544 1368 1559 1409 :
1598 1339 1973 1412 laudarem
2006 1344 2203 1415 illam
2242 1347 2413 1417 civi-

264 1468 530 1540 tatem3
583 1452 658 1524 id
695 1450 900 1550 quod
932 1453 1295 1523 verissime
1333 1475 1668 1548 possem:
1721 1476 2368 1526 commemorarem
2391 1511 2411 1544 ‚

265 1561 520 1634 decem
545 1562 801 1632 millia¹
822 1562 1085 1632 civium
1114 1562 1763 1659 Centuripinorum
1786 1616 1805 1650 ,
1846 1561 2414 1638 fortissimorum

268 1671 1003 1770 fidelissimorumque
1074 1678 1480 1759 sociorum,
1557 1696 1680 1742 eos
1738 1696 1993 1744 omnes
2051 1679 2416 1762 statuisse,

269 1789 803 1854 Monumssn‘rnm
858 1806 1077 1854 isrms
1137 1808 1213 1853 nv
1292 1807 1425 1852 suet
1490 1806 1821 1852 ctvrrA‘rE
1892 1807 2190 1855 nurum
2261 1810 2416 1858 Essn

268 1919 661 1964 opon'rnnn.
703 1900 866 1966 Haec
903 1909 1062 1964 turn
1102 1894 1457 1979 dicerem,
1496 1894 1554 1964 si
1590 1904 1858 1963 statuas
1890 1895 2226 1966 Metellus
2264 1921 2415 1967 non

269 2005 730 2103 reposuisset.
784 2005 1021 2075 Velim
1083 2027 1405 2101 quaerere
1465 2026 1663 2081 nunc
1719 2027 1808 2072 ex
1855 2003 2015 2099 ipso
2084 2005 2417 2092 Metello,

268 2116 620 2213 quidnam
660 2140 786 2187 sua
830 2120 938 2186 vi'
980 2131 1052 2187 et
1092 2116 1521 2186 auctoritate
1564 2112 1740 2182 mihi
1783 2137 1870 2183 ex
1912 2112 2047 2184 hac
2089 2117 2417 2187 oratione

268 2226 676 2324 praeciderit
726 2253 742 2297 ε
802 2225 1050 2298 eadem
1099 2227 1367 2324 opinor
1408 2227 1652 2295 omnia
1690 2226 2103 2296 convenire.
2161 2229 2419 2324 Neque

265 2340 469 2408 enim
487 2392 507 2422 ,
536 2340 595 2409 si
624 2341 933 2410 maxime
961 2351 1211 2410 statuae
1243 2334 1540 2431 dejectae
1570 2349 1845 2423 essent,
1886 2360 2004 2407 eas
2032 2361 2171 2434 ego
2207 2337 2416 2410 vobis

272 2472 561 2546 possem
600 2448 917 2540 jacentes
951 2445 1422 2536 ostendere³;
1465 2447 1609 2517 hoc
1647 2471 1799 2515 uno
1837 2461 2084 2518 uterer
2115 2475 2130 2517 :
2171 2451 2418 2521 civita-

273 2574 427 2629 tem
482 2571 627 2627 tam
671 2581 957 2653 gravem
1021 2573 1288 2629 statuas
1336 2555 1692 2650 judicasse
1743 2560 1820 2625 C.
1867 2557 2111 2627 Verris
2166 2557 2418 2629 demo-

273 2668 577 2739 liendaS.
633 2674 788 2738 Hoc
836 2668 1018 2739 mihi
1059 2667 1394 2740 Metellus
1444 2691 1598 2737 non
1644 2669 1913 2764 eripuit
1951 2695 1966 2736 ε
2012 2666 2156 2739 hoc
2198 2672 2417 2740 etiam

274 2778 555 2851 addidit
582 2834 601 2868 ,
636 2793 719 2849 ut
762 2803 1146 2875 quererer,
1183 2780 1240 2851 si
1286 2777 1463 2847 mihi
1505 2775 1912 2864 videretur,
1963 2792 2109 2848 tam
2160 2779 2418 2877 iniquo

269 2893 441 2987 jure
484 2893 694 2963 sociis
745 2905 965 2986 atque
1000 2893 1246 2962 amicis
1283 2892 1672 2987 imperari,
1737 2904 1819 2961 ut
1875 2891 1958 2961 iis
2012 2916 2106 2962 ne
2147 2893 2223 2962 in
2270 2897 2421 2965 suis

275 3001 580 3098 quidem
638 2998 1011 3072 beneficiis
1065 2998 1294 3070 libero
1331 2998 1610 3094 judicio
1663 3002 1768 3069 uti
1830 3000 2114 3088 liceret;
2159 3018 2243 3075 ut
2291 3029 2419 3076 vos

274 3136 613 3208 rogarem
636 3114 690 3198 4,
726 3126 813 3182 ut
846 3111 1335 3206 conjecturam
1369 3108 1721 3193 faceretis,
1739 3110 2027 3206 qualem
2056 3112 2134 3182 in
2168 3111 2280 3184 his
2314 3138 2424 3184 re-

280 3223 423 3295 bus
473 3227 549 3293 in
597 3248 712 3295 me
766 3228 840 3294 L.
878 3222 1249 3294 Metellum
1308 3220 1528 3292 fuisse
1583 3223 1971 3318 putaretis,
2028 3225 2103 3292 in
2151 3222 2421 3319 quibus

278 3332 504 3406 rebus
539 3332 794 3406 obesse
830 3333 1010 3404 mihi
1040 3347 1320 3432 posset,
1354 3356 1583 3429 quum
1611 3333 1685 3401 in
1715 3330 1852 3402 hac
1883 3357 1963 3402 re
1995 3346 2141 3401 tam
2174 3348 2424 3429 aperta

280 3442 679 3542 cupiditate
714 3443 935 3516 fuerit
956 3499 975 3532 ,
1010 3448 1089 3515 in
1117 3467 1261 3541 qua
1293 3441 1474 3513 nihil
1514 3440 1773 3513 obfuit.
1799 3441 1938 3513 Sed
1967 3467 2100 3539 ego
2126 3443 2421 3514 Metello

358 3641 586 3687 vam.
634 3656 681 3688 1.
728 3643 903 3689 Decem
951 3642 1124 3690 mima.
1170 3643 1307 3704 Quot

280 3719 417 3767 cives
444 3719 752 3782 Centuripini
778 3732 910 3768 sunt.

364 3814 409 3846 ι.
450 3799 550 3845 Sua
594 3797 668 3846 vi.
717 3799 812 3845 Ista
860 3815 944 3845 sua
983 3798 1215 3847 violentia
1258 3809 1307 3847 et

280 3878 513 3943 praetoria
556 3878 845 3925 auctoritate
895 3894 991 3940 qua
1043 3889 1225 3925 statuas
1278 3895 1305 3925 a

281 3954 622 4020 Centuripinis
638 3967 723 4003 aut
739 3972 925 4003 eversas
941 3989 956 4016 ,
978 3967 1063 4004 aut
1090 3969 1307 4005 everten-

283 4038 375 4085 das
401 4037 575 4101 reponi
599 4035 829 4084 decrevit.

362 4119 411 4166 3.
455 4116 728 4164 Ostendet-e.
758 4116 924 4178 Quum
950 4115 1045 4164 illae
1072 4128 1229 4164 essent
1255 4117 1305 4163 in

286 4198 476 4259 Sicilia,
503 4214 593 4246 vos
623 4212 738 4246 vero
767 4199 956 4246 Romae.

1469 3648 1519 3697 4.
1555 3642 1648 3686 Vos
1670 3653 1918 3702 rogarem.
1946 3637 2061 3686 Non
2083 3638 2234 3686 modo
2252 3640 2428 3689 Metel-

1394 3719 1471 3768 lus
1497 3718 1749 3766 meliorem
1765 3720 1931 3766 Verris
1949 3735 2137 3766 causam
2161 3736 2261 3767 non
2284 3722 2424 3784 fecit,

1395 3798 1482 3846 sed
1535 3797 1680 3845 etiam
1730 3797 1826 3845 sibi
1875 3798 1981 3861 ipse
2026 3800 2224 3856 nocuit,
2271 3817 2426 3864 quum

1395 3894 1527 3925 nunc
1552 3893 1640 3924 vos
1672 3893 1733 3924 ex
1770 3878 1866 3924 isto
1895 3877 2115 3936 Metelli,
2157 3878 2207 3924 in
2247 3895 2300 3926 re
2327 3891 2425 3928 tam

1393 3958 1533 4022 parvi
1586 3958 1855 4014 momenti,
1907 3957 2072 4004 studio
2121 3973 2178 4003 ac
2237 3958 2425 4017 favore,

1395 4036 1639 4096 conjicere
1685 4036 1916 4099 possitis,
1958 4036 2079 4100 quid
2132 4049 2303 4085 contra
2349 4055 2427 4085 me

1398 4115 1595 4171 fecerit,
1623 4130 1776 4177 quum
1807 4129 1921 4162 vere
1965 4123 2014 4161 et
2051 4124 2217 4178 aperte
2249 4132 2428 4166 nocere

1396 4195 1630 4258 potnerit.
