3044 4788
601 409 743 508 376
1241 412 1337 480 M.
1388 410 1466 478 T.
1516 360 2084 481 clcERoms

602 526 967 627 lapidibus
997 530 1331 626 repositae
1358 542 1573 599 sunt:
1608 527 1752 598 hoc
1779 543 1860 598 tu
1888 532 2038 601 H-S
2073 549 2233 598 mu
2271 526 2598 600 millibus
2639 530 2763 602 lo·

599 640 867 711 cavisti.
914 640 1137 735 Atqui
1169 639 1248 708 in
1292 637 1431 710 illis
1469 636 1830 709 columnis
1873 638 2037 710 dico
2080 661 2271 726 esse,
2320 663 2481 735 quae
2524 663 2568 710 a
2615 655 2762 711 tuo

596 749 1063 848 redemptore
1087 764 1465 820 commotae
1486 774 1639 820 non
1670 749 1855 835 sint;
1882 748 2044 819 dico
2080 773 2234 820 esse
2256 803 2275 837 ,
2303 773 2392 820 ex
2416 774 2563 847 qua
2596 765 2760 821 tan·

599 875 754 931 tum
774 861 1159 931 tectorium
1183 873 1393 929 vetus
1410 857 1714 929 delitum
1730 869 1791 902 ¹⁰
1807 860 1921 947 sit,
1941 874 2014 930 et
2029 860 2307 931 novum
2333 859 2751 932 inductum.

600 968 824 1060 Quod
872 969 931 1040 si
967 982 1166 1038 tanta
1201 971 1511 1065 pecunia
1555 968 1931 1040 columnas
1968 967 2288 1041 dealbari
2331 984 2703 1067 putassem
2725 1027 2754 1058 ‚

595 1094 787 1150 certe
830 1101 1233 1174 numquam
1266 1076 1672 1150 aedilitatem
1699 1089 1755 1121 ¹¹
1797 1079 2232 1176 petivissem.

691 1192 873 1258 LVI.
926 1191 1053 1273 At,
1113 1202 1195 1259 ut
1232 1188 1562 1261 videatur
1590 1204 1834 1260 tamen
1873 1215 1987 1262 res
2031 1195 2143 1287 agi
2167 1202 2217 1280 ¹,
2261 1207 2335 1262 et
2370 1216 2523 1262 non
2555 1193 2745 1288 eripi

593 1296 875 1395 pupillo
924 1322 941 1366 ε
988 1300 1061 1368 81
1098 1321 1279 1397 Qum
1316 1322 1560 1369 omnus
1610 1323 1839 1369 cansa
1883 1323 2331 1389 mascmmus,
2392 1326 2744 1372 armet-ro.

594 1407 793 1498 Quid
812 1421 1000 1496 erat‘,
1021 1407 1222 1505 quod
1244 1407 1722 1495 rescinderet,
1750 1434 1980 1506 quum
2007 1435 2142 1482 suo
2171 1435 2544 1507 quemque
2572 1410 2743 1482 loco

591 1519 907 1618 lapidem
953 1523 1382 1618 reponeret?
1416 1522 1562 1609 Qm
1610 1545 2020 1592 annanean-
2037 1531 2094 1610 ²,
2134 1545 2463 1594 samsom-
2499 1547 2743 1592 naum

591 1657 874 1703 lun-cn
907 1656 1010 1720 El,
1047 1656 1172 1714 Qm
1211 1657 1259 1701 A
1305 1655 1577 1701 varmuz
1625 1656 2101 1703 nantum-om:
2147 1655 2553 1702 secun-mr.
2594 1635 2746 1702 De·

589 1740 827 1828 ridet,
885 1765 1120 1839 quum
1177 1738 1317 1811 sibi
1357 1741 1597 1837 ipsum
1643 1740 1857 1837 jubet
1907 1739 2248 1812 satisdare
2298 1740 2739 1812 Rabonium.

590 1855 915 1924 Pecunia
954 1874 1276 1923 mtaesmvs
1330 1874 1717 1922 soma-run.
1776 1848 2064 1940 Quibus
2110 1849 2200 1921 de
2237 1849 2499 1921 bonis?
2535 1850 2697 1944 ejus
2721 1906 2742 1938 ‚

589 1962 744 2058 qui,
764 1957 966 2057 quod
996 1962 1261 2032 tu.H-s
1288 1982 1444 2029 max
1486 1959 1809 2031 millibus
1848 1959 2129 2047 locasti,
2171 1964 2320 2031 H-S
2355 1985 2544 2030 Lxxx
2571 1960 2742 2030 mil-

594 2069 788 2145 libus
824 2066 1261 2144 effecturum
1303 2092 1378 2139 se
1422 2092 1579 2139 esse
1625 2069 1978 2141 clamavit.
2020 2068 2306 2161 Quibus
2346 2069 2438 2141 de
2472 2070 2741 2142 bonis?

592 2176 858 2277 pupilli
885 2229 905 2263 ,
944 2177 1153 2272 cujus
1178 2190 1459 2253 aetatem
1494 2192 1569 2252 et
1600 2178 2107 2266 solitudinem,
2143 2181 2424 2250 etiamsi
2462 2194 2740 2250 tutores

595 2312 749 2358 non
769 2299 1036 2375 essent,
1074 2284 1463 2362 defendere
1489 2303 1758 2386 praetor
1780 2286 2053 2361 debuit.
2080 2287 2476 2359 Tutoribus
2498 2286 2742 2359 defen-

593 2397 972 2486 dentibus,
1012 2424 1161 2469 non
1194 2398 1416 2476 modo
1442 2401 1708 2497 patrias
1745 2401 1899 2494 ejus
1931 2398 2295 2486 fortunas,
2346 2397 2471 2470 sed
2519 2402 2736 2469 etiam

593 2506 792 2580 bona
828 2523 1155 2581 tutorum
1192 2508 1544 2584 ademisti.
1585 2506 1786 2581 Ηοο3
1814 2533 1992 2586 orus
2018 2534 2268 2580 nomm
2310 2534 2442 2580 suo
2472 2534 2738 2593 omont

594 2642 871 2690 norro.
923 2620 1134 2716 Lapis
1176 2619 1434 2716 aliquis
1465 2618 1879 2709 caedendus,
1932 2633 2006 2692 et
2043 2619 2548 2718 apportandus
2597 2618 2736 2691 fuit

1706 2902 1866 2941 tamen
1904 2893 2014 2941 duae
2049 2891 2166 2941 aiut.
2192 2894 2347 2939 Vetus
2384 2890 2516 2939 enim
2552 2888 2738 2937 redeun-

1706 2982 1825 3036 ptor
1855 2982 1926 3020 est
1954 2971 2174 3037 pupillus
2207 2971 2423 3030 Junius3
2465 2970 2552 3031 qui
2577 2969 2640 3017 ab
2672 2984 2736 3016 eo

669 2889 1312 2939 10.Delitum‚Retinendum
1328 2902 1458 2941 recte
1477 2903 1621 2956 putat

597 2974 716 3020 liot.
744 2968 870 3018 Cod.
891 2968 1044 3024 Palat.
1069 2985 1165 3018 aec.
1191 2969 1398 3022 deletum
1416 2991 1437 3029 ,-
1471 2973 1621 3037 prim.

594 3051 866 3105 deleo-eum,-
906 3048 1038 3097 unde
1073 3052 1315 3099 Gruterus
1349 3052 1621 3115 suspicatur

593 3130 835 3196 dejectum
853 3163 870 3186 ,
936 3139 991 3177 ut
1053 3128 1279 3178 laudatur
1329 3133 1579 3180 Prisciano
1604 3164 1619 3189 ,

590 3211 796 3267 xvm,
819 3224 871 3273 p.
902 3207 1052 3256 1151.
1080 3209 1131 3257 J.
1149 3211 1218 3257 V.
1249 3210 1302 3255 L.

667 3287 1091 3338 11.AEdititatem.
1121 3289 1191 3336 Ut
1228 3303 1291 3334 ne
1326 3296 1465 3335 tanto
1498 3288 1620 3352 reip.

590 3379 815 3431 sumptu,
854 3379 1054 3416 curante
1086 3382 1162 3414 me
1182 3399 1198 3425 ,
1234 3381 1384 3429 opera
1426 3366 1625 3429 publica

592 3447 899 3495 sarcirentur.
937 3443 1273 3493 AEdifieiorum
1308 3443 1622 3510 publicorum

593 3538 709 3572 cura
733 3524 799 3571 ad
821 3524 988 3573 aedilee
1014 3524 1302 3589 pertinebat.

660 3602 787 3651 LVI.
818 3619 863 3651 x.
888 3605 1005 3667 Agi.
1040 3605 1158 3652 Jure
1183 3601 1305 3650 fieri.

669 3697 719 3730 a.
771 3680 870 3743 Qui
912 3682 1187 3730 redemerit.
1228 3682 1401 3730 Novus
1437 3682 1626 3731 redem-

593 3773 711 3826 ptor
749 3759 949 3807 satiadet
990 3777 1041 3807 ae
1088 3760 1349 3818 damnum,
1399 3761 1441 3808 si
1484 3763 1624 3825 quod

592 3839 810 3898 aecidat,
841 3837 888 3886 ei
912 3841 1242 3902 praetiturnm
1279 3839 1366 3902 qui
1400 3855 1428 3887 a
1454 3851 1618 3889 vetere

587 3919 897 3982 redemptore
910 3918 1115 3982 aceepit.
1128 3921 1371 3967 Damnum
1385 3918 1617 3984 infectum

589 3998 714 4047 illud
740 4009 834 4056 est,
863 3996 999 4062 quod
1034 3997 1255 4046 nondum
1291 3998 1475 4046 factum
1507 4010 1580 4046 est
1599 4034 1613 4058 ‚

587 4080 676 4127 sed
700 4077 837 4142 quod
862 4077 1135 4127 faciendum
1161 4094 1397 4130 veremur.
1421 4079 1614 4127 Viden·

588 4169 669 4206 tur
712 4157 794 4206 hio
836 4168 933 4206 tres
966 4157 1134 4207 induci
1177 4174 1430 4224 persona,
1462 4175 1616 4223 quum

1705 3050 1928 3113 accepit,
1945 3061 2019 3097 eet
2045 3048 2328 3107 Raboniua,
2361 3047 2442 3095 eui
2459 3050 2594 3109 jam,
2622 3058 2738 3095 ante

1707 3143 1885 3176 novam
1904 3128 2070 3175 Verris
2094 3127 2391 3174 locationem
2407 3161 2422 3185 ,
2460 3126 2616 3174 aedem
2643 3126 2733 3175 Ca·

1709 3207 1856 3255 storia
1900 3205 2024 3253 tradi
2065 3205 2327 3269 oportebat
2369 3220 2478 3267 eap.
2520 3206 2603 3253 50.
2637 3207 2736 3267 Qui

1710 3297 1874 3334 autem
1900 3301 2031 3333 nunc
2057 3283 2260 3332 redemit
2275 3318 2291 3342 ,
2317 3300 2402 3331 seu
2425 3299 2585 3331 novus
2609 3299 2739 3331 man·

1711 3383 1827 3432 ceps
1864 3381 1893 3412 a
1919 3366 2073 3412 Verre
2103 3365 2362 3427 appositus
2390 3374 2465 3411 eet
2489 3363 2621 3411 idem
2642 3367 2737 3412 Ra·

1709 3445 1919 3504 bonins3
1948 3443 2209 3491 ridiculum
2247 3443 2397 3507 igitur
2431 3453 2565 3500 erat,
2602 3443 2738 3507 quod

1709 3524 1791 3571 illa
1810 3523 2013 3571 formula
2031 3524 2208 3570 Verres
2230 3521 2512 3569 Rabonium
2530 3520 2624 3569 eibi
2643 3522 2737 3586 ipsi

1711 3601 1874 3668 ipsum
1897 3601 2126 3650 satisdare
2149 3599 2372 3663 jubebat.

1787 3683 1838 3729 3.
1879 3681 2118 3743 Quaedam
2138 3681 2252 3730 edd.
2280 3684 2426 3729 «Hoc
2452 3695 2577 3728 orus
2605 3695 2739 3728 toxo

1712 3778 1805 3810 suo
1844 3777 2052 3820 quoque
2094 3776 2339 3820 nen-o»,
2377 3776 2443 3808 ex
2476 3759 2737 3816 arbitratu,

1709 3852 1769 3888 ut
1802 3840 2023 3900 videtur,
2067 3839 2393 3898 Hotomanni,
2431 3838 2520 3886 sed
2564 3853 2735 3890 contra

1705 3921 1952 3985 vulgarem
1996 3922 2291 3970 MSStorum
2330 3921 2593 3970 lectionem
2609 3957 2624 3981 ‚
2667 3922 2736 3970 ci·

1704 4010 1953 4064 tatamque
1970 4001 2207 4050 Asconio.
2233 4003 2264 4050 J
2273 4037 2286 4050 .
2301 4002 2365 4047 V.
2396 4001 2451 4047 L.
2471 4028 2543 4036 —
2560 4003 2737 4049 Sensus

1705 4091 1777 4128 est
1807 4095 1820 4129 :
1852 4081 2045 4128 Bonum
2073 4081 2222 4128 facito
2261 4096 2325 4128 ex
2353 4080 2585 4138 materia,
2626 4095 2737 4143 que

1706 4159 1883 4224 cuique
1908 4160 2343 4208 convenit—Suo.
2367 4160 2412 4207 1.
2436 4175 2480 4207 e.
2501 4175 2579 4219 eo,
2600 4161 2740 4222 quod
