3044 4788
684 441 824 528 348
1326 445 1423 515 Μ.
1476 446 1554 511 Τ.
1608 444 2179 514 CICERONIS

677 589 813 661 ego
852 560 1307 635 defensorem
1336 566 1413 632 in
1446 586 1608 633 mea
1643 586 1992 661 persona,
2027 587 2181 633 non
2217 576 2752 634 accusatorem
2772 573 2841 647 ¹⁰,

678 675 986 743 maxime
1010 671 1284 742 laudari
1312 671 1500 742 volo.
1535 676 1877 744 Rationes
1915 672 2010 744 ad
2040 674 2417 759 aerarium,
2443 687 2841 769 antequam

677 781 1055 854 Dolabella
1097 781 1626 853 condemnatus
1662 798 1800 869 est,
1833 808 1984 854 non
2015 782 2235 854 audet
2269 780 2573 854 referre
2600 794 2623 824 ¹
2643 794 2663 825 ¹
2690 810 2711 869 ;
2736 784 2842 850 im-

677 905 912 988 petrat
931 918 972 963 a
991 904 1246 963 senatu
1266 945 1285 979 ,
1321 905 1403 961 ut
1421 889 1575 963 dies
1596 891 1734 964 sibi
1752 908 2292 991 prorogaretur,
2314 893 2550 990 quod
2574 890 2840 963 tabulas

676 1025 841 1071 suas
891 1000 985 1073 ab
1025 1000 1562 1075 accusatoribus
1600 1000 1994 1074 Dolabellae
2030 1000 2464 1099 obsignatas
2522 1001 2837 1072 diceret:

677 1109 985 1207 proinde
1039 1110 1245 1207 quasi
1298 1110 1757 1182 exscribendi
1807 1126 2242 1212 potestatem
2298 1137 2474 1183 non
2519 1110 2835 1183 haberet.

680 1217 890 1291 Solus
923 1235 1034 1293 est
1066 1219 1185 1292 hic
1206 1274 1226 1309 ,
1256 1224 1383 1319 qui
1423 1246 1826 1319 numquam
1851 1225 2167 1294 rationes
2201 1221 2289 1294 ad
2328 1224 2701 1293 aerarium
2737 1243 2832 1291 re·

684 1326 888 1400 ferat.

773 1445 1098 1513 XXXIX.
1148 1440 1465 1515 Audistis
1500 1444 1961 1541 quaestoriam
1995 1446 2352 1515 rationem
2394 1440 2664 1513 tribus
2695 1463 2829 1510 ver·

671 1551 910 1622 siculis
950 1552 1293 1644 relatam3
1332 1555 1707 1652 legationis
1732 1567 1751 1598 ¹
1802 1580 1990 1642 non,
2034 1556 2172 1627 nisi
2216 1554 2742 1628 condemnato.
2766 1562 2826 1621 et

671 1662 904 1758 ejecto
948 1688 1075 1749 e0,
1124 1667 1250 1762 qui
1296 1681 1541 1764 posset
1582 1664 2114 1763 reprehendere
2157 1693 2173 1736 ε
2228 1690 2437 1737 nunc
2507 1664 2823 1757 denique

670 1788 1028 1870 praeturae,
1064 1800 1284 1873 quam
1312 1800 1402 1847 ex
1442 1776 2072 1849 senatusconsulto
2113 1779 2352 1846 statim
2388 1772 2683 1847 refer:e
2715 1770 2823 1841 de-

670 1880 830 1956 buit
860 1939 881 1974 ,
918 1910 1153 1982 usque
1189 1886 1279 1957 ad
1315 1885 1456 1959 hoc
1490 1901 1780 1985 tempus
1817 1912 1969 1958 non
2003 1887 2272 1958 retulit.
2309 1889 2813 1978 Quaestorem²

670 2017 746 2065 se
784 1996 861 2065 in
900 2010 1153 2067 senatu
1187 2012 1603 2093 exspectare
1642 1996 1823 2069 dixit
1858 2025 1874 2067 ε
1914 1998 2220 2096 perinde
2256 2000 2473 2095 quasi
2511 2021 2672 2068 non
2694 2047 2713 2077 ,
2745 2001 2814 2060 ut

667 2117 983 2200 quaestor
1027 2105 1181 2176 sine
1227 2121 1571 2203 praa-tore,
1623 2105 1907 2206 posset³
1959 2109 2319 2180 rationem
2363 2105 2668 2179 referre.
2703 2103 2809 2196 (ut

672 2226 792 2299 tu,
829 2217 1199 2301 Hortensi,-
1235 2230 1318 2286 ut
1352 2216 1649 2311 omnes)
1698 2217 1956 2289 eodem
1990 2216 2222 2288 modo.
2250 2220 2406 2288 sine
2453 2227 2808 2315 quaestore

670 2336 957 2418 praetor.
1014 2324 1255 2414 Dixit,
1294 2325 1488 2398 idem
1526 2327 1974 2400 Dolabellam
2019 2332 2465 2426 impetrasse.
2530 2322 2802 2399 Omens.

670 2435 893 2530 magis
925 2435 1251 2533 patribus
1282 2440 1739 2536 conscriptiS,
1780 2463 2000 2536 quam
2032 2462 2248 2510 causa
2285 2439 2569 2536 placuit
2599 2463 2618 2504 ε
2655 2455 2801 2532 pro-

667 2541 1042 2618 baverunt.
1092 2551 1365 2620 Verum
1412 2566 1804 2648 quaestores
1851 2574 2150 2647 quoque
2197 2547 2644 2646 jampridem
2697 2565 2800 2610 ve·

667 2672 936 2728 nerunt
975 2687 991 2727 :
1045 2683 1176 2729 cur
1218 2685 1368 2731 non
1410 2661 1760 2732 retulisti?
1802 2660 2095 2730 Illarum
2149 2660 2521 2730 rationum
2585 2680 2678 2727 ex
2727 2673 2798 2720 ea

662 2760 872 2836 faece⁵
901 2764 1305 2863 legationis,
1335 2774 1884 2867 quaestoriaeque
1910 2783 2053 2840 tuae
2081 2771 2623 2867 procurationis
2645 2820 2665 2850 ,
2692 2757 2798 2833 illa

743 3058 764 3089 1
774 3057 821 3090 ο.
833 3044 1193 3097 Accusatorem.
1205 3052 1580 3099 Accusatorium
1600 3067 1683 3099 no·

666 3137 777 3169 men
801 3123 869 3170 ita
895 3125 1002 3172 viro
1028 3125 1163 3175 bono
1189 3129 1472 3193 fugiendum
1501 3140 1575 3178 est
1591 3165 1605 3190 ,
1630 3141 1684 3179 ut

664 3212 748 3250 aut
771 3202 871 3250 dici
894 3205 1097 3254 omnino
1123 3223 1174 3254 se
1191 3219 1517 3257 accusatorem
1537 3209 1684 3266 nolit,

664 3294 751 3330 aut
774 3283 892 3331 velit
917 3301 967 3332 se
994 3300 1097 3335 non
1125 3288 1240 3335 satis
1263 3300 1595 3336 accusatorem
1616 3291 1684 3335 vi-

659 3360 779 3411 deri.
798 3365 986 3413 Ascox.

739 3456 818 3492 ιι.
850 3446 1057 3512 Restm-e.
1093 3448 1221 3512 Quia
1259 3464 1421 3496 earum
1463 3447 1685 3512 redargui

660 3523 838 3573 salsitas
865 3528 1118 3588 potuisset.
1228 3527 1235 3532 ’

729 3605 960 3652 XXXIX
989 3623 1036 3655 1.
1063 3607 1351 3672 Legationis.
1372 3610 1550 3655 Sensus
1575 3620 1646 3656 est
1668 3622 1680 3655 ε

659 3683 881 3733 Audistis
904 3696 1158 3747 quaesturae
1194 3688 1403 3735 rationes
1434 3688 1591 3734 tribus
1625 3688 1682 3734 li-

659 3763 763 3812 neis
805 3762 1008 3820 relatas;
1048 3764 1252 3813 audistis
1287 3766 1543 3829 legationis
1578 3781 1678 3813 non

661 3842 833 3891 relatas
869 3843 1102 3901 rationes,
1146 3845 1240 3891 nisi
1275 3861 1360 3902 eo,
1406 3856 1499 3893 etc.
1550 3861 1679 3892 nunc

661 3922 871 3985 denique
901 3922 1131 3970 rationem
1168 3935 1390 3987 praeturae
1424 3940 1524 3973 non
1559 3935 1681 3972 retu-

660 4001 747 4059 lit,
777 4011 873 4049 etc.

731 4096 784 4129 a.
802 4080 1114 4143 Quoestorem.
1142 4081 1361 4130 Alterum
1384 4100 1410 4128 e
1433 4083 1531 4130 suis
1551 4098 1679 4146 quae·

657 4161 891 4222 sutoribus,
914 4161 999 4224 qui
1027 4161 1131 4209 bini
1155 4173 1317 4223 erant,
1347 4165 1679 4228 Syracusanus

1774 3061 1822 3098 et
1843 3051 2197 3116 Libybaetauus.
2208 3051 2369 3100 Habet
2381 3039 2571 3099 Ascon.
2585 3037 2789 3108 1)αὲδῶ-

1771 3140 1820 3177 et
1840 3131 1952 3179 Sch.
1969 3141 2243 3194 quaeseores.

1845 3210 1898 3258 3.
1934 3211 2126 3258 Manut.
2158 3221 2206 3257 et
2237 3212 2444 3258 Hotom.
2490 3214 2699 3273 «posset
2724 3213 2788 3245 ἴθ’

1773 3291 1958 3338 ferre».
1986 3289 2082 3337 Sed
2108 3288 2365 3336 nobiscum
2397 3289 2584 3336 faciunt
2611 3284 2787 3331 Victor·

1775 3370 1886 3418 Car.
1917 3369 2084 3432 steph.
2124 3368 2347 3416 Lamban.
2378 3379 2424 3414 et
2465 3378 2675 3430 uterquc
2707 3353 2787 3406 MS

1773 3451 1943 3495 Frauc.

1847 3533 1893 3580 4.
1919 3527 2085 3572 Omen.
2113 3526 2352 3573 Utebatur
2369 3528 2545 3571 Verres
2569 3512 2784 3570 Dolabel·

1771 3605 1838 3672 lae¹
1853 3604 2104 3669 exemplo,
2123 3607 2208 3670 qui
2236 3604 2613 3668 repetundarum
2639 3600 2780 3647 suc-'¹²²

1771 3685 2046 3742 damnatum
2069 3684 2186 3732 hinc
2207 3685 2410 3731 ominati
2436 3693 2549 3730 sunt
2572 3674 2778 3728 eumde¹¹¹

1768 3766 1874 3813 sore
1916 3764 2119 3826 hujusce
2162 3763 2336 3825 judicii
2390 3763 2606 3821 exitum;
2655 3746 2779 3819 q1²⁰d

1769 3860 1912 3892 omen
1947 3845 2098 3908 magis
2137 3843 2207 3890 eis
2247 3843 2429 3907 placuit
2465 3857 2607 3905 quam
2642 3844 2775 3882 01⁰⁰·

1769 3924 1909 3972 sado.

1842 4005 1891 4053 5.
1915 4005 2065 4051 Faece.
2091 4005 2165 4051 Ex
2185 4000 2389 4049 residuis
2415 3998 2637 4046 sordibus
2657 3990 2772 4040 iuius

1769 4094 1866 4130 tuae
1902 4083 2156 4146 legationis
2197 4081 2356 4144 capita
2393 4080 2637 4127 desumam
2675 4080 2772 4134 (1⁰²²

1769 4161 2029 4210 Dolabella·
2057 4162 2249 4209 fuerunt
2277 4160 2526 4222 imputata.
