3044 4788
596 426 805 494 xxxiv
1390 427 1950 495 PRAEFATIO

594 548 865 619 lumina
908 559 978 615 et
1015 542 1293 616 flosculi
1336 548 1858 643 sententiarum
1904 547 2057 619 sine
2096 547 2314 620 modo
2359 551 2615 621 structi
2651 551 2722 618 in

590 654 927 726 clausulis
964 653 1310 726 clamores
1341 669 1415 726 et
1453 654 2001 743 admirationes,
2043 655 2241 727 velut
2272 657 2447 728 olim
2483 659 2560 728 in
2595 656 2725 728 bo-

591 765 703 835 nis
759 761 1167 834 oratoribus
1231 787 1442 835 verus
1496 767 1842 838 orationis
1892 781 2191 837 ornatus
2216 821 2235 853 ,
2301 765 2722 839 effecerunt.

588 880 899 947 Tantum
960 874 1375 970 eloquentia
1442 873 1739 947 descivit
1789 901 1829 946 a
1872 890 2109 946 vetere
2160 875 2385 973 gloria
2426 874 2441 946 !
2508 880 2725 947 Primi

597 984 929 1055 omnium
960 1008 1115 1054 eam
1150 983 1625 1081 perdiderunt
1649 983 2186 1070 declamatores,
2204 1008 2470 1075 novum
2496 1008 2726 1081 genus

591 1106 963 1164 oratorum
987 1147 1006 1180 ,
1073 1093 1199 1189 qui
1260 1095 1627 1165 Ciceronis
1687 1107 1918 1165 aetate*
1951 1118 2181 1190 quum
2257 1095 2725 1180 exstitissent,

586 1200 867 1274 levibus
910 1217 1128 1299 atque
1177 1202 1517 1274 inanibus
1561 1206 1758 1274 sonis
1803 1204 2111 1276 ludibria
2158 1204 2484 1301 quaedam
2535 1208 2723 1275 exci-

587 1310 846 1398 tando,
894 1310 1224 1384 fecerunt
1277 1326 1355 1383 ut
1414 1338 1680 1410 corpus
1725 1315 2070 1384 orationis
2122 1329 2589 1385 enervaretur
2645 1328 2721 1384 et

586 1419 895 1493 caderet.
935 1425 1069 1491 Per
1094 1446 1221 1493 eos
1259 1447 1300 1492 a
1336 1424 1643 1493 naturali
1684 1423 2222 1521 pulchritudine
2255 1424 2582 1496 traducta
2615 1437 2726 1493 est

584 1535 767 1602 ratio
805 1529 1088 1602 (licendi
1124 1530 1212 1602 ad
1261 1534 1664 1629 conquisita
1700 1548 2169 1621 ornamenta3
2209 1535 2297 1605 ad
2344 1548 2721 1606 ventosam

590 1654 663 1712 et
691 1665 1060 1713 enormem
1089 1641 1596 1738 loquacitatem
1621 1670 1640 1725 ;
1670 1643 1759 1714 ad
1795 1668 2040 1715 rerum
2071 1658 2432 1715 tumorem
2463 1660 2537 1715 et
2565 1667 2728 1714 sen·

586 1752 977 1822 tentiarum
1017 1754 1481 1823 vanissimum
1515 1756 1917 1851 strepitum.
1954 1756 2265 1826 Lumina
2294 1752 2729 1840 verborum,

588 1863 881 1959 argutiae
905 1917 924 1950 ,
963 1860 1348 1944 antitheta,
1391 1862 1689 1959 turgidae
1725 1862 2010 1960 figurae,
2053 1865 2146 1933 in»
2174 1862 2506 1933 clausulis
2551 1887 2718 1933 sen-

588 1971 905 2041 tentiolae
927 2024 946 2051 ,
987 1994 1116 2066 per
1146 1995 1269 2042 eos
1306 1968 1786 2068 frequentari,
1817 1998 1944 2044 seu
1976 1974 2216 2071 potius
2261 1975 2414 2043 sine
2445 1972 2723 2065 judicio

591 2079 1024 2159 accumulari
1056 2095 1457 2176 coeperunt.
1502 2087 1586 2152 At
1623 2081 1749 2152 ubi
1774 2086 1854 2150 L.
1897 2086 2164 2152 Seneca
2201 2081 2422 2178 coepit
2447 2083 2523 2150 in
2556 2078 2726 2151 foro

591 2190 964 2285 causisque
1019 2191 1319 2277 versari,
1381 2192 1795 2288 eloquentia
1842 2193 2136 2264 demum
2193 2193 2426 2290 periit.
2476 2191 2728 2261 Multae

592 2303 876 2370 Senecae
905 2299 1249 2393 (Quintil.
1284 2306 1388 2384 X,
1462 2301 1543 2393 1)
1593 2315 1665 2371 et
1726 2325 1995 2398 magnae
2033 2305 2331 2371 virtutes
2376 2296 2724 2370 fuerunt:

594 2412 970 2506 ingenium
1010 2408 1212 2481 facile
1243 2424 1315 2479 et
1345 2412 1763 2507 copiosnm;
1799 2412 2187 2508 plurimum
2221 2410 2482 2492 studii;
2535 2408 2724 2477 mul-

590 2535 827 2589 tarum
881 2543 1120 2589 rerum
1187 2519 1526 2615 cognitio.
1588 2524 1770 2592 Nam
1840 2535 1913 2591 et
1965 2521 2340 2590 orationes
2391 2517 2585 2612 ejus,
2653 2533 2727 2588 et

599 2644 962 2727 poemata,
1022 2643 1095 2698 et
1133 2628 1486 2725 epistolae,
1541 2643 1613 2699 et
1665 2628 1925 2724 dialogi
1987 2628 2340 2700 feruntur.
2378 2630 2727 2723 Egregius

598 2739 940 2809 vitiorum
979 2740 1366 2808 insectator
1402 2735 1585 2807 fuit:
1625 2739 1864 2808 multae
1910 2742 1984 2808 in
2036 2763 2124 2809 eo
2171 2736 2520 2832 claraeque
2556 2759 2724 2806 sen-

548 2863 553 2868 '
595 2849 854 2918 tentiae.
925 2844 1063 2916 Sed
1135 2845 1262 2916 has
1321 2859 1556 2916 tantas
1622 2848 1755 2917 viri
1809 2847 2109 2917 virtutes
2171 2847 2492 2944 ingentia
2553 2847 2725 2916 vitia

590 2955 990 3052 aequabant.
1034 2956 1247 3027 Nulla
1282 2972 1434 3027 erat
1467 2959 1544 3027 in
1595 2981 1681 3026 eo
1726 2958 1832 3026 vis
1878 2958 2232 3044 oratoria;
2279 2955 2563 3027 nullum
2601 2955 2722 3049 ju-

596 3064 906 3150 dicium,
956 3069 1029 3134 in
1084 3066 1241 3160 ejus
1288 3081 1530 3138 mente
1577 3066 1773 3136 nulla
1816 3066 2170 3138 insidebat
2216 3068 2489 3165 species
2537 3089 2727 3137 verae

590 3200 1088 3273 germanaeque
1117 3175 1566 3272 eloquentiae.
1593 3180 1841 3246 Genus
1877 3175 2159 3247 dicendi
2194 3175 2522 3260 fractum,
2552 3199 2723 3245 con·

594 3288 842 3368 cisum,
882 3287 1255 3370 mutilum,
1296 3286 1499 3356 hians
1531 3314 1547 3355 ε
1587 3287 1783 3357 nulla
1816 3286 2204 3358 verborum
2246 3287 2535 3368 electio,
2569 3284 2724 3356 col-

593 3395 890 3483 locatio;
920 3397 1116 3467 nulla
1136 3396 1691 3494 comprehensio
1717 3421 2101 3469 numerose
2127 3411 2199 3468 et
2218 3410 2382 3493 apte
2411 3395 2721 3467 cadens:

593 3531 871 3605 aspera,
896 3509 1148 3590 tristiS,
1177 3506 1470 3577 horrida
1504 3507 1734 3578 oratio
1753 3561 1773 3593 ,
1821 3531 2062 3603 neque
2093 3504 2442 3603 perfecta,
2482 3529 2723 3601 neque

593 3616 954 3690 conclusa:
982 3646 1015 3676 κ
1029 3621 1207 3688 Com
1218 3618 1590 3689 missiones
1610 3642 1842 3701 merae,
1863 3617 2018 3687 calx
2034 3617 2187 3686 sine
2207 3640 2421 3686 arena
2443 3645 2499 3684 n.
2522 3620 2719 3686 Suet.

592 3729 669 3797 in
692 3727 838 3798 Cal.
870 3751 928 3797 c.
965 3726 1080 3799 53.
1111 3732 1219 3799 De
1246 3730 1409 3798 Sen.
1433 3725 1576 3797 vid.
1602 3733 1680 3798 A.
1701 3725 1881 3797 Gell.
1906 3731 2043 3798 XII
2062 3779 2081 3812 ,
2110 3753 2171 3795 α.
2194 3726 2416 3812 Talis,
2444 3750 2573 3796 seu
2594 3748 2725 3821 po-

590 3838 755 3922 tius,
779 3839 878 3908 sic
905 3838 1103 3909 nulla
1127 3836 1264 3908 fuit
1300 3862 1598 3908 romana
1616 3837 2297 3933 eloquentia,quum
2336 3836 2411 3904 in
2436 3838 2724 3905 Cicero·

592 3951 704 4018 nis
727 3949 991 4045 scripta
1017 3971 1389 4019 censuram
1412 3951 1603 4042 Aper
1627 3949 1948 4017 exercuit
1974 3972 1989 4015 ε
2021 3944 2400 4016 amabatur
2425 3949 2724 4029 Seneca;

592 4057 787 4129 solus
838 4056 986 4129 fere
1036 4073 1188 4129 erat
1221 4056 1785 4127 adolescentium
1833 4060 1906 4125 in
1960 4053 2333 4136 manibus;
2394 4051 2723 4151 placebat

594 4184 892 4264 proptor
925 4168 1074 4238 sola
1112 4169 1315 4254 vitia,
1360 4163 1628 4262 quibus
1664 4188 1750 4236 eo
1789 4169 2009 4264 magis
2043 4167 2462 4261 perniciosis
2492 4163 2725 4234 abun-
