3044 4788
708 391 819 460 IN
869 392 1305 461 VERREM
1353 394 1661 462 ACTIO
1712 394 2051 462 PRIMA.
2302 391 2437 491 257

305 527 503 599 vem,
531 525 612 582 ut
650 505 964 609 quisque
1000 537 1117 583 me
1151 512 1469 601 viderat,
1508 513 1865 585 narrabat.
1906 516 2074 586 Aliis
2112 514 2286 586 illud
2329 522 2446 587 ina

308 624 613 719 dignum
634 677 652 708 ‚
677 624 833 694 aliis
858 622 1249 694 ridiculum
1283 623 1670 696 videbatur
1699 651 1714 694 τ
1748 624 2137 696 ridiculum
2161 629 2285 715 iis,
2317 631 2444 723 qui

308 737 513 804 istius
562 758 850 805 causam
906 736 982 803 in
1019 737 1316 805 testium
1354 732 1528 821 fide,
1577 739 1654 804 in
1697 738 2087 806 criminum
2122 740 2405 808 ratione
2429 793 2448 824 ,

308 847 385 913 in
431 842 765 936 judicum
807 856 1198 940 potestate,
1245 869 1398 914 non
1451 848 1528 915 in
1582 848 1892 917 comitiis
1946 845 2448 919 consularibus

305 957 616 1050 positam
653 952 1227 1041 arbitrabantur3
1270 952 1651 1053 indignum
1688 959 1815 1045 iis,
1860 961 1988 1054 qui
2028 957 2243 1029 altius
2280 983 2445 1056 per-

305 1063 749 1160 spiciebant,
805 1078 880 1135 et
923 1064 1111 1134 hanc
1152 1064 1715 1160 gratulationem
1757 1065 1849 1137 ad
1879 1067 2238 1159 judicium
2285 1094 2447 1141 cor-

306 1173 801 1272 rumpendum
839 1188 1162 1270 spectare
1201 1173 1748 1246 arbitrabantur
1770 1186 1822 1245 ⁷.
1874 1181 2158 1248 Etenim
2200 1183 2302 1251 sic
2337 1204 2448 1251 ra·

308 1285 867 1371 tiocinabantur‚
926 1288 1027 1356 sic
1067 1285 1557 1357 honestissimi
1602 1285 1937 1358 homines
1998 1291 2190 1360 inter
2248 1315 2325 1362 se
2382 1306 2457 1362 et

311 1421 599 1468 mecum
638 1394 1182 1492 loquebantur:
1223 1409 1474 1493 aperte
1515 1395 1667 1489 jam
1710 1419 1793 1466 ac
1828 1400 2212 1494 perspicue
2257 1399 2457 1471 nulla

311 1519 467 1576 e'sse
493 1503 758 1598 judicia
791 1533 807 1575 ε
838 1508 966 1601 qui
987 1529 1156 1576 reus
1183 1505 1415 1602 pridie
1434 1505 1585 1600 jam
1610 1510 1763 1603 ipse
1793 1528 1869 1578 se
1888 1506 2455 1580 condemnatum

314 1614 657 1713 putabat,
694 1619 788 1704 is,
817 1625 1293 1713 posteaquam
1329 1613 1670 1686 defensor
1714 1617 1869 1710 ejus
1911 1618 2165 1687 consul
2203 1634 2311 1690 est
2347 1618 2453 1691 fa-

316 1742 507 1812 ctus,
536 1724 952 1797 absolvitur.
986 1723 1184 1814 Quid
1213 1724 1477 1823 igitur?
1504 1723 1709 1823 quod
1739 1739 1890 1797 tota
1922 1721 2224 1815 Siciliass,
2255 1728 2459 1824 quod

315 1861 569 1908 omnes
612 1836 874 1921 Siculi,
917 1860 1172 1907 omnes
1217 1837 1706 1933 negotiatores
1726 1844 1783 1920 9,
1841 1859 2098 1907 omnes
2150 1836 2456 1934 publicae

314 1951 755 2046 privataeque
796 1946 1021 2018 literae
1065 1950 1313 2017 Romae
1348 1960 1559 2033 sunt,
1601 1944 1883 2016 nihilne
1919 1945 1992 2015 id
2028 1945 2459 2018 valebit?—

310 2058 605 2147 nihil¹⁰‚
655 2061 885 2128 invito
924 2056 1223 2129 consule
1267 2055 1667 2153 designato.
1698 2053 1895 2145 Quid
1930 2054 2260 2151 judiees?
2299 2084 2458 2129 non

312 2173 639 2252 erimina,
659 2195 814 2240 non
833 2183 1076 2255 testes,
1093 2192 1245 2238 non
1267 2169 1874 2237 existimationem
1895 2166 2153 2263 populi
2178 2173 2458 2238 romani

313 2280 874 2377 sequentur?-—
899 2303 1104 2348 non.
1151 2280 1398 2349 omnia
1429 2281 1507 2348 in
1547 2281 1764 2347 unius
1791 2290 2149 2421 potestate
2184 2302 2268 2350 ae
2294 2304 2456 2351 mo·

313 2388 769 2462 deratione¹¹
812 2403 1214 2460 vertentur.
1385 2398 1394 2405 '

415 2503 609 2571 VIII.
643 2504 829 2572 Vere
858 2500 1140 2597 loquar,
1165 2498 1493 2594 judices·
1476 2553 1493 2569 .
1525 2499 1997 2570 vehementer
2022 2524 2140 2571 me
2165 2500 2317 2571 haec
2345 2526 2461 2575 res

318 2608 848 2680 commovebat.
892 2614 1231 2709 Optimus
1269 2613 1463 2681 enim
1497 2614 1814 2708 quisque·
1851 2613 1950 2681 ita
1978 2600 2458 2707 loquebatur:

317 2720 504 2789 «iste
541 2719 842 2815 quidem
871 2717 1032 2791 tibi¹
1067 2724 1443 2818 eripietur;
1482 2718 1610 2791 sed
1637 2730 1814 2801 nos²
1848 2744 1999 2790 non
2038 2718 2457 2793 tenebimus

313 2828 586 2923 judicia
615 2827 891 2900 diutius
921 2858 938 2899 ε
979 2833 1247 2902 etenim
1285 2834 1451 2927 quis
1488 2833 1798 2928 poterit,
1830 2834 2051 2900 Verre
2085 2827 2456 2919 absoluto,

320 2938 414 3010 de
443 2938 956 3011 transferendis
974 2940 1265 3035 judiciis
1291 2940 1713 3012 recusareP»
1732 2944 1902 3010 Erat
1921 2939 2265 3012 omnibus
2298 2968 2456 3014 mo-

321 3050 630 3121 lestum:
672 3075 911 3146 neque
958 3076 1085 3123 eos
1123 3068 1270 3122 tam
1309 3055 1514 3122 istius
1563 3050 1879 3120 hominis
1915 3049 2179 3147 perditi
2218 3053 2463 3124 subita

322 3161 600 3250 laetitia,
637 3185 857 3259 quam
923 3161 1243 3234 hominis
1298 3157 1767 3261 amplissimi³
1831 3186 2021 3232 nova
2075 3164 2462 3260 gratulatio

396 3424 448 3469 7.
465 3408 596 3457 Olim
620 3408 874 3459 videbant.
895 3411 1018 3460 Inde
1034 3426 1185 3476 quum
1207 3411 1350 3463 hexa-
1438 3412 1490 3459 iu
1515 3410 1677 3459 Sicilia
1706 3411 2044 3474 negotiantum
2073 3411 2349 3460 testimonia
2381 3412 2465 3461 de·

319 3499 527 3536 metrum
546 3489 771 3547 oriretur,
801 3489 966 3538 Lamb.
980 3491 1192 3552 conjecit
1218 3490 1350 3538 arbi·
1437 3492 1586 3555 nique
1608 3501 1709 3538 tum
1732 3490 1932 3554 publiea
1948 3524 1965 3549 ,
1990 3501 2097 3537 tum
2118 3490 2321 3554 privata.

319 3579 546 3624 erat-cem,
564 3568 703 3631 quod
719 3569 768 3615 in
790 3571 875 3617 MS
898 3570 969 3633 pl.
986 3581 1059 3617 est
1076 3573 1346 3619 inventum.
1515 3585 1595 3619 10.
1630 3568 1777 3617 Nihil.
1802 3569 1962 3633 Fingit
1984 3568 2088 3616 haec
2114 3578 2279 3616 orator
2297 3570 2348 3617 h.
2362 3571 2399 3621 1.
2418 3578 2467 3620 et

397 3648 447 3696 8.
484 3647 631 3708 Quod
665 3658 770 3694 eota
813 3646 1001 3697 Sicilia.
1037 3649 1155 3697 Non
1195 3648 1347 3697 semel
1435 3648 1561 3697 infra
1586 3664 1613 3695 a
1631 3647 1799 3694 Verris
1820 3647 1987 3693 amieis
2010 3649 2309 3712 responderi.

322 3725 467 3773 nobis
499 3726 624 3773 illud
654 3727 926 3775 mirandum
966 3731 1178 3778 occurrit
1195 3763 1211 3789 ‚
1249 3744 1347 3792 qna
1513 3740 1593 3774 11.
1623 3725 1987 3775 Moderatione.
2009 3728 2154 3775 Unus
2174 3730 2465 3797 Hortensius·

318 3818 428 3854 arte
447 3806 619 3854 Cicero
637 3805 893 3871 loquentes
915 3817 1103 3855 ceteros
1125 3807 1351 3871 inducat,
1442 3808 1605 3855 omnia
1630 3816 1759 3869 reget
1784 3821 1841 3851 ac
1867 3806 2216 3855 moderabitur.

321 3886 390 3933 ita
409 3897 593 3933 ut-non
604 3887 705 3946 jam
722 3898 965 3934 oratorem
985 3886 1168 3944 audire,
1184 3902 1354 3935 verum
1443 3898 1446 3901 ·
1512 3888 1653 3934 vm.
1681 3900 1728 3932 1.
1756 3883 1874 3933 Tibi.
1899 3886 1969 3933 Te
1996 3897 2268 3955 accusante,
2289 3904 2314 3933 a
2337 3887 2465 3947 judi-

322 3964 528 4012 diversis
575 3964 830 4013 hominum
883 3965 1143 4029 colloquiis
1186 3965 1353 4013 adesse
1441 3966 1520 4013 cio
1547 3982 1635 4030 per
1657 3966 1907 4013 consulem
1932 3966 2235 4016 liberabitur.

321 4043 592 4091 videamur.
1512 4062 1563 4093 a.
1591 4045 1711 4093 Nos.
1733 4046 2002 4094 Senatores.

395 4137 444 4184 9.
474 4121 829 4187 Negotiator-es.
853 4123 995 4172 Cives
1021 4124 1235 4185 romani,
1263 4125 1348 4188 qui
1447 4134 1452 4139 “
1514 4126 1562 4171 3.
1591 4123 1904 4187 Amplissimi.
1926 4125 2174 4173 Curionis.

524 4214 575 4279 Ῑ.
626 4227 712 4273 Cic.
733 4241 848 4286 pare
868 4226 1081 4273 secunda.
2141 4234 2160 4278 1
2185 4234 2222 4305 7
