3044 4788
633 396 765 463 DE
813 394 1594 463 VECTIGALIBUS
1638 397 1897 463 REIP.
1946 409 2083 465 etc.
2276 396 2402 466 561

298 535 461 599 tem3
487 534 802 604 quantum
832 516 1063 604 reliqui
1090 515 1314 578 Siciliae
1339 530 1598 602 portus3
1632 533 1947 603 quantum
1980 519 2416 605 Syracusanus

298 626 435 711 ipse
471 623 537 684 in
580 622 759 684 omni
808 621 1085 699 cujusvis
1123 620 1435 683 mercium
1472 621 1724 706 generis
1763 619 2138 686 advectione
2177 641 2241 687 et
2274 648 2418 688 eve·-

298 730 514 792 ctione
565 744 705 791 toto
755 750 926 790 anno
973 725 1226 790 efficere
1276 724 1573 789 debuerit
1618 727 2062 813 pecuniarum.
2119 729 2250 811 Qui
2304 732 2418 795 has

299 835 399 897 vel
443 831 523 896 ad
560 832 818 920 viginti,
852 831 951 895 vel
994 831 1186 895 etiam
1234 830 1316 892 ad
1359 830 1620 917 triginta
1667 832 1901 919 gallicas
1942 824 2230 920 pecuniae
2278 838 2419 899 mil-

300 939 503 1001 liones
535 935 947 1024 produxerit,
993 959 1076 999 an
1110 935 1215 998 ille
1257 932 1562 997 audacior
1599 936 1664 997 in
1709 937 1811 999 illa
1857 961 1927 1000 re
1972 939 2262 1027 augenda
2302 943 2423 1004 erit

295 1043 424 1121 jam
473 1040 980 1105 existimandus?
1029 1039 1414 1118 Conjectura
1458 1037 1638 1101 ducti
1683 1057 1779 1104 sat
1824 1041 2028 1123 bona,
2078 1060 2142 1107 et
2185 1047 2419 1132 pressis

299 1148 622 1211 Ciceronis
666 1171 744 1209 ex
784 1146 1067 1233 vestigiis
1105 1142 1583 1209 subodoramur
1630 1168 1825 1231 quam
1872 1171 2143 1237 magnus
2187 1174 2420 1215 census

301 1253 667 1340 reipublicae
695 1250 889 1314 fuerit
913 1272 992 1312 ex
1019 1249 1246 1315 Sicilia.
1285 1252 1372 1311 At
1398 1266 1644 1336 quanto
1668 1248 1778 1313 fiet
1808 1254 2033 1333 major,
2068 1255 2120 1317 si
2146 1259 2422 1345 vectiga-

301 1360 470 1422 libus
509 1358 631 1420 illis
671 1356 1035 1435 adjunxeris
1081 1355 1430 1418 minutiora
1476 1355 1812 1442 quaedam:
1860 1358 1913 1419 si
1959 1359 2183 1423 tributi
2220 1386 2426 1450 genus

303 1460 622 1526 addideris
664 1483 796 1524 non
834 1460 1005 1542 leve,
1051 1458 1230 1547 quod
1264 1457 1688 1546 stipendiariae
1725 1483 1860 1522 non
1890 1484 2109 1547 paucae
2141 1466 2423 1532 civitates

307 1569 370 1629 in
412 1566 621 1629 Sicilia
655 1564 1042 1653 pendebant.
1090 1567 1171 1627 At
1210 1564 1417 1627 Sicilia
1467 1579 1707 1650 quanta
1750 1587 1895 1651 pars
1945 1566 2070 1629 fuit
2114 1571 2285 1633 orbis
2323 1596 2427 1635 ro·

307 1670 526 1735 mani?
561 1673 854 1758 profecto
888 1693 969 1733 ne
998 1670 1347 1733 centesima
1374 1668 1661 1755 quidem.

395 1779 533 1840 Jam
565 1799 718 1839 vero
751 1792 914 1862 quot
951 1790 1133 1838 erant
1163 1791 1419 1860 portuS,
1453 1775 1520 1836 in
1552 1774 1788 1861 quibus
1824 1797 1957 1839 non
1994 1777 2327 1866 vigesima,
2353 1799 2428 1846 ut

307 1882 669 1970 Syracusis»,
692 1880 805 1944 sed
829 1897 1051 1944 octava
1079 1880 1269 1943 etiam
1305 1880 1696 1968 exigebatur.
1731 1882 1883 1945 Haec
1915 1883 2089 1946 enim
2118 1908 2235 1971 pro
2270 1887 2429 1950 locis

309 2005 374 2051 et
423 1987 744 2050 mercibus
789 1986 1060 2049 variasse
1101 1982 1502 2072 opinandum
1554 2001 1690 2065 est3
1739 1987 2013 2051 maxime
2054 2004 2268 2052 tamen
2307 2014 2429 2078 pro

310 2092 662 2172 mercibus,
699 2107 774 2153 ut
805 2090 1058 2178 gravius
1094 2090 1363 2178 vectigal
1399 2089 1722 2152 solverent
1748 2094 2132 2180 peregrinae,
2163 2095 2246 2157 ad
2271 2095 2431 2159 deli·

310 2199 435 2261 cias
474 2198 673 2285 magis
707 2212 821 2258 aut
855 2217 1198 2283 pompam,
1233 2212 1428 2280 quam
1473 2192 1557 2256 ad
1604 2216 1798 2258 usum
1851 2201 2278 2263 necessarium
2334 2201 2432 2264 in-

310 2319 537 2383 vectae3
583 2301 792 2389 qualia
846 2316 1000 2363 sunt
1060 2321 1412 2379 marmora,
1469 2300 1666 2380 ebur,
1721 2323 2026 2388 gemmae,
2081 2307 2432 2396 mancipia,

313 2424 682 2497 unguenta,
739 2424 803 2471 et
835 2424 1046 2471 cetera
1080 2405 1331 2470 infinita
1365 2407 1720 2487 ejusmodi,
1772 2409 2010 2494 quihus
2047 2412 2235 2476 luxus
2266 2414 2438 2478 indi-

312 2514 530 2602 gebat:
559 2512 795 2598 quibus
829 2513 880 2574 si
912 2529 1199 2575 octavam
1228 2511 1508 2597 imponis
1535 2511 1835 2598 vectigal,
1875 2533 2191 2601 quantum
2229 2517 2294 2581 id
2326 2519 2434 2582 fu·

317 2635 535 2680 turum
569 2615 689 2679 sit?
713 2619 940 2702 Neque
973 2632 1181 2680 tamen
1209 2616 1310 2678 his
1343 2616 1679 2697 omnibus,
1704 2639 1846 2702 quae
1873 2619 2218 2706 significata
2246 2641 2433 2704 sunt,

314 2721 641 2809 vectigalia
667 2718 1156 2784 definiebantur.
1188 2721 1390 2784 Erant
1425 2737 1734 2807 praeterea
1777 2723 2132 2788 minutiora
2171 2729 2318 2811 alia,
2360 2747 2437 2794 ut

317 2825 514 2890 modo
569 2824 979 2906 dicebamuS,
1030 2848 1170 2910 quae
1221 2826 1512 2912 pecuniis
1567 2848 1700 2888 non
1753 2829 2131 2913 spernendis
2191 2849 2255 2896 et
2299 2836 2437 2922 ipsa

318 2932 791 3020 locupletabant
814 2930 1107 2993 aerarium
1127 2954 1143 3010 3
1165 2931 1262 2993 uti
1287 2947 1440 2994 sunt
1466 2932 1787 3020 vigesimae
1812 2936 2398 3002 manumissionum
2419 2965 2437 3019 ;

318 3040 679 3103 centesimae
711 3060 928 3100 rerum
962 3037 1281 3099 venalium
1305 3087 1322 3111 ‚
1369 3053 1434 3100 et
1460 3037 1837 3101 auctionum
1862 3088 1880 3120 ,
1916 3039 1995 3103 de
2032 3043 2266 3128 quibus
2305 3046 2437 3109 Cic.

319 3146 499 3234 epist.
539 3145 614 3209 18
651 3142 731 3207 ad
761 3146 1072 3222 Brutum3
1110 3159 1174 3205 et
1206 3160 1413 3206 cetera
1449 3143 1517 3205 id
1559 3165 1761 3230 genus
1798 3167 1950 3208 sane
1986 3147 2207 3211 multa.

406 3248 812 3337 Stipendium
830 3297 846 3328 ,
872 3248 1096 3310 tributi
1121 3271 1326 3336 genus
1349 3265 1514 3328 erat,
1546 3247 1748 3335 quod,
1773 3253 1953 3336 quasi
1983 3251 2263 3318 victoriae
2287 3277 2439 3340 prae-

321 3356 526 3418 mium
565 3371 629 3419 et
659 3377 845 3443 poena
882 3354 1029 3417 belli
1054 3401 1071 3434 ,
1101 3354 1287 3416 victis
1325 3355 1825 3440 provincialibus
1854 3356 2307 3443 imperabatur,
2328 3362 2437 3446 qui

321 3460 406 3523 ob
449 3483 588 3523 eam
635 3483 773 3523 rem
810 3458 1199 3548 stipendiarii
1243 3458 1643 3522 dicebantur.
1679 3460 1862 3523 Tales
1914 3461 2094 3525 fuere
2137 3463 2440 3551 Hispani,

324 3566 518 3648 Galli,
564 3566 854 3652 plerique
907 3565 1287 3646 Poenorum,
1334 3566 1514 3653 Syri,
1575 3566 1836 3646 Cilices,
1886 3568 1918 3629 J
1926 3566 2118 3646 udaei
2168 3587 2289 3634 etc.
2336 3575 2437 3635 An

323 3693 475 3734 vero
509 3671 578 3732 hi
609 3687 817 3733 stante
850 3672 1209 3759 republica,
1248 3694 1378 3734 non
1415 3671 1689 3736 affirmo.

416 3774 586 3837 Illud
622 3791 839 3838 autem
877 3775 1142 3863 singulis
1187 3777 1383 3864 vulgo
1420 3745 1877 3865 imponebatur
1918 3802 2036 3867 pro
2083 3802 2321 3860 censu,
2376 3785 2442 3843 in

325 3896 518 3966 caput
553 3880 748 3942 unius
784 3881 1129 3967 cujusque,
1158 3881 1375 3945 hahita
1403 3897 1615 3946 tamen
1653 3884 1851 3946 aetatis
1885 3885 2152 3948 ratione.
2178 3886 2390 3948 Nam
2374 3909 2442 3948 m

329 3985 524 4073 Syriis
561 4007 597 4047 a
629 3985 1118 4071 quatuordecim
1153 3989 1337 4051 annis
1382 3988 1681 4067 masculi,
1707 4013 1745 4051 a
1771 3988 2114 4053 duodecim
2153 3989 2442 4070 feminee,

333 4112 539 4177 usque
578 4089 666 4152 ad*
692 4093 1154 4178 sexagesimum
1191 4095 1492 4182 quintum
1533 4093 1782 4157 tributo
1818 4095 2040 4180 capitis
2078 4093 2448 4180 obligaban-

524 4202 571 4265 Ι.
623 4216 710 4259 Cic.
730 4230 842 4274 pars
872 4214 1080 4259 secunda.
2116 4201 2206 4267 36
