3044 4788
662 390 799 461 302
1302 389 1400 456 M.
1451 389 1530 455 T.
1584 388 2149 458 CICERONIS

657 513 1290 597 molestissimum,
1331 504 1447 578 bis
1500 519 1586 577 ut
1637 517 1937 577 caussa¹⁰
1978 505 2295 596 dicatur,
2337 506 2413 595 id
2459 524 2590 581 aut
2641 534 2807 583 mea

658 647 870 696 causa
913 622 1159 718 potius
1197 633 1308 688 est
1347 610 1865 705 constitutum,
1906 641 2129 714 quam
2180 632 2346 705 tua,
2384 633 2511 690 aut
2562 620 2808 694 nihilo

653 748 783 805 tua
827 735 1109 828 potiuS‚
1161 751 1382 824 quam
1420 751 1600 797 mea.
1651 728 1837 797 Nam
1879 729 1939 797 si
1986 726 2100 798 bis
2144 726 2387 800 dicere
2436 743 2547 801 est
2590 755 2807 802 com-

658 842 1004 927 modum,
1049 852 1244 909 certe
1272 839 1657 934 utriusque
1697 861 2091 909 commune
2129 853 2259 910 est.
2300 842 2373 911 Si
2409 865 2622 928 eum,
2672 845 2810 939 qui

657 954 1021 1053 posterius
1060 947 1279 1036 dixit,
1321 971 1510 1045 opus
1538 962 1646 1019 est
1671 946 2048 1045 redargui;
2084 954 2517 1022 accusatoris
2547 975 2809 1038 causa,

657 1079 740 1134 ut
773 1062 887 1133 bis
924 1074 1282 1159 ageretur,
1328 1061 1808 1129 constitutum
1846 1074 1976 1130 est.
2018 1064 2330 1147 Verum,
2376 1074 2457 1131 ut
2506 1064 2808 1158 opinor,

657 1173 955 1245 Glaucia
978 1180 1037 1214 ¹¹
1085 1168 1364 1265 primus
1408 1168 1617 1254 tulit,
1644 1182 1726 1238 ut
1769 1168 2540 1266 comperendinaretur
2578 1196 2753 1242 reus
2781 1199 2803 1243 ε

654 1297 868 1355 antea
908 1279 1023 1351 vel
1050 1276 1359 1375 judicari
1396 1279 1715 1375 primo¹²
1750 1293 2073 1375 poterat,
2117 1279 2232 1351 vel
2274 1280 2589 1377 amplius
2631 1304 2808 1378 pro-

654 1394 997 1464 nuntiari.
1037 1393 1292 1461 Utram
1340 1387 1564 1484 igitur
1604 1401 1817 1484 putas
1860 1388 2096 1488 legem
2136 1389 2594 1463 molliorem?
2636 1394 2805 1490 opi-

654 1528 826 1590 nor,
863 1500 1059 1572 illam
1098 1492 1521 1583 veterem¹³‚
1564 1521 1712 1593 qua
1745 1498 1859 1569 vel
1897 1503 2044 1570 cito
2078 1498 2399 1585 absolvi,
2437 1500 2555 1572 vel
2590 1499 2806 1573 tarde

654 1611 1125 1686 condemnari
1187 1606 1471 1679 licebat.
1518 1612 1671 1705 Ego
1727 1605 1863 1679 tibi
1909 1609 2105 1680 illam
2143 1609 2522 1681 Aciliam*
2564 1609 2804 1709 legem

645 1823 799 1887 igitur
819 1818 1096 1869 actionibus
1116 1826 1370 1865 accusatus
1391 1815 1493 1879 jam
1517 1816 1675 1864 fuerat

648 1903 910 1959 Fonteius,
957 1908 1007 1946 et
1054 1896 1106 1943 in
1158 1894 1371 1942 secunda
1422 1905 1674 1959 postremo

648 1981 764 2030 loco
785 1976 1074 2026 defendebat
1092 1972 1302 2021 Tullius.
1326 1976 1389 2021 Et
1414 1973 1536 2037 ipsis
1552 1975 1676 2021 Ver-

649 2059 773 2108 rinis
817 2072 968 2119 quas,
1019 2063 1266 2114 tamquam
1310 2051 1489 2099 dixerit
1527 2067 1674 2112 vere,

651 2136 847 2202 scripsit
862 2168 877 2192 ,
904 2132 1043 2181 facile
1066 2141 1140 2178 est
1164 2130 1383 2177 invenire
1400 2129 1541 2178 locos
1555 2164 1570 2188 ‚
1587 2132 1677 2193 qui

648 2227 996 2280 responsurum
1039 2209 1185 2257 fuisse
1228 2208 1547 2257 Hortensium
1585 2209 1674 2257 de·

650 2303 940 2344 monstrent.
980 2290 1061 2337 Sic
1085 2290 1141 2348 1,
1168 2289 1233 2337 28
1256 2302 1271 2337 ε
1306 2288 1437 2335 «nisi
1467 2288 1596 2336 sorte
1621 2288 1677 2335 il-

647 2374 737 2424 lud
762 2373 895 2422 dicet
916 2368 1266 2428 Hortensius»,
1284 2367 1507 2417 nondum
1525 2367 1676 2431 igitur

652 2455 873 2511 dixerat,
906 2461 954 2499 et
970 2451 1035 2509 V,
1070 2451 1163 2497 13:
1203 2469 1227 2491 ι
1251 2447 1435 2495 scilicet
1473 2457 1546 2494 est
1582 2464 1676 2495 me-

647 2534 908 2590 tuendum,
953 2547 1015 2578 ne
1048 2528 1111 2577 ad
1156 2528 1343 2576 exitum
1379 2525 1674 2575 defensionis

647 2626 745 2663 tuae
759 2625 897 2662 vetus
922 2612 1003 2659 illa
1022 2608 1300 2658 Antoniana
1323 2606 1520 2655 dIcendi
1549 2607 1673 2655 ratio

646 2706 792 2758 atque
813 2692 1076 2742 auctoritas
1100 2687 1428 2753 proferatur».
1446 2685 1673 2735 Cf.Verr.

646 2777 720 2832 11,
748 2788 837 2834 72³
868 2772 967 2828 111,
1002 2764 1212 2826 1631V,
1241 2772 1301 2823 4;
1331 2765 1395 2821 V,
1426 2780 1470 2822 1,
1496 2775 1592 2812 etc.

726 2866 802 2898 xo.
826 2848 904 2896 Bis
931 2857 987 2894 ut
1011 2860 1181 2893 causa.
1209 2843 1672 2907 Comperendinatio

648 2931 729 2978 vel
752 2944 890 2992 aeque
911 2926 1039 2973 favet
1057 2923 1283 2986 utrique;
1303 2922 1379 2969 vel
1400 2921 1672 2970 accusatori

648 3008 801 3072 magis
829 3021 976 3071 quam
1008 3002 1266 3052 defensori.
1306 3001 1356 3050 Si
1388 3002 1519 3050 enim
1546 3018 1672 3066 opus

645 3100 720 3137 est
747 3086 971 3149 redargui
1006 3083 1334 3140 defensorem,
1362 3080 1449 3145 qui
1487 3080 1541 3127 in
1571 3081 1673 3144 pri-

643 3187 723 3217 ma
755 3169 947 3216 actione
981 3163 1222 3229 posterius
1261 3161 1416 3217 dixit,
1459 3159 1674 3207 secunda

645 3249 777 3298 actio
801 3246 1023 3296 instituta
1043 3244 1183 3291 estin
1206 3240 1406 3305 gratiam
1426 3248 1674 3286 accusato·

644 3331 743 3390 ris,
781 3338 836 3376 ut
870 3326 952 3373 hic
986 3324 1143 3389 possit
1182 3319 1470 3381 redarguere
1512 3317 1566 3363 in
1598 3334 1671 3364 se·

646 3406 807 3455 cunda
826 3404 1036 3461 actione,
1055 3416 1164 3466 quae
1189 3397 1414 3446 defensor
1438 3396 1491 3441 in
1512 3398 1670 3459 prima

646 3485 841 3532 dixerit.
891 3486 1002 3530 Hoc
1045 3495 1163 3543 ergo
1212 3491 1356 3523 sensu
1397 3475 1672 3524 accusatori

645 3564 800 3620 favet,
831 3560 968 3624 quod
1000 3560 1084 3607 hic
1107 3557 1302 3605 actione
1328 3553 1484 3617 prima
1510 3570 1670 3618 neque

644 3639 914 3707 praevidere
962 3637 1124 3702 potuit
1142 3670 1158 3695 ,
1210 3648 1369 3695 neque
1426 3647 1671 3697 occupare

646 3717 838 3776 omnia,
870 3732 981 3780 quae
1008 3716 1079 3764 rei
1115 3727 1257 3762 causa
1287 3711 1515 3758 defensor
1545 3712 1673 3762 esset

646 3797 897 3844 dicturus:
939 3793 1021 3841 hic
1064 3793 1192 3841 enim
1228 3790 1469 3854 posterius
1506 3789 1670 3850 ᾱιζτίε,

643 3877 777 3925 hunc
801 3870 1036 3936 redatgui
1058 3870 1120 3919 ab
1159 3886 1210 3918 se
1250 3869 1561 3917 commodum
1586 3887 1668 3918 ac-

645 3953 876 4002 cusatori.
899 3954 1055 4000 Porro
1081 3949 1358 4014 ademptam
1391 3965 1673 4013 comperen-

646 4033 948 4082 dinationem
978 4039 1205 4088 excusat,
1239 4028 1377 4092 quod
1412 4044 1554 4076 causa
1593 4029 1670 4078 bis

643 4114 904 4173 diceretur,
938 4124 988 4161 et
1008 4127 1070 4160 ex
1096 4110 1354 4158 criminum
1377 4108 1667 4174 repetitione

1759 1815 1932 1865 odium
1963 1827 2014 1866 et
2038 1816 2227 1867 invidia
2251 1818 2305 1865 in
2329 1834 2463 1866 reum
2498 1830 2802 1871 crescerent.

1761 1924 1832 1934 --
1860 1897 2008 1961 Quod
2043 1907 2151 1944 aue.
2184 1898 2357 1945 Lectio
2397 1913 2528 1947 nova
2566 1898 2801 1948 Ernestio

1763 1975 1989 2025 debetur.
2018 1979 2051 2026 J
2057 1978 2145 2024 .V.
2170 1980 2226 2025 L.

1839 2071 1861 2103 1
1874 2071 1920 2105 ι.
1946 2055 2176 2105 Glaucia.
2203 2056 2265 2105 C.
2290 2057 2524 2107 Servilius
2550 2058 2795 2119 Glaucia,

1760 2150 1861 2198 quo
1888 2145 2098 2200 praetore
2125 2136 2414 2183 Saturninus
2455 2138 2668 2185 maxime
2717 2150 2796 2188 est

1760 2230 1907 2271 usus,
1933 2215 1986 2261 in
2013 2213 2097 2261 illa
2133 2214 2376 2262 seditione
2405 2227 2615 2281 propter
2650 2233 2802 2280 quam

1759 2292 1814 2341 in
1848 2294 1982 2341 curia
2021 2305 2095 2342 est
2129 2293 2432 2342 interfectus.
2464 2296 2588 2342 Eum
2618 2296 2802 2345 Cicero

1761 2372 1821 2422 de
1838 2374 1980 2422 Orat.
2001 2375 2099 2432 111,
2113 2388 2201 2437 per
2219 2372 2591 2424 similitudinem
2612 2386 2804 2424 stercus

1759 2453 1909 2500 carice
1926 2452 2161 2517 appellari
2183 2468 2328 2516 posse
2351 2451 2491 2510 dicit,
2515 2453 2611 2500 nisi
2633 2453 2804 2502 defor-

1757 2534 1850 2580 mis
1876 2542 2000 2580 esset
2028 2531 2261 2595 cogitatio
2286 2531 2640 2582 similitudinis.

1838 2626 1917 2660 η.
1945 2610 2131 2659 Primo.
2160 2612 2321 2657 Prima
2349 2611 2567 2658 actione.
2588 2640 2656 2649 —
2677 2613 2802 2659 Aus-
2891 2663 2898 2667 ,

1747 2690 1884 2755 plius
1926 2690 2075 2756 (gall.
2114 2690 2233 2754 plus
2299 2689 2461 2754 ample
2528 2688 2746 2756 informe'
2757 2691 2799 2754 ).

1758 2770 1927 2831 Quum
1945 2785 2089 2817 causa
2112 2785 2215 2817 non
2240 2771 2355 2818 satis
2381 2771 2643 2835 explanata
2664 2771 2800 2831 judi-

1757 2847 1897 2895 cibus
1918 2848 2191 2906 videbatur,
2218 2848 2448 2897 dicebant
2479 2866 2579 2897 non
2608 2849 2794 2913 liquet,

1757 2927 1861 2976 i.e.
1892 2929 2101 2977 obscura
2125 2945 2269 2977 causa
2298 2939 2399 2988 est;
2448 2940 2555 2978 tum
2599 2940 2799 2993 prator,

1756 3007 1967 3071 amplius
1983 3044 1997 3065 ,
2038 3008 2074 3058 i.
2095 3025 2137 3057 e.
2156 3007 2367 3073 amplius
2396 3020 2468 3056 est
2496 3025 2797 3074 cognoscen-

1758 3085 1902 3149 dum,
1941 3087 2311 3151 pronuntiabat.
2350 3087 2444 3135 Cui
2486 3087 2796 3151 ampliationi

1756 3180 1858 3212 non
1882 3177 2041 3215 certus
2064 3177 2164 3214 erat
2184 3164 2417 3213 definitus
2446 3166 2551 3214 dies
2569 3202 2585 3225 ,
2607 3177 2666 3213 ut
2692 3177 2790 3214 ter-

1758 3245 1854 3292 tius
1886 3244 2417 3309 comperendinationi3
2458 3262 2549 3292 nec
2588 3245 2791 3309 amplia·

1756 3323 1907 3371 tionis
1926 3324 2177 3371 actionum
2200 3333 2360 3371 certus
2387 3334 2490 3371 erat
2528 3339 2757 3371 numerus
2773 3358 2790 3380 ,

1755 3412 1814 3450 ut
1838 3411 1972 3479 patet
1998 3417 2063 3448 ex
2088 3417 2231 3449 causa
2275 3403 2435 3450 Cottae
2468 3403 2650 3466 septies
2685 3417 2787 3449 am-

1754 3480 1906 3544 pliata
1922 3515 1938 3541 ,
1964 3480 2075 3528 Val.
2099 3481 2237 3528 Max.
2256 3481 2383 3527 VIII
2399 3514 2415 3539 ,
2448 3497 2494 3536 1,
2520 3497 2540 3527 x
2557 3497 2599 3527 r.
2642 3482 2787 3529 Com-

1753 3557 2174 3623 perendiuationis
2221 3575 2339 3607 vero
2399 3558 2506 3623 lege
2555 3574 2788 3607 numerus

1753 3636 2004 3696 actionum
2060 3637 2265 3685 duarum
2319 3640 2626 3702 praestitutus
2670 3649 2790 3686 erat.

1752 3716 1884 3779 Ergo
1907 3715 2077 3765 durior
2102 3727 2204 3765 erat
2234 3717 2552 3782 ampliatione
2585 3732 2788 3782 compe·

1753 3794 2051 3844 rendinatio.

1829 3876 1910 3923 13.
1948 3876 2097 3924 Illam
2131 3883 2363 3923 veterem.
2397 3874 2607 3924 Aciliam
2634 3875 2697 3923 de
2715 3891 2789 3923 re·

1760 3953 2017 4017 petundis3
2049 3969 2194 4017 quam
2226 3953 2404 4001 tulerat
2441 3955 2633 4003 Acilius
2672 3954 2793 4004 Gla·

1757 4032 1868 4080 brio
1894 4032 2098 4093 hujusce
2123 4033 2345 4097 praetoris
2368 4044 2525 4096 pater.

1833 4120 1915 4168 14.
1932 4114 2300 4176 Hotomannus,
2318 4112 2581 4164 Observat.
2598 4114 2623 4162 1
2637 4148 2654 4175 ‚
2688 4121 2750 4168 ¹4
2768 4145 2785 4175 ,
