3044 4788
568 369 711 443 358
1210 367 1309 434 Μ.
1359 364 1439 432 Τ.
1491 357 2072 430 CICERONIS

567 493 807 568 solum
844 487 1189 574 fortunae,
1228 483 1362 557 sed
1401 483 1620 555 etiam
1662 474 2179 575 ingenuitatis?
2209 474 2594 560 Miramur,
2626 472 2726 545 ad

568 627 771 677 arma
806 614 1065 675 cona-a
1101 599 1323 669 istum
1362 594 1740 665 bominem
1777 592 2309 684 Lampsacenos
2347 584 2534 655 isse?
2573 586 2725 653 mi-

572 815 1073 925 profugisse&
1121 839 1260 887 uos
1288 815 1350 886 si
1379 812 1688 885 alienam
1722 812 1954 881 vicem
1988 831 2129 905 pro
2163 819 2416 877 nostra
2451 802 2728 897 injuria

565 935 1016 1017 doleremus,
1038 925 1419 1023 vestigium
1438 925 1646 994 istius
1662 924 1739 991 in
1760 915 1923 991 foro
1953 942 2110 989 non
2135 929 2327 988 esset
2352 914 2728 986 relictum.

572 1050 785 1119 Pater
817 1036 945 1110 dat
974 1034 1137 1108 filiae
1167 1061 1185 1106 z
1220 1031 1593 1132 prohibes.
1626 1035 1857 1128 Leges
1890 1030 2184 1100 sinunt:
2214 1041 2462 1097 tamen
2488 1040 2564 1096 te
2599 1026 2727 1094 in-

575 1150 925 1252 terponis.
962 1151 1075 1220 De
1109 1146 1260 1218 suis
1285 1144 1508 1216 bonis
1534 1144 1635 1213 ita
1660 1140 1820 1229 dat,
1848 1152 1931 1210 ut
1955 1137 2051 1210 ab
2071 1140 2238 1236 jure
2269 1160 2426 1207 non
2458 1134 2726 1207 abeat:

571 1260 752 1362 quid
787 1257 1055 1347 habes,
1083 1252 1289 1354 quod
1321 1250 1852 1351 reprehendas?
1886 1248 2112 1338 nihil,
2135 1249 2422 1346 opinor.
2453 1249 2552 1317 At
2580 1270 2731 1343 ego

571 1369 897 1447 concedo
927 1397 944 1441 z
993 1364 1344 1466 prohibe,
1380 1366 1439 1435 si
1476 1376 1728 1461 potes;
1763 1363 1826 1435 si
1865 1360 2131 1448 habes',
2160 1360 2291 1456 qui
2317 1374 2389 1429 te
2424 1356 2726 1445 audiat3

574 1488 636 1555 si
669 1495 910 1580 potest
942 1477 1077 1551 tibi
1112 1475 1310 1549 dicto
1344 1471 1645 1546 audiens
1679 1497 1833 1544 esse
1869 1472 2278 1569 quisquam.
2317 1469 2600 1566 Eripias
2637 1482 2729 1539 tu

573 1592 1022 1666 voluntatem
1058 1586 1408 1673 mortuis,
1451 1582 1654 1655 bona
1702 1584 1877 1653 vivis
1898 1574 1929 1667 ,’
1957 1581 2078 1676 jus
2127 1577 2521 1651 omnibus?
2561 1583 2730 1648 Hoc

572 1700 893 1802 populus
927 1718 1273 1770 romanus
1305 1718 1458 1765 nou
1502 1717 1730 1765 manu
1761 1690 2224 1777 vindicasset,
2261 1689 2402 1760 nisi
2435 1702 2508 1759 te
2547 1686 2729 1760 huic

575 1810 887 1909 tempori
917 1820 1136 1903 atque
1164 1803 1339 1876 huic
1358 1802 1638 1899 judicio
1663 1801 2137 1875 reservasset?

670 1911 1197 2014 Posteaquam⁶
1224 1914 1343 2011 jus
1382 1916 1803 2012 praetorinm
1844 1912 2322 1986 constitutum
2355 1922 2465 1979 est
2491 1960 2512 1995 ,
2545 1931 2734 1978 sem-

573 2052 707 2128 per
734 2025 876 2097 hoc
900 2024 1066 2119 jure
1084 2025 1194 2094 usi
1217 2046 1469 2095 sumus
1501 2050 1520 2095 ε
1558 2024 1617 2095 si
1647 2022 1911 2096 tabulae
1933 2020 2341 2095 testamenti
2368 2042 2524 2089 non
2548 2042 2725 2116 pro·

577 2136 964 2221 ferrentur,
998 2146 1159 2204 tum
1178 2186 1200 2222 ,
1230 2135 1337 2204 uti
1378 2135 1796 2232 proximum
1838 2156 2209 2233 quemque
2259 2132 2722 2229 potissimum

576 2240 920 2316 heredem
956 2265 1111 2315 esse
1145 2255 1578 2341 oporteret⁷‚
1597 2245 1696 2317 ita
1730 2242 2134 2317 secundum
2162 2265 2332 2315 eum
2359 2240 2726 2340 possessio

580 2351 895 2427 daretur.
926 2355 1168 2446 Quare
1204 2352 1347 2427 hoc
1372 2354 1465 2427 sit
1487 2355 1981 2454 aequissimum
2001 2406 2022 2441 ,
2048 2350 2254 2427 facile
2281 2366 2393 2424 est
2412 2349 2673 2422 docere
2699 2376 2722 2420 ε

578 2463 705 2540 sed
747 2468 825 2538 in
868 2490 948 2539 re
994 2480 1143 2539 tam
1177 2469 1441 2540 usitata
1476 2468 1646 2540 satis
1689 2483 1798 2539 est
1833 2461 2216 2538 ostendere
2236 2515 2257 2551 ‚
2301 2484 2558 2535 omnes
2589 2485 2722 2532 an-

582 2591 699 2650 tea
738 2577 862 2674 jus
901 2580 1002 2650 ita
1041 2576 1345 2667 dixisse,
1396 2592 1471 2652 et
1512 2576 1659 2650 hoc
1689 2591 1901 2650 vetus
1939 2568 2316 2649 edictum⁸
2359 2570 2720 2644 transsati·

576 2690 906 2785 tiumque
937 2710 1112 2760 esse.

673 2800 891 2868 XLV.
945 2797 1376 2895 Cognoscite
1411 2794 1611 2869 aliud
1657 2798 1976 2869 hominis
2011 2799 2087 2866 in
2128 2820 2209 2867 re
2243 2803 2529 2866 vetere¹
2571 2790 2724 2863 edi-

575 2920 776 2979 ctum
797 2929 1102 2997 novum3
1123 2921 1196 2979 et
1213 2907 1453 2999 simul,
1473 2906 1651 2980 dum
1671 2922 1780 2980 est
1796 2905 1994 2980 unde
2008 2906 2127 3004 jus
2151 2907 2358 2979 civile
2376 2902 2721 2992 discatur,

575 3012 1063 3088 adolescentes
1089 3017 1155 3088 ei
1193 3019 1270 3089 in
1301 3016 1757 3117 disciplinam
1795 3016 2056 3090 tradite
2090 3045 2111 3088 ε
2151 3018 2416 3088 mirum
2447 3030 2560 3087 est
2580 3014 2721 3086 ho·

571 3297 806 3364 insigniam
829 3307 880 3347 et
900 3308 1240 3346 ornamentum
1252 3293 1482 3362 fhrtunae
1502 3314 1608 3348 esse
1675 3269 1847 3348 ,uuio
1872 3314 1900 3346 ι
1928 3305 2138 3362 pretore
2163 3294 2378 3344 daretur.
2403 3293 2535 3343 vide
2561 3294 2722 3342 Instit-

572 3375 757 3424 bullnm
780 3391 971 3424 auream
986 3409 1005 3436 ‚
1032 3388 1370 3424 mmmmm
1391 3375 1609 3443 bzgenui-
1693 3379 1798 3438 111,
1821 3393 1871 3427 a.

575 3454 692 3503 tatis
710 3463 873 3517 tog-m
896 3465 1198 3519 pratextanr.
1220 3454 1298 3504 cf.
1318 3471 1363 3504 ο.
1382 3456 1466 3504 58.
1768 3471 1818 3517 7.
1839 3456 2118 3519 Oportet-et,
2138 3452 2238 3502 siis
2257 3452 2488 3501 intestato
2505 3463 2723 3500 mortuns

649 3533 698 3580 5.
724 3528 1016 3596 Pmsugisse.
1035 3536 1144 3582 Hoc
1171 3549 1277 3582 nou
1299 3533 1498 3582 memini
1522 3550 1603 3584 me
1693 3548 1843 3594 essee,
1874 3535 1946 3583 ica
1965 3550 2002 3582 s.
2020 3533 2219 3585 Glossa.
2245 3534 2364 3584 ΙΝ.
2383 3536 2439 3582 L.

573 3611 693 3661 nubi
718 3610 893 3674 legere.
1765 3615 1813 3663 8.
1851 3613 2241 3662 Tmnslatieium.
2269 3617 2380 3662 Hoc
2408 3611 2611 3660 nomine
2633 3626 2724 3675 ap·

647 3692 699 3740 6.
720 3692 1063 3754 Posteaquam.
1094 3691 1167 3739 Ex
1198 3706 1300 3755 quo
1330 3692 1412 3753 jus
1445 3689 1603 3751 mad,
1690 3692 1964 3760 pellabatur
2000 3691 2212 3742 edictum
2229 3727 2244 3754 ,
2290 3691 2429 3755 quod
2453 3699 2635 3755 prator
2661 3706 2723 3737 ex

574 3770 710 3837 quod
747 3788 837 3837 per
872 3784 1126 3837 pratorem
1154 3784 1434 3833 exercetur,
1466 3773 1606 3821 insti·
1693 3775 1999 3839 superiorum
2024 3782 2293 3838 protorum
2315 3770 2492 3819 edictis
2510 3779 2721 3818 mustu-

577 3861 736 3900 tutum
768 3860 841 3899 est
860 3884 876 3910 ,
917 3867 971 3900 e·
1007 3851 1102 3900 fult
1139 3868 1330 3917 semper
1355 3851 1486 3917 apud
1514 3867 1609 3901 nos
1693 3853 1816 3902 lent
1841 3854 1895 3901 in
1920 3868 2078 3902 suum.

570 3930 695 3991 juris
741 3929 943 3995 regula,
980 3941 1038 3979 ut
1080 3932 1220 3994 cnjus
1265 3941 1605 3980 testamentum
1765 3933 1921 3980 nv.
1950 3948 1995 3979 r.
2037 3934 2221 3980 Venere.
2253 3932 2377 3993 Qun
2403 3925 2649 3976 veteribus
2674 3937 2722 3972 et

574 4025 675 4058 non
694 4020 977 4077 appareret,
998 4010 1103 4072 ejus
1120 4011 1261 4060 heres
1285 4022 1412 4059 esset
1435 4010 1605 4076 proxi·
1694 4011 1884 4078 pridem
1916 4009 2109 4061 usitatis
2138 4011 2260 4073 juris
2293 4009 2514 4058 formulis
2540 4005 2720 4069 dijudi-

575 4105 682 4140 ωσι
704 4101 936 4156 agnatus,
968 4102 1114 4157 atque
1144 4091 1190 4142 ei
1218 4091 1465 4141 bonorum
1494 4107 1608 4156 pos-
1694 4089 1850 4139 candn
1873 4099 1992 4138 erat.
