3044 4788
288 394 2230 421 mmmmmmmmmmmmmmmm
2236 402 2326 422 m
2338 403 2428 422 w·

797 606 1912 711 ARGUMENTUM

510 808 996 878 1³ch0le
1055 808 1402 877 PRIMAE
1459 810 1568 877 m
1632 809 1712 879 c,
1756 811 2207 897 VERREM,

906 985 1010 1032 Ex
1059 984 1404 1034 ASCONIO
1451 984 1811 1035 PEDIANO.

283 1151 454 1208 Victo
486 1149 744 1221 Caecilio,
773 1162 831 1207 et
858 1149 1224 1207 accusatione
1252 1147 1326 1206 ad
1355 1167 1415 1206 se
1438 1147 1661 1221 delata,
1695 1148 1901 1207 Cicero
1919 1193 1936 1223 ,
1965 1169 2146 1227 quum
2173 1151 2418 1229 inquisi-

364 1247 536 1304 tionis
570 1261 797 1324 tempus
831 1245 891 1303 in
925 1246 1181 1305 Siciliam
1210 1244 1557 1323 postulasset
1584 1243 1706 1302 dies
1735 1239 1872 1316 CX,
1902 1259 1960 1303 et
2000 1266 2132 1304 cum
2164 1249 2282 1306 filio
2308 1269 2420 1326 pa-

365 1345 478 1402 trui
505 1344 594 1401 sui
619 1343 799 1402 Tullii
838 1355 1017 1401 totam
1056 1342 1419 1419 provinciam
1451 1340 1790 1417 colligendis
1838 1339 2020 1400 literis
2056 1343 2115 1401 in
2140 1348 2381 1404 Verrem
2402 1391 2420 1419 ,

362 1455 420 1499 et
443 1440 848 1500 denuntiandis
871 1440 1212 1499 testimoniis
1244 1451 1608 1518 peragrasset
1634 1437 1839 1497 diebus
1866 1444 1946 1511 L,
1972 1440 2119 1517 'quia
2150 1443 2418 1520 pedestre

365 1540 475 1596 iter
523 1560 590 1597 ex
633 1539 824 1597 Sicilia
865 1551 924 1596 et
972 1550 1218 1616 propter
1269 1536 1541 1614 fugitivos
1587 1549 1647 1594 et
1684 1551 1930 1614 propter
1953 1538 2145 1596 Verris
2183 1540 2417 1600 insidias

365 1635 717 1706 devitabat¹‚
761 1634 1046 1694 aVibone
1096 1635 1317 1694 transit.
1357 1639 1509 1692 Tum
1553 1647 1790 1712 repente
1846 1634 2195 1709 adveniens,
2236 1656 2417 1714 quum

364 1732 587 1790 videret
613 1731 673 1790 id
703 1732 829 1810 agi,
860 1745 924 1790 ut
949 1752 982 1790 a
1012 1733 1111 1793 Μ’.
1128 1730 1444 1789 Glabrione
1474 1743 1723 1808 praetore
1744 1773 1761 1803 ,
1798 1744 1857 1789 et
1888 1729 1961 1788 ab
1994 1732 2063 1789 iis
2083 1731 2411 1809 judicibus,

362 1830 464 1906 qui
498 1843 630 1888 tunc
661 1842 858 1900 erant,
888 1828 962 1887 ad
996 1830 1173 1887 alium
1206 1848 1453 1900 annum,
1499 1828 1791 1905 aliumque
1825 1840 2139 1905 praetorem
2175 1850 2267 1888 res
2296 1845 2416 1890 tota

362 1927 653 1999 transiret,
680 1927 1121 2004 eripereturque
1156 1924 1268 1983 sibi
1311 1945 1442 1983 reus
1484 1924 1810 2002 patrocinio
1840 1926 2135 1983 Hortensii
2175 1947 2241 1985 ac
2282 1932 2418 1986 Me-

361 2023 511 2096 telli,
542 2023 642 2100 qui
674 2035 811 2080 tunc
839 2023 1104 2080 consules
1144 2021 1323 2078 futuri
1360 2033 1526 2078 erant
1559 2020 1687 2100 (per
1720 2021 1826 2078 hos
1863 2020 2015 2078 enim
2038 2028 2251 2080 Verres
2285 2024 2416 2083 elu-

359 2118 535 2177 dendi
555 2117 760 2195 judicii
789 2118 1062 2175 fiduciam
1084 2115 1464 2194 sumpserat),
1493 2116 1608 2174 hoc
1641 2131 1999 2175 commentus
2027 2131 2112 2176 est
2144 2120 2417 2193 rationis,

361 2228 424 2273 ut
449 2216 768 2273 orationem
802 2216 1028 2290 longam
1060 2214 1558 2291 praetermitteret,
1606 2233 1794 2290 neque
1832 2214 1891 2270 in
1930 2214 2270 2274 criminibus
2307 2217 2414 2275 de-

358 2314 696 2373 clamatione
747 2311 1107 2372 cumulandis
1159 2325 1385 2391 tempus
1436 2311 1764 2372 absumeret
1784 2355 1801 2385 ,
1860 2311 1959 2370 sed
2016 2305 2413 2375 tantummodo

359 2412 562 2469 citaret
595 2424 765 2469 testes
793 2410 866 2468 ad
896 2409 1352 2487 unumquodque
1379 2411 1595 2467 crimen
1629 2410 1984 2487 expositum,
2024 2425 2083 2468 et
2123 2431 2222 2470 eos
2253 2418 2413 2472 Hor-

360 2508 543 2565 tensio
581 2506 1019 2585 interrogandos
1057 2504 1239 2564 daret.
1285 2512 1415 2578 Qua
1456 2518 1580 2564 arte
1618 2506 1698 2563 ita
1732 2518 1819 2563 est
1865 2506 2131 2583 fatigatus
2160 2513 2412 2568 Horten-

359 2604 503 2676 sius,
534 2616 602 2661 ut
620 2602 791 2674 nihil,
818 2616 1019 2661 contra
1041 2602 1200 2679 quod
1221 2601 1470 2673 diceret,
1497 2602 1804 2674 inveniret,
1831 2601 1956 2678 ipse
1983 2603 2155 2661 etiam
2170 2608 2412 2677 νεα-οε,

360 2699 666 2777 desperato
692 2698 1043 2777 patrocinio,
1069 2718 1172 2756 sua
1203 2711 1411 2776 sponte
1444 2698 1766 2756 discederet
1792 2701 1852 2755 in
1880 2698 2159 2757 exsilium.

437 2800 564 2854 Hoc
581 2794 758 2873 igitur
779 2793 1005 2852 laborat
1024 2794 1084 2851 in
1104 2793 1367 2851 oratione
1387 2792 1495 2851 hac
1518 2806 1636 2850 tota
1651 2792 1893 2865 Tullius,
1911 2805 1975 2850 ut
1989 2792 2274 2869 ostendat,
2290 2816 2407 2855 non

356 2892 525 2965 dolo,
557 2913 663 2951 nec
691 2893 929 2960 astutia,
957 2888 1057 2949 sed
1081 2890 1418 2948 necessitate
1444 2889 1659 2959 facere,
1683 2887 1743 2945 id
1767 2887 1924 2964 quod
1953 2889 2121 2963 facit;
2150 2905 2207 2949 et
2231 2896 2411 2973 magis

356 2988 822 3048 adversariorum
857 2986 1157 3049 fraudibus
1192 2998 1488 3056 occurrat,
1520 3004 1694 3062 quam
1736 2998 1803 3042 ut
1834 2985 1958 3063 ipse
1984 2989 2059 3045 sit
2089 2991 2407 3067 captiosus.

357 3087 497 3146 Vult
518 3086 689 3159 enim,
714 3099 779 3144 ut
806 3085 1075 3158 diximus,
1102 3104 1273 3143 omne
1297 3084 1410 3141 hoc
1437 3096 1695 3160 tempu5‚
1714 3082 1875 3160 quod
1904 3097 1987 3142 est
2016 3101 2149 3143 ante
2180 3088 2405 3148 kalend.

353 3185 578 3262 januar.
605 3184 935 3262 dispensare
965 3183 1026 3240 in
1062 3182 1237 3240 totius
1264 3200 1450 3240 causae
1480 3179 1763 3239 actionem
1782 3223 1797 3249 ‚
1835 3200 1909 3239 ne
1938 3181 2011 3238 ad
2043 3184 2219 3241 alium
2255 3206 2408 3263 prae-

360 3297 571 3353 torem,
610 3282 865 3359 aliosque
902 3280 1129 3359 judices
1168 3281 1336 3337 novis
1376 3276 1714 3337 consulibus
1750 3278 2097 3337 veniendum
2138 3280 2230 3338 sit.
2254 3286 2407 3342 Toto

357 3380 533 3457 igitur
560 3378 673 3436 boc
696 3378 847 3437 libro
875 3378 1204 3436 exhortatio
1221 3376 1486 3454 judicum
1512 3376 1861 3447 continetur,
1887 3376 1958 3434 ad
1987 3397 2120 3434 vere
2138 3377 2411 3455 judican-

356 3476 524 3547 dum;
565 3476 732 3533 minae
757 3476 817 3534 in
854 3474 1213 3535 adversarios
1247 3473 1598 3551 diriguntur,
1628 3472 1821 3530 omnia
1851 3485 2134 3531 tentantes
2162 3474 2236 3532 ad
2272 3496 2406 3534 cor·—

353 3572 737 3650 rumpendum
767 3571 1082 3650 judicium:
1118 3586 1176 3631 et
1202 3570 1589 3649 expositiones
1618 3570 1914 3629 Ciceronis
1941 3570 2165 3629 consilii
2198 3573 2285 3631 sui
2303 3575 2406 3652 ju-

352 3668 576 3728 dicibus
619 3668 999 3742 exhibentur,
1040 3669 1204 3746 quasi
1253 3669 1407 3726 inter
1463 3686 1563 3725 eos
1613 3679 1935 3725 tractentur
1983 3671 2366 3728 communiter
2383 3694 2401 3742 ;

354 3764 455 3824 ubi
488 3764 740 3824 brevitas
771 3784 1007 3842 quoque
1045 3764 1508 3843 objiciendorum
1550 3764 1856 3823 criminum
1896 3764 2044 3825 mira
2086 3778 2211 3826 arte
2257 3786 2403 3826 con-

353 3863 561 3920 ficitur.

418 4067 458 4098 1.
477 4051 643 4114 Vulgo
676 4049 953 4100 dubitabat.
