3044 4788
641 419 784 502 ωε
1192 498 1203 503 ,
1290 416 1385 484 M.
1437 418 1513 484 T.
1569 417 2130 487 cmERoms

635 553 1065 612 testamento
1098 537 1497 635 propinqui
1525 539 1636 607 sui
1657 591 1677 623 ‚
1704 535 2045 625 Heraclii3
2092 537 2306 636 plena
2337 537 2611 611 domus
2648 565 2786 612 mr·

630 652 753 721 lati
791 651 1069 746 argenti
1108 647 1401 745 optimi,
1436 646 1828 742 multaeque
1860 647 2190 745 stragula:
2216 651 2461 733 vestis,
2493 654 2785 746 pretio-

629 762 1225 854 sissimorumque
1271 758 1802 854 mancipiorum
1835 785 1851 827 ε
1892 756 2165 853 quibus
2198 760 2273 829 in
2310 757 2529 829 rebus
2567 764 2784 832 istius

626 870 1059 970 cupiditates
1086 882 1158 938 et
1186 868 1542 937 insanias²
1583 869 1747 963 quis
1775 867 2103 963 ignorat?
2129 871 2305 938 Erat
2333 869 2409 939 in
2432 893 2780 942 sermone

627 1008 781 1067 res,
819 1002 1152 1076 magnam
1201 976 1531 1048 Heraclio
1567 977 1951 1076 pecuniam
1985 977 2299 1066 venisse3
2341 1003 2494 1049 non
2534 980 2777 1051 solum

538 1152 541 1155 .
624 1092 1035 1165 Heraclium
1075 1088 1406 1173 divitem,
1468 1088 1600 1160 sed
1643 1091 1862 1160 etiam
1906 1105 2246 1162 ornatum
2301 1090 2728 1189 supellectili
2752 1145 2773 1173 ‚

620 1215 964 1299 argento,
1006 1214 1241 1287 veste,
1290 1199 1667 1296 mancipiis
1709 1196 2062 1269 futurum.
2108 1197 2328 1270 Audit
2364 1198 2519 1271 hoec
2553 1202 2770 1271 etiam

616 1317 916 1399 Verres3
943 1326 1016 1382 et
1050 1312 1331 1409 primo,
1364 1308 1490 1380 illo
1538 1334 1672 1380 suo
1706 1308 1976 1381 leviore
2016 1308 2317 1381 artificio
2354 1310 2765 1381 Heraclium

615 1421 909 1521 aggredi
946 1436 1272 1507 conatur,
1310 1434 1393 1490 ut
1434 1444 1605 1491 eum
1642 1434 1849 1516 roget
1892 1419 2384 1518 inspicienda,
2411 1446 2575 1517 quae
2612 1446 2765 1492 non

612 1532 891 1604 reddat.
904 1530 1187 1604 Deinde
1207 1555 1248 1601 a
1263 1528 1699 1627 quibusdam
1720 1536 2184 1626 Syracusanis
2197 1530 2634 1604 admonetur
2652 1561 2668 1604 :
2689 1532 2766 1602 hi

613 1658 859 1715 autem
879 1642 1177 1740 quidam
1200 1655 1404 1712 erant
1420 1637 1709 1712 affines-⁹·
1722 1643 1950 1727 istius,
1970 1646 2324 1738 quorum‘*
2345 1644 2479 1714 iste
2498 1668 2766 1715 uxores

614 1778 1017 1851 numquam
1046 1752 1315 1824 alienas
1341 1752 1802 1839 existimavit,
1845 1752 2272 1826 Cleomenes
2298 1768 2371 1826 et
2399 1752 2794 1839 AEschrim

612 1865 742 1961 qui
773 1877 1127 1961 quantum
1161 1859 1356 1957 apud
1389 1862 1645 1948 istum,
1671 1876 1744 1933 et
1766 1887 1985 1959 quam
2026 1865 2222 1961 turpi
2259 1863 2348 1935 de
2387 1888 2602 1935 causa
2629 1888 2761 1960 po·

614 1978 921 2059 tuerint,
940 1997 1028 2042 ex
1056 1970 1353 2066 reliquis
1382 1970 1806 2042 criminibus
1835 1971 2268 2067 intelligetis.
2301 1976 2422 2060 Hi,
2454 1988 2538 2043 ut
2567 1972 2759 2057 dico,

614 2082 989 2153 hominem
1020 2077 1415 2150 admonent
1445 2108 1460 2149 :
1497 2105 1650 2151 rem
1693 2105 1844 2152 esse
1878 2083 2322 2178 praeclaram,
2368 2081 2756 2155 refertam⁵

613 2188 956 2261 omnibus
1007 2186 1263 2272 rebus;
1310 2188 1548 2285 ipsum
1603 2205 1844 2262 autem
1897 2191 2340 2279 Heraclium,
2381 2192 2754 2265 hominem

606 2322 762 2369 esse
782 2298 916 2391 maj
927 2320 1127 2367 orem
1155 2311 1368 2385 natu,
1385 2322 1533 2367 non
1560 2300 2258 2400 promptissimum53
2290 2318 2360 2373 et
2378 2329 2547 2375 eum
2570 2329 2756 2404 prae—

608 2425 719 2480 ter
745 2407 1151 2493 Marcellos,
1189 2423 1578 2506 patronum
1596 2464 1616 2497 ‚
1642 2436 1862 2507 quem
1884 2415 2049 2507 jure
2078 2439 2212 2485 suo
2250 2415 2449 2487 adire
2482 2431 2607 2486 aut
2637 2439 2759 2513 ap-

608 2519 875 2618 pellare
898 2521 1119 2616 possit
1136 2531 1192 2602 ⁷,
1209 2518 1476 2591 habere
1496 2525 1898 2612 neminem3
1921 2549 2077 2595 esse
2093 2528 2169 2596 in
2190 2550 2278 2597 eo
2294 2540 2755 2610 testamento,

607 2656 758 2728 quo
794 2630 914 2701 ille
949 2630 1158 2701 heres
1195 2643 1413 2718 esset,
1452 2632 1804 2729 scriptum
1827 2687 1846 2720 ‚
1887 2649 1971 2704 ut
2011 2649 2281 2706 statuas
2321 2638 2396 2706 in
2426 2636 2753 2734 palaestra

607 2740 908 2812 deberet
963 2763 1237 2835 ponere
1281 2766 1301 2808 t
1348 2736 1728 2829 faciemus,
1775 2756 1854 2813 ut
1897 2742 2295 2840 palaestritae
2344 2760 2616 2842 negent
2658 2770 2750 2816 ex

606 2862 1036 2921 testamento
1058 2872 1210 2919 esse
1233 2849 1540 2945 positas3
1562 2866 1811 2948 petant
1830 2851 2303 2926 hereditatem
2322 2905 2342 2940 ‚
2365 2853 2568 2950 quod
2588 2878 2750 2925 eam

606 2959 943 3059 palaestrae
972 2956 1460 3030 commissam⁸
1497 2983 1654 3031 esse
1690 2959 1954 3032 dicant.
1987 2963 2262 3035 Placuit
2300 2964 2486 3034 ratio
2512 2965 2751 3034 Verri:

603 3093 772 3141 nam
808 3068 949 3140 hoc
980 3069 1225 3145 animo
1270 3067 1735 3166 providebat,
1766 3096 1996 3167 quum
2033 3086 2230 3143 tanta
2270 3071 2632 3144 hereditas
2671 3073 2749 3141 in

679 3304 728 3336 2.
752 3285 996 3336 Insanias.
1036 3285 1116 3333 Sic
1144 3283 1263 3348 legit
1292 3284 1475 3332 Ancon.
1503 3285 1629 3333 Edd.
1720 3282 2073 3330 consuetudine
2097 3285 2272 3330 Verres
2303 3292 2357 3329 ut
2391 3296 2526 3330 suam
2561 3280 2750 3328 habuit.

604 3379 723 3416 vett.
743 3369 872 3414 vict.
897 3364 1117 3413 Lambin.
1142 3362 1410 3410 insaniam.
1794 3361 1842 3408 5.
1860 3359 2007 3408 Beck.
2034 3360 2172 3408 addit
2194 3360 2390 3408 domum
2412 3377 2440 3407 e
2463 3360 2750 3422 conjectum

681 3447 727 3493 3.
762 3444 968 3513 Affines.
1005 3440 1194 3491 Affines
1232 3452 1346 3489 sunt
1379 3453 1464 3489 aut
1504 3457 1633 3505 quo·
1720 3439 1960 3488 Lambini.
1992 3441 2041 3487 J.
2055 3441 2116 3488 V.
2140 3442 2193 3488 L.

602 3539 712 3571 rum
722 3526 1049 3588 propinquam
1061 3522 1236 3585 aliquis
1249 3536 1456 3568 uxorem
1472 3521 1632 3581 duxit,
1792 3519 1841 3567 6.
1868 3521 1977 3566 Non
1996 3519 2345 3584 promptissim.
2378 3519 2584 3584 Ingenio
2605 3519 2751 3566 mini-

605 3611 689 3648 aut
717 3595 804 3663 qui
828 3601 1036 3648 aliorum
1068 3600 1164 3664 ipsi
1189 3599 1517 3664 propinquam
1537 3599 1631 3648 du·
1721 3613 1799 3645 me
1824 3597 2032 3657 mainan
2061 3614 2152 3646 uec
2167 3634 2182 3660 ‚
2210 3600 2301 3646 nisi
2328 3598 2593 3646 Marcellos
2617 3613 2751 3646 eom·

605 3689 799 3727 xerunt.
850 3677 1102 3741 Significat
1140 3688 1299 3726 nutem
1332 3679 1476 3725 Verri
1519 3695 1630 3727 cum
1721 3691 1891 3723 munes
1914 3676 2090 3724 Siciliae
2113 3676 2267 3725 totius
2291 3688 2559 3741 patronos,
2592 3677 2748 3725 ullum

603 3758 807 3808 illorum
843 3757 1080 3804 uxoribus
1121 3759 1277 3821 stupri
1327 3759 1634 3807 consuetudi·
1722 3757 1766 3804 ei
1807 3767 2069 3820 patronum
2106 3757 2402 3821 peculiarem
2443 3771 2576 3818 esse,
2601 3773 2745 3822 quem

607 3853 720 3886 nem
749 3836 1088 3884 intercessisse.
1129 3836 1298 3897 ltaque
1331 3838 1470 3900 quasi
1489 3838 1632 3886 Verri
1719 3835 1914 3902 privato
1940 3837 2051 3897 jure
2076 3836 2305 3883 invocare
2335 3847 2520 3900 posset.
2551 3838 2661 3884 Hoc
2690 3835 2750 3882 si-

604 3918 898 3981 ‘propinqnoe
946 3913 1145 3962 illorum
1187 3928 1363 3964 uxores
1402 3916 1630 3977 fuissent,
1721 3912 1920 3979 gnificat
1965 3915 2207 3963 neminem
2249 3914 2478 3962 Heraclio
2530 3929 2635 3962 esse
2684 3913 2746 3961 nd

599 3997 725 4044 istos
752 3992 922 4041 affine·
946 3990 1085 4040 illius
1102 3991 1331 4055 appellnt.
1359 3995 1439 4042 Sic
1458 3995 1631 4042 eodem
1720 4010 1864 4058 quem
1893 3994 2130 4042 clientelae
2151 3995 2259 4055 jure
2281 3993 2548 4057 confugiat.

605 4079 749 4142 seusu
770 4088 875 4136 etp.
900 4088 957 4119 to
977 4070 1115 4134 dixit'
1131 4092 1152 4112 ι
1167 4069 1455 4121 affinitate-⁸.
1788 4090 1840 4133 7.
1872 4076 1987 4122 Ern.
2010 4084 2193 4136 posset.

632 4149 635 4156 “
683 4153 994 4216 4.“ριιονιιηι.
1025 4151 1217 4200 Uxores
1238 4167 1449 4217 quorum
1476 4151 1638 4215 stupri
1790 4155 1838 4200 8.
1864 4151 2194 4204 Commissum,
2215 4148 2581 4211 Adjudieataun.
