3044 4788
643 382 778 453 562
1435 363 1970 435 EXCURSUS

643 523 772 569 tur.
795 498 1048 587 Ulpian.
1079 492 1320 583 Digest.
1349 491 1459 555 lib.
1484 489 1536 552 L
1556 536 1574 569 ,
1607 488 1705 550 tit.
1735 485 1839 564 15,
1869 483 1913 547 l.
1943 483 2001 547 3.
2036 479 2422 545 Solvebatur
2451 501 2591 567 pro
2624 480 2804 567 agris

642 627 707 674 et
733 607 993 696 opibus.
1034 598 1286 667 Deinde
1316 595 1736 662 aestimatione
1763 613 1993 675 eorum
2016 588 2317 652 omnium
2346 589 2519 650 facta
2536 634 2558 666 ,
2597 588 2806 649 etiam

640 712 986 779 centesima
1026 728 1242 772 annua
1276 726 1398 792 pro
1435 702 1578 789 ipso
1611 698 1815 786 capitae
1846 695 2142 759 dabatur.
2177 694 2241 756 Is
2274 692 2450 755 enim
2478 708 2629 754 erat
2666 694 2806 754 fere

644 819 877 884 modus
913 815 1097 880 istius
1133 809 1380 875 tributi.
1415 807 1545 869 Pro
1580 804 1798 869 liberis
1832 802 1953 890 ipsi
1996 815 2299 887 parentes
2338 798 2801 860 exsolvebant„

643 926 992 989 Servorum
1025 913 1360 981 aestimatio
1397 910 1700 975 censibus
1737 904 2101 971 accedebat.
2134 906 2260 967 Ista
2298 902 2648 992 capitatio,
2702 902 2801 965 fas

644 1032 726 1094 sit
753 1027 850 1093 uti
871 1023 1071 1090 verbo
1103 1018 1445 1107 peregrino
1461 1063 1480 1098 ,
1505 1017 1783 1079 alterum
1815 1009 2089 1099 vectigal
2114 1009 2238 1072 fuit
2264 1030 2463 1097 grave
2490 1008 2800 1094 populis,

646 1134 912 1222 qu'ibus,
950 1141 1182 1215 praeter
1216 1120 1655 1218 ordinarium,
1691 1114 2038 1181 accedebat
2077 1113 2281 1201 [unde
2319 1110 2795 1200 stipendiario-

644 1258 788 1301 rum
818 1230 1110 1299 conditio
1138 1227 1480 1293 durissima
1505 1243 1760 1310 semper
1785 1220 2000 1285 habita
2029 1219 2149 1306 est]
2173 1242 2191 1282 ε
2224 1217 2609 1305 reipublicae
2636 1240 2794 1280 vero

649 1336 1277 1415 fructuosissimum3
1323 1332 1440 1396 etsi
1475 1329 1626 1394 solis
1658 1325 2026 1391 centesimis
2058 1325 2269 1413 primo
2302 1323 2592 1411 persolvi
2626 1320 2792 1384 vide·

645 1442 842 1513 retur.
898 1444 1142 1530 Saepius
1192 1440 1366 1503 enim
1419 1433 1758 1500 eveniebat
1801 1448 1879 1494 ut
1924 1429 2070 1493 duae
2094 1477 2113 1511 ‚
2162 1446 2362 1493 ternae
2412 1428 2789 1491 centesima!

648 1568 881 1618 exactoe
921 1546 1167 1611 fuerint
1215 1543 1296 1606 ab
1343 1542 1418 1604 iis
1455 1539 1800 1616 nimirum,
1839 1536 1951 1623 qui
1984 1557 2153 1623 saepe
2190 1534 2380 1613 victi,
2431 1533 2591 1620 quia
2624 1554 2794 1619 saepe

660 1658 1081 1733 rebellarent3
1136 1665 1382 1738 quanto
1432 1647 1635 1734 magis
1679 1643 1835 1707 inde
1876 1664 2163 1706 crescere
2204 1640 2435 1703 debuit
2468 1638 2794 1727 vectigal?

651 1769 843 1830 Certe
879 1759 962 1824 de
997 1756 1233 1822 Judaeis
1269 1752 1492 1817 scribit
1521 1750 1853 1838 Appianus
1894 1749 1961 1811 in
1999 1748 2140 1835 Syr.
2168 1746 2256 1810 ob
2288 1754 2430 1808 eam
2466 1767 2615 1807 rem
2647 1767 2793 1832 gra-

649 1872 830 1935 viora
864 1868 896 1929 J
902 1862 1102 1929 udaeis
1138 1861 1415 1939 tributa,
1459 1879 1656 1943 quam
1706 1876 1850 1941 quae
1888 1875 2011 1940 pro
2056 1874 2254 1916 censu
2305 1852 2790 1929 conferrentur,

652 1977 718 2039 in
755 1970 1163 2059 singulorum
1195 1980 1392 2052 caput
1417 1960 1716 2049 imposita
1748 1959 1964 2023 fuisse.

743 2079 918 2164 Ergo
938 2120 957 2154 ,
1013 2088 1086 2136 ut
1146 2071 1275 2133 hoc
1334 2082 1790 2154 argumentum
1845 2060 2259 2142 concludam,
2309 2061 2497 2124 facile
2548 2059 2784 2122 dixeris

653 2184 827 2248 orbis
858 2175 1140 2243 universi
1170 2172 1539 2237 divitiarum
1576 2187 1827 2259 partem
1861 2170 2203 2233 maximam
2245 2170 2308 2230 in
2352 2168 2652 2232 aerarium
2690 2188 2788 2227 ro-

653 2308 919 2355 manum
957 2279 1377 2361 confluxisse,
1414 2293 1478 2345 et
1504 2275 1829 2365 quidquid
1855 2276 2042 2338 annis
2075 2274 2341 2362 singulis
2372 2272 2641 2361 populi,
2676 2288 2787 2334 aut

655 2407 972 2473 sererent,
1009 2405 1122 2454 aut
1154 2402 1505 2465 meterent,
1540 2381 1609 2447 i'd
1643 2405 1839 2447 omne
1878 2382 2032 2471 reip.
2064 2380 2281 2445 fuisse.

743 2502 842 2565 De
888 2499 1033 2578 jure
1088 2489 1470 2559 instituendi
1489 2538 1507 2572 ,
1560 2505 1625 2553 et
1689 2487 1946 2552 locandi
2001 2486 2330 2576 vectigalia
2383 2507 2593 2573 pauoe
2656 2484 2791 2548 haec

660 2606 980 2673 addimus.

748 2716 780 2777 J
790 2735 864 2776 us
901 2702 1284 2774 instituendi
1318 2701 1649 2790 vectigalia
1680 2720 1879 2787 penes
1912 2720 2094 2786 reges
2123 2693 2312 2761 initio
2343 2696 2470 2759 fuit
2490 2744 2510 2776 ,
2547 2696 2797 2784 quippe

664 2837 946 2906 quorum
998 2834 1196 2876 manu
1255 2808 1473 2872 omnia
1529 2803 2078 2894 gubernabantur.
2128 2803 2245 2867 His
2302 2801 2518 2881 ejectis
2576 2802 2797 2865 omnis

668 2941 898 2986 eorum
945 2929 1226 3004 potestas
1276 2911 1361 2977 ad
1394 2927 1688 2976 senatum
1715 2956 1733 2988 ,
1778 2912 2230 2998 populumque
2263 2929 2607 2970 romanum
2647 2928 2799 2993 per-

667 3025 862 3090 venit.
915 3022 1161 3110 Digest.
1193 3020 1236 3083 l.
1269 3020 1335 3101 1,
1370 3019 1468 3082 tit.
1525 3041 1585 3081 2.
1638 3015 1761 3078 Hic
1808 3038 1962 3104 ergo
1999 3015 2309 3103 quaeritur
2345 3035 2543 3100 penes
2589 3034 2798 3099 quos,

668 3131 866 3196 libera
905 3125 1266 3217 republica,
1317 3124 1513 3188 fuerit
1549 3136 1830 3210 potestas
1867 3122 2198 3208 vectigalia
2241 3116 2662 3200 instituendi3
2714 3139 2796 3181 an

670 3262 745 3303 ea
788 3257 987 3326 penes
1038 3247 1333 3296 senatum
1379 3228 1575 3293 fuerit
1613 3227 1986 3290 inconsulto
2034 3227 2282 3313 populo
2305 3272 2323 3305 ,
2370 3247 2453 3286 an
2498 3239 2801 3286 senatus-

673 3342 974 3409 consulto
1001 3339 1218 3418 jussus
1248 3335 1473 3423 populi
1507 3330 1809 3396 accedere
1842 3330 2154 3395 debuerit.
2190 3334 2281 3395 Ita
2317 3345 2535 3394 censet
2559 3319 2797 3391 Manu-

674 3450 824 3514 tius.
861 3443 1186 3533 Vectigal,
1220 3441 1432 3527 inquit
1464 3436 1544 3501 de
1577 3453 1805 3500 senatu
1842 3438 2029 3499 Rom.
2064 3459 2209 3525 pag.
2249 3434 2329 3500 85
2354 3483 2371 3516 ‚
2410 3434 2597 3497 victis
2628 3433 2797 3496 bello

677 3552 979 3641 gentibus
1002 3572 1137 3613 non
1165 3548 1302 3613 sine
1322 3544 1564 3634 populo
1587 3559 1846 3608 senatus
1873 3542 2267 3629 imponebat.
2288 3538 2412 3605 Sed
2426 3540 2799 3603 Manutinm

678 3656 885 3746 probe
913 3653 1144 3717 refellit
1170 3654 1239 3717 P.
1275 3633 1684 3714 Burmannus
1712 3648 1792 3712 de
1820 3649 2063 3736 Vectig.
2089 3670 2145 3711 c.
2180 3671 2242 3734 7,
2272 3663 2335 3710 et
2361 3645 2798 3732 locupletibus

675 3757 972 3828 adductis
1002 3755 1372 3820 auctoribus
1398 3752 1633 3840 probat
1655 3754 1878 3841 populi
1906 3770 2117 3841 partes
2145 3777 2247 3817 eas
2282 3768 2536 3816 tantum
2570 3751 2796 3832 fuisse,

680 3883 756 3931 ut
782 3862 1025 3930 bellum
1052 3875 1168 3924 aut
1197 3856 1401 3923 foedus
1428 3856 1706 3939 juberet,
1731 3875 1844 3921 aut
1868 3876 2145 3941 vetaret3
2178 3857 2292 3922 sed
2322 3856 2796 3944 provinciarum

681 3990 748 4040 et
773 3970 975 4035 aerarii
1010 3988 1232 4033 curam
1269 3963 1352 4028 ad
1388 3981 1683 4032 senatum
1712 3987 1920 4028 unum
1958 3964 2358 4051 pertinuisse.
2403 3964 2664 4027 Instant
2694 3961 2793 4024 ad·

678 4076 959 4159 versarii,
978 4092 1043 4141 et
1059 4096 1140 4141 ex
1159 4071 1376 4138 multis
1395 4072 1555 4137 Livii
1572 4070 1749 4153 locis,
1771 4094 2002 4160 nempe
2020 4071 2129 4136 lib.
2143 4073 2252 4154 IV,
2268 4095 2324 4137 c.
2348 4071 2420 4154 ὃς
2441 4067 2790 4148 lib.XXIX,
