3044 4788
698 456 808 526 IN
855 455 1292 524 VERREM
1340 410 1560 523 Aer.
1604 454 1718 539 11,
1766 457 1954 523 Lm.
1999 457 2057 522 1.
2307 451 2436 525 361

318 582 394 648 in
434 575 668 648 Sicilia
704 573 796 645 de
823 574 1304 645 hereditatum
1330 572 1910 672 possessionibus
1945 570 2201 645 dandis
2230 573 2452 647 edixit

320 686 549 773 idem,
591 683 794 783 quod
833 708 1085 756 omnes
1127 688 1415 772 Romae‚
1460 698 1722 781 praeter
1761 686 2003 755 istum.
2049 688 2153 755 Ex
2195 710 2451 758 nmero

318 802 690 868 Stemma
719 821 734 862 ε
765 819 827 864 s1
863 820 955 865 ΒΕ
996 818 1449 865 ΗΕΒΕΒῙΤΑΤΕ
1484 818 1888 864 ,sumen-nn
1896 846 2010 866 .....

415 909 662 977 XLVI.
700 909 824 992 At,
862 929 994 1003 per
1019 901 1195 975 deos
1218 903 1664 974 immortales
1684 957 1703 991 ‚
1737 901 1916 1000 quid
1940 917 2048 975 est
2070 958 2090 991 ,
2110 887 2323 1001 ‘quod
2349 902 2452 975 ‘de

316 1016 459 1086 hoc
484 1013 625 1085 dici
664 1016 937 1112 possit?
969 1019 1242 1086 Iterum
1280 1016 1469 1085 enim
1495 1014 1644 1109 jam
1677 1038 1925 1110 quaero
1960 1012 2089 1085 abs
2123 1028 2196 1085 te
2219 1068 2239 1101 ,
2270 1017 2454 1086 sicut

318 1123 539 1196 modo
577 1127 654 1193 in
697 1125 822 1194 illo
861 1126 1092 1222 capite
1128 1126 1461 1195 Anniano
1493 1121 1584 1193 de
1613 1124 1996 1194 mulierum
2034 1123 2451 1196 hereditati·

318 1235 495 1323 buS,
519 1237 819 1306 nuncin
849 1234 992 1306 hoc
1027 1234 1118 1306 de
1153 1232 1638 1305 hereditatum
1680 1234 2296 1332 possessionibus:
2326 1260 2457 1306 cur

322 1369 406 1416 ea
433 1347 663 1443 capita
705 1346 786 1413 in
827 1344 1144 1415 edictum
1181 1343 1623 1440 provinciale
1663 1341 2047 1415 transferre
2089 1345 2457 1416 nolueris?

318 1458 583 1525 Utrum
619 1452 983 1551 digniores
1019 1452 1351 1525 homines
1393 1456 1808 1525 existimasti
1846 1479 1993 1541 eos,
2015 1458 2142 1551 qui
2178 1454 2454 1526 habita·

323 1561 505 1634 bant
543 1567 619 1634 in
662 1566 1071 1663 provincia,
1119 1587 1341 1661 quam
1385 1578 1558 1648 nos3
1596 1567 1724 1662 qui
1766 1590 1974 1662 aequo
2014 1566 2173 1659 jure
2223 1580 2460 1636 utere-

325 1674 582 1743 mur¹i>
632 1698 723 1745 an
770 1672 966 1746 aliud
1007 1678 1253 1745 Romae
1294 1698 1584 1770 aequum
1628 1689 1766 1758 est,
1808 1672 2004 1745 aliud
2047 1677 2124 1744 in
2176 1675 2458 1746 Sicilia?

322 1787 490 1854 Non
532 1787 725 1854 enim
773 1785 916 1856 hoc
959 1798 1197 1884 potest
1252 1783 1392 1855 hoc
1433 1786 1639 1856 loco²
1686 1782 1863 1874 dici,
1907 1784 2138 1869 multa
2178 1809 2330 1856 esse
2380 1789 2456 1855 in

324 1895 712 1989 provinciis
755 1893 962 1965 aliter
1000 1890 1387 1966 edicenda:
1441 1919 1592 1965 non
1637 1892 1728 1965 de
1765 1892 2249 1966 hereditatum
2290 1899 2458 1993 qui-

322 2000 489 2074 dem
526 2002 1104 2101 possessionibus
1124 2058 1144 2092 ‚
1186 2028 1338 2074 non
1371 2001 1463 2075 de
1493 2004 1882 2075 mulierum
1910 2002 2454 2076 hereditatibus.

320 2110 549 2186 Nam³
594 2128 908 2211 utroque
954 2138 1216 2212 genere
1264 2111 1478 2184 video
1514 2138 1668 2184 non
1712 2112 1934 2184 modo
1972 2127 2285 2201 ceterOS,
2333 2112 2457 2184 sed

320 2237 394 2295 te
431 2226 672 2321 ipsum
722 2222 1026 2297 totidem
1068 2223 1309 2295 verbis
1353 2223 1702 2312 edixisse,
1757 2238 1941 2322 quot
1978 2221 2218 2296 verbis
2274 2223 2458 2295 edici

322 2335 567 2405 Romae
611 2332 816 2405 solet.
858 2338 1039 2426 Quae
1070 2336 1317 2407 Romae
1355 2358 1614 2433 magna
1653 2358 1820 2406 cum
1860 2332 2188 2421 infamia,
2225 2338 2459 2433 pretio

321 2458 656 2542 accept0‚
698 2444 1053 2534 edixeraS‚
1107 2470 1191 2517 ea
1233 2448 1384 2518 sola
1419 2462 1529 2534 te,
1587 2471 1679 2516 ne
1714 2449 1931 2543 gratis
1973 2449 2049 2517 in
2089 2450 2460 2543 provincia

322 2554 508 2624 male
531 2553 811 2625 audires
831 2610 851 2642 ,
886 2581 972 2626 ex
998 2553 1235 2628 edicto
1258 2558 1612 2628 Siciliensi
1640 2556 2013 2628 sustulisse
2058 2554 2456 2643 video.·‘Et‚

322 2688 555 2760 quum
586 2663 903 2736 edictum
944 2682 1178 2738 totum
1217 2691 1472 2739 eorum
1509 2665 1901 2753 arbitratu,
1939 2662 2291 2762 quamdiu
2323 2662 2460 2736 fuit

324 2770 771 2870 designatus,
802 2791 1301 2873 componeret,
1338 2780 1465 2873 qui
1503 2775 1596 2847 ab
1632 2780 1770 2848 isto
1801 2775 1920 2872 jus
1953 2775 2045 2847 ad
2077 2773 2457 2846 utilitatem

325 2908 529 2954 suam
565 2883 1195 2976 nundinareutur3
1228 2902 1387 2959 tum
1424 2912 1599 2959 vero
1641 2877 1716 2958 in
1750 2891 2168 2984 magistratu
2208 2901 2458 2958 contra

327 2991 507 3063 illud
558 2993 873 3066 edictum
926 3021 1142 3070 suum
1183 3001 1337 3068 sine
1391 2996 1538 3069 ulla
1596 2998 1945 3095 religione
2000 2995 2456 3068 decernebat.

328 3105 582 3199 Itaque
603 3109 682 3174 L.
700 3109 865 3177 Piso
882 3110 913 3159 4
943 3107 1213 3178 multos
1241 3106 1525 3179 codices
1549 3107 1878 3206 implevit
1905 3131 2151 3178 earum
2178 3132 2423 3178 rerum
2439 3162 2460 3195 ,

327 3357 695 3440 hereditatibus.
715 3379 845 3426 Vide
867 3395 1015 3444 supra
1040 3395 1149 3445 etp.
1174 3387 1349 3437 41-44.

397 3457 576 3505 XLVI.
604 3473 624 3503 x
634 3492 648 3505 .
662 3459 1063 3506 Emendationem
1080 3462 1351 3507 Hotoman-

1510 3396 1561 3428 α.
1608 3379 1745 3428 Edit.
1784 3378 2073 3428 Gruteriana
2091 3409 2108 3437 ,
2155 3397 2181 3419 α
2199 3376 2253 3423 in
2294 3374 2406 3424 loco
2421 3398 2463 3424 »-

1436 3460 1485 3507 Ι.
1506 3460 1570 3506 V.
1596 3460 1650 3506 L.

327 3533 404 3592 ni,
436 3545 708 3590 uterentur,
755 3537 933 3600 probat
967 3541 1028 3587 P.
1064 3537 1347 3594 Manutius,

326 3611 542 3676 itemque
580 3614 849 3665 Ernestius.
883 3615 1143 3680 Vulgatam
1188 3626 1351 3665 tamen

326 3691 587 3740 lectionem
619 3695 841 3742 Graevius
869 3695 1105 3745 defendit.
1129 3698 1180 3745 J.
1201 3697 1266 3745 V.
1293 3697 1347 3742 L.

326 3796 400 3805 --
431 3773 575 3819 Hunc
601 3774 850 3836 sequimur
890 3775 957 3823 ob
991 3775 1070 3833 id,
1104 3775 1217 3838 quia
1253 3775 1350 3823 hoc

326 3849 533 3897 verbum
551 3851 718 3899 maluit
731 3853 930 3911 Cicero,
952 3870 1087 3901 more
1109 3854 1351 3902 veteribus

326 3930 553 3978 familiari
570 3967 585 3991 ,
627 3934 924 3997 respondere
949 3934 1134 3982 ultimis
1151 3934 1227 3981 his
1245 3949 1351 3982 ver-

328 4012 405 4058 bis
422 4028 572 4075 quam
586 4029 697 4061 nos.
717 4014 797 4061 Sic
816 4016 879 4062 T.
897 4013 999 4061 Liv.
1019 4016 1095 4061 tx
1110 4050 1125 4075 ,
1143 4015 1201 4062 8.:
1222 4036 1245 4054 .-
1263 4031 1351 4062 uec

328 4089 597 4153 quidquam
637 4108 698 4139 ex
744 4109 799 4139 ea
818 4126 835 4152 ,
882 4104 1206 4157 praeterquam
1246 4110 1352 4141 cor·

330 4183 452 4231 pora
478 4180 642 4218 nostra
669 4170 910 4220 debentur
925 4192 965 4221 ι.

1513 3540 1563 3588 3.
1587 3536 1852 3586 Lambinus
1877 3534 2017 3582 addit
2044 3532 2114 3581 ἱη.
2154 3535 2201 3581 J.
2219 3535 2280 3579 V.
2302 3535 2355 3579 Ι...

1510 3625 1559 3672 4.
1598 3621 1654 3664 L.
1691 3616 1816 3664 Piso.
1851 3614 1991 3662 Alter
2032 3623 2228 3678 prator,
2265 3612 2352 3675 qui
2382 3613 2465 3674 jus

1437 3696 1631 3745 dicebat
1659 3696 1789 3745 iuter
1821 3694 2118 3759 peregrinos.
2146 3720 2218 3729 —
2247 3690 2461 3740 Codices.

1439 3781 1496 3826 In
1514 3792 1639 3840 quos
1657 3786 1762 3824 acta
1779 3775 2085 3837 magistratus
2104 3770 2180 3818 sui
2204 3769 2457 3818 referebat.

1438 3856 1671 3905 Similiter
1710 3856 1762 3901 in
1809 3854 2013 3903 Coesaris
2059 3851 2428 3900 Commentariis
2444 3887 2460 3911 ,

1440 3938 1545 3994 111,
1580 3951 1647 3982 20
1670 3970 1685 3991 ‚
1728 3935 1801 3982 M.
1839 3932 1979 3982 Coelii
2018 3931 2240 3996 praetoris
2280 3930 2463 3977 mentio

1438 4014 1524 4071 fit,
1552 4014 1666 4077 qui,
1694 4014 1736 4059 si
1770 4013 1879 4076 quis
1917 4029 1942 4057 a
1983 4013 2045 4058 C.
2067 4009 2316 4057 Trebonio
2338 4023 2460 4071 prae·

1442 4106 1548 4141 tore
1571 4091 1757 4139 urbano
1780 4091 2145 4154 appellavisset,
2174 4091 2219 4135 ei
2250 4090 2353 4135 fore
2378 4101 2462 4133 au·

1444 4171 1566 4219 xilio
1591 4170 1929 4233 pollicebatur.
