3044 4788
962 461 1094 529 DE
1143 458 1798 530 PROVINCIIS.
2300 455 2439 530 235

318 592 443 680 sibi
472 591 542 656 in
568 588 785 655 Galliis
817 603 1074 678 tempus
1108 590 1452 678 (nusquam
1474 611 1629 654 vero
1656 589 2026 678 imperium)
2063 610 2443 677 prorogare-

319 679 448 780 tur,
485 696 796 784 quodque
844 693 912 758 id
955 694 1047 759 illi
1082 711 1459 784 negaretur,
1509 717 1684 759 arma
1718 694 1959 759 idcirco
1991 695 2283 758 movisse.
2315 693 2441 757 Sed

287 803 515 886 [facilis
548 818 645 866 est
667 797 1037 889 responsiO,
1084 801 1136 864 si
1171 823 1244 865 ea
1264 849 1282 883 ,
1322 817 1398 864 ut
1433 823 1655 864 revera
1676 816 1853 889 gesta
1880 816 2054 877 sunt,
2097 800 2440 889 diligenter

315 909 772 988 examinemus.
809 909 1016 980 Caesar
1039 908 1257 996 itaque
1285 908 1513 973 consul
1541 930 1715 972 anno
1746 908 1827 971 ab
1862 909 1941 972 U.
1977 910 2045 973 C.
2086 906 2436 993 691,Vati-

315 1014 418 1077 nia
452 1016 593 1103 lege
626 1012 892 1090 Galliam
925 1014 1288 1077 citeriorem
1311 1037 1347 1077 a
1368 1014 1616 1102 populo
1636 1013 1924 1078 obtinuit
1947 1036 2065 1102 per
2082 1014 2442 1101 quinquen-

314 1120 498 1194 nium
515 1167 533 1200 ,
571 1141 908 1206 quumque
950 1143 1024 1196 ea
1059 1115 1161 1196 lex
1193 1119 1597 1208 promulgata
1635 1118 1829 1183 fuerit
1861 1118 2113 1182 circiter
2136 1117 2441 1183 kalendas

314 1240 501 1289 mart.
522 1246 653 1288 non
679 1239 931 1313 poterat
953 1225 1184 1290 Caesari
1211 1225 1554 1312 imperium
1584 1225 1776 1314 eripi,
1801 1224 1923 1287 nisi
1944 1223 2233 1288 kalendis
2254 1207 2439 1288 mart.

313 1330 467 1395 anni
495 1330 625 1415 696
644 1379 662 1412 ,
691 1331 981 1395 Domitio
1014 1347 1080 1395 et
1110 1331 1323 1420 Appio
1357 1352 1522 1395 coss.
1541 1329 1742 1419 idque
1774 1345 2025 1394 constat
2048 1353 2127 1394 ex
2150 1331 2442 1406 oratione

315 1434 397 1509 de
425 1436 804 1522 provinciis:
851 1435 1178 1514 «Praefinit
1209 1437 1381 1499 enim
1424 1436 1780 1500 successori
1824 1434 1997 1499 diem
2017 1459 2077 1515 »ς
2127 1451 2191 1500 et
2231 1436 2436 1499 infra:

315 1571 342 1595 ιι
365 1539 675 1604 Kalendis
711 1541 770 1604 ei
804 1540 1087 1630 denique
1131 1558 1317 1617 mart.
1365 1558 1665 1607 nascetur
1710 1556 1976 1629 repente
2020 1542 2351 1629 provincia
2378 1565 2442 1620 »ς

315 1661 394 1710 ut
436 1646 676 1710 scilicet
724 1663 1079 1714 servaretur
1121 1649 1223 1712 lex
1254 1647 1509 1712 Vatinia
1529 1695 1547 1728 ,
1596 1646 1882 1711 kalendis
1930 1662 2111 1710 mart.
2151 1646 2442 1735 praedicti

315 1752 471 1818 anni
504 1751 892 1816 mittendum
930 1753 1232 1817 censebat
1269 1775 1706 1817 successorem
1745 1767 2004 1817 senator
2052 1753 2156 1816 ille
2204 1774 2443 1832 consu-

315 1857 486 1924 laris·
520 1857 744 1939 Quum
778 1873 997 1922 autem
1040 1879 1214 1920 anno
1248 1857 1618 1945 superiore,
1653 1857 1965 1945 Pompeio
2005 1857 2304 1938 consule,
2336 1855 2443 1936 iti-

315 1962 466 2027 dem
510 1964 761 2027 circiter
804 1962 1105 2040 kalendas
1139 1978 1326 2027 mart.
1357 1964 1480 2028 lata
1528 1963 1756 2027 fuisset
1795 1964 1895 2026 lex
1928 1964 2282 2046 Trebonia,
2314 1986 2443 2050 qua

313 2092 427 2157 per
472 2069 648 2133 aliud
699 2070 1223 2158 quinquennium
1272 2071 1338 2133 in
1395 2069 1615 2133 Galliis
1667 2070 1891 2133 datum
1944 2086 2040 2135 est
2093 2069 2439 2158 imperium

313 2176 541 2240 Caesari
558 2225 576 2258 ,
614 2176 905 2240 sublatus
933 2192 1030 2240 est
1055 2200 1264 2240 annus
1292 2199 1464 2241 uuus
1492 2199 1573 2239 ex
1604 2176 2055 2264 quinquennio
2081 2177 2239 2265 legis
2256 2176 2436 2239 Vati-

315 2282 471 2364 niae,
504 2283 826 2370 coepitque
857 2305 976 2370 per
1001 2283 1265 2346 alteram
1298 2283 1502 2371 legem
1535 2283 1923 2346 Treboniam
1960 2282 2257 2347 obtinere
2289 2282 2440 2345 Gal·

313 2386 426 2453 lias
461 2386 747 2452 kalendis
806 2404 992 2452 mart.
1025 2388 1179 2451 anni
1213 2385 1372 2474 695,
1431 2386 1725 2477 adeoque
1771 2411 1980 2476 usque
2022 2387 2106 2452 ad
2138 2387 2440 2467 kalendas

315 2507 504 2569 mart.
524 2494 679 2555 anni
707 2515 833 2578 70⁰
854 2540 873 2573 ,
901 2493 1015 2581 qui
1053 2493 1352 2557 consules
1380 2494 1609 2558 habuit
1636 2496 1707 2558 L.
1735 2495 2033 2558 Paullum
2063 2509 2128 2558 et
2164 2496 2235 2558 C.
2266 2495 2440 2559 Mar-

316 2596 571 2672 cellum.
601 2597 773 2660 Hinc
806 2597 986 2684 epist.
1018 2622 1081 2685 7,
1124 2598 1234 2661 lib.
1260 2597 1453 2679 VIII,
1493 2598 1584 2661 M.
1620 2598 1925 2662 Marcello
1961 2599 2259 2679 consule,
2286 2599 2355 2662 h.
2381 2622 2437 2662 e.

316 2724 492 2775 anno
544 2702 675 2788 699
695 2750 711 2783 ‚
774 2724 1010 2793 mense*
1044 2703 1392 2791 septembri
1456 2703 1596 2771 haec
1648 2704 2000 2791 loquutum
2057 2704 2442 2791 Pompeium

315 2807 510 2873 refert
542 2807 821 2872 Coelius:
853 2808 976 2872 «Se
1008 2825 1156 2872 ante
1189 2807 1311 2873 kal.
1346 2824 1532 2872 mart.
1557 2832 1691 2872 non
1725 2832 1914 2897 posse
1941 2810 2078 2873 sine
2106 2809 2341 2890 injuria
2359 2810 2441 2887 de

313 2912 661 3001 provinciis
687 2912 969 2979 Caesariis
1000 2929 1312 2997 statuere3
1354 2930 1503 3002 post
1539 2914 1657 2978 kal.
1698 2930 1884 2978 mart.
1919 2939 1988 2980 se
2023 2938 2158 2979 non
2195 2915 2444 2979 dubita-

316 3035 537 3084 turum
559 3044 618 3102 »3
670 3036 745 3084 ut
776 3020 1017 3084 scilicet
1049 3021 1151 3084 lex
1174 3022 1498 3085 Trebonia
1538 3037 1917 3086 servaretur.
1948 3021 2140 3111 Apud
2169 3023 2437 3111 Appian.

313 3123 426 3187 lib.
443 3124 516 3187 II
542 3124 628 3211 de,
657 3124 834 3189 Bello
868 3126 1069 3208 civili,
1105 3125 1186 3190 ad
1205 3115 1450 3190 annum
1475 3150 1603 3213 700
1628 3150 1643 3190 :
1679 3157 1703 3181 α
1725 3127 1798 3191 C.
1828 3127 2169 3192 Marcellus
2191 3151 2446 3191 succes-

316 3250 529 3297 sorem
578 3230 806 3319 Caesari
861 3229 928 3295 in
977 3231 1378 3318 provinciam
1429 3232 1601 3295 mitti
1650 3231 2053 3320 postulabat3
2085 3233 2218 3312 jam
2266 3233 2439 3295 enim

315 3349 572 3422 tempus
606 3335 740 3415 ejus
769 3337 1054 3400 muneris
1074 3336 1154 3400 ad
1171 3336 1367 3401 finem
1381 3338 1630 3403 venisse
1661 3337 1938 3402 aiebat»:
1970 3338 2281 3425 quoniam
2309 3337 2435 3402 kal.

316 3456 504 3505 mart.
537 3441 705 3515 illius
739 3444 892 3507 anui
942 3443 1465 3532 quinquennium
1498 3444 1840 3508 Treboniae
1884 3444 2042 3532 legis
2084 3441 2435 3508 effluxerat.

313 3546 543 3635 Neque
572 3548 809 3630 obstat,
845 3549 1026 3638 quod
1050 3549 1228 3614 addit
1255 3550 1420 3613 infra
1446 3549 1618 3614 idem
1646 3551 1978 3640 Appianus
2004 3573 2020 3613 ε
2052 3550 2440 3615 «Adversari-

313 3651 490 3715 tibus
518 3652 761 3736 multiS,
789 3677 862 3717 ac
881 3677 1019 3718 non
1042 3677 1226 3742 aeque
1254 3656 1568 3743 Pompeio
1597 3674 1853 3743 tempus
1876 3654 2197 3720 effluxisse
2219 3656 2442 3720 dicen-

315 3756 561 3834 tibus»,
617 3782 824 3846 quum
858 3776 1075 3824 tamen
1112 3760 1341 3826 eodem
1392 3777 1681 3850 tempore
1728 3762 1808 3826 de
1857 3763 2200 3850 utriusque
2251 3764 2444 3850 quin-

315 3864 605 3950 quennio
657 3865 784 3928 lata
831 3865 1027 3929 fuerit
1077 3867 1178 3929 lex
1224 3868 1586 3937 Trebonia:
1655 3884 1832 3957 patet
1883 3869 2054 3932 enim
2073 3916 2090 3949 ,
2127 3868 2441 3955 Pompeio

315 3970 580 4033 tertium
640 3971 894 4035 consuli
955 3988 1370 4060 prorogatum
1427 3976 1625 4039 fuisse
1686 3975 1853 4040 ultra
1914 3974 2440 4063 quinquennium

317 4089 573 4162 tempus
611 4075 897 4163 imperii,
927 4100 1004 4141 ex
1038 4077 1248 4141 Dione
1285 4095 1350 4143 et
1380 4081 1705 4169 AppianO,
1733 4081 1846 4168 qui
1881 4080 1963 4144 de
1994 4079 2284 4168 Pompeii
2313 4095 2439 4141 ter—
