<?xml version="1.0" encoding="UTF-8"?>
<!DOCTYPE html PUBLIC "-//W3C//DTD XHTML 1.0 Transitional//EN"
    "http://www.w3.org/TR/xhtml1/DTD/xhtml1-transitional.dtd">
<html xmlns="http://www.w3.org/1999/xhtml" xml:lang="en" lang="en">
 <head>
  <title>
</title>
<meta http-equiv="Content-Type" content="text/html;charset=utf-8" />
  <meta name='ocr-system' content='tesseract 3.04.00' />
  <meta name='ocr-capabilities' content='ocr_page ocr_carea ocr_par ocr_line ocrx_word'/>
</head>
<body>
  <div class='ocr_page' id='page_1' title='image "./mtciceronisquae09lemagoog/mtciceronisquae09lemagoog_0245.png"; bbox 0 0 3044 4788; ppageno 0'>
   <div class='ocr_carea' id='block_1_1' title="bbox 650 391 2450 538">
    <p class='ocr_par' dir='ltr' id='par_1_1' title="bbox 650 391 2450 538">
     <span class='ocr_line' id='line_1_1' title="bbox 650 391 2450 538; baseline -0.001 -21"><span class='ocrx_word' id='word_1_1' title='bbox 650 449 753 520; x_wconf 82' lang='lat' dir='ltr'>IN</span> <span class='ocrx_word' id='word_1_2' title='bbox 805 450 894 538; x_wconf 88' lang='lat' dir='ltr'>Q.</span> <span class='ocrx_word' id='word_1_3' title='bbox 944 391 1484 517; x_wconf 69' lang='lat' dir='ltr'>CAECILIUM</span> <span class='ocrx_word' id='word_1_4' title='bbox 1537 443 2125 514; x_wconf 80' lang='lat' dir='ltr'>mleATm.</span> <span class='ocrx_word' id='word_1_5' title='bbox 2312 443 2450 515; x_wconf 79' lang='lat'>205</span> 
     </span>
    </p>
   </div>
   <div class='ocr_carea' id='block_1_2' title="bbox 326 564 2481 2863">
    <p class='ocr_par' dir='ltr' id='par_1_2' title="bbox 326 564 2467 1322">
     <span class='ocr_line' id='line_1_2' title="bbox 326 564 2458 666; baseline -0.001 -24"><span class='ocrx_word' id='word_1_6' title='bbox 326 569 595 644; x_wconf 88' lang='lat' dir='ltr'>tatibus</span> <span class='ocrx_word' id='word_1_7' title='bbox 622 593 757 666; x_wconf 86' lang='lat' dir='ltr'>pro</span> <span class='ocrx_word' id='word_1_8' title='bbox 792 565 1157 638; x_wconf 83' lang='lat' dir='ltr'>frumento</span> <span class='ocrx_word' id='word_1_9' title='bbox 1184 569 1565 663; x_wconf 88' lang='lat' dir='ltr'>pecuniam</span> <span class='ocrx_word' id='word_1_10' title='bbox 1603 579 2013 661; x_wconf 83' lang='lat' dir='ltr'>exegerunt.</span> <span class='ocrx_word' id='word_1_11' title='bbox 2053 564 2293 656; x_wconf 82' lang='lat' dir='ltr'>Quid?</span> <span class='ocrx_word' id='word_1_12' title='bbox 2315 566 2458 639; x_wconf 89' lang='lat' dir='ltr'>hoc</span> 
     </span>
     <span class='ocr_line' id='line_1_3' title="bbox 326 674 2458 776; baseline -0.003 -23"><span class='ocrx_word' id='word_1_13' title='bbox 326 688 555 753; x_wconf 88' lang='lat' dir='ltr'>Verre</span> <span class='ocrx_word' id='word_1_14' title='bbox 613 693 924 776; x_wconf 84' lang='lat' dir='ltr'>praetore</span> <span class='ocrx_word' id='word_1_15' title='bbox 978 674 1244 747; x_wconf 88' lang='lat' dir='ltr'>sactum</span> <span class='ocrx_word' id='word_1_16' title='bbox 1305 688 1416 746; x_wconf 91' lang='lat' dir='ltr'>est</span> <span class='ocrx_word' id='word_1_17' title='bbox 1465 674 1756 746; x_wconf 81' lang='lat' dir='ltr'>solum?</span> <span class='ocrx_word' id='word_1_18' title='bbox 1812 697 1998 761; x_wconf 83' lang='lat' dir='ltr'>non3</span> <span class='ocrx_word' id='word_1_19' title='bbox 2063 674 2186 745; x_wconf 90' lang='lat' dir='ltr'>sed</span> <span class='ocrx_word' id='word_1_20' title='bbox 2239 679 2458 747; x_wconf 90' lang='lat' dir='ltr'>etiam</span> 
     </span>
     <span class='ocr_line' id='line_1_4' title="bbox 328 783 2461 889; baseline -0.002 -28"><span class='ocrx_word' id='word_1_21' title='bbox 328 804 680 889; x_wconf 86' lang='lat' dir='ltr'>quaestore</span> <span class='ocrx_word' id='word_1_22' title='bbox 701 787 1004 858; x_wconf 68' lang='lat' dir='ltr'>Caecilio.</span> <span class='ocrx_word' id='word_1_23' title='bbox 1030 784 1224 875; x_wconf 89' lang='lat' dir='ltr'>Quid</span> <span class='ocrx_word' id='word_1_24' title='bbox 1253 787 1471 882; x_wconf 89' lang='lat' dir='ltr'>igitur</span> <span class='ocrx_word' id='word_1_25' title='bbox 1487 784 1515 854; x_wconf 74' lang='grc' dir='ltr'>Ρ</span> <span class='ocrx_word' id='word_1_26' title='bbox 1534 784 1833 855; x_wconf 89' lang='lat' dir='ltr'>daturus</span> <span class='ocrx_word' id='word_1_27' title='bbox 1848 808 1924 858; x_wconf 91' lang='lat' dir='ltr'>es</span> <span class='ocrx_word' id='word_1_28' title='bbox 1946 783 2117 856; x_wconf 89' lang='lat' dir='ltr'>huic</span> <span class='ocrx_word' id='word_1_29' title='bbox 2141 788 2461 872; x_wconf 90' lang='lat' dir='ltr'>crimini,</span> 
     </span>
     <span class='ocr_line' id='line_1_5' title="bbox 328 892 2463 997; baseline -0.001 -27"><span class='ocrx_word' id='word_1_30' title='bbox 328 897 531 997; x_wconf 92' lang='lat' dir='ltr'>quod</span> <span class='ocrx_word' id='word_1_31' title='bbox 564 912 638 968; x_wconf 90' lang='lat' dir='ltr'>et</span> <span class='ocrx_word' id='word_1_32' title='bbox 670 897 969 993; x_wconf 80' lang='lat' dir='ltr'>potuisti</span> <span class='ocrx_word' id='word_1_33' title='bbox 998 893 1385 992; x_wconf 84' lang='lat' dir='ltr'>prohibere</span> <span class='ocrx_word' id='word_1_34' title='bbox 1406 947 1425 980; x_wconf 92' lang='lat'>‚</span> <span class='ocrx_word' id='word_1_35' title='bbox 1465 918 1560 964; x_wconf 92' lang='lat' dir='ltr'>ne</span> <span class='ocrx_word' id='word_1_36' title='bbox 1587 892 1795 965; x_wconf 89' lang='lat' dir='ltr'>fieret</span> <span class='ocrx_word' id='word_1_37' title='bbox 1816 949 1835 981; x_wconf 93' lang='lat'>‚</span> <span class='ocrx_word' id='word_1_38' title='bbox 1871 909 1945 965; x_wconf 91' lang='lat' dir='ltr'>et</span> <span class='ocrx_word' id='word_1_39' title='bbox 1981 893 2336 968; x_wconf 74' lang='lat' dir='ltr'>debuisti?</span> <span class='ocrx_word' id='word_1_40' title='bbox 2369 922 2463 967; x_wconf 89' lang='lat' dir='ltr'>an</span> 
     </span>
     <span class='ocr_line' id='line_1_6' title="bbox 330 1001 2467 1102; baseline -0.001 -23"><span class='ocrx_word' id='word_1_41' title='bbox 330 1022 567 1079; x_wconf 90' lang='lat' dir='ltr'>totum</span> <span class='ocrx_word' id='word_1_42' title='bbox 602 1005 675 1077; x_wconf 90' lang='lat' dir='ltr'>id</span> <span class='ocrx_word' id='word_1_43' title='bbox 700 1004 1117 1102; x_wconf 79' lang='lat' dir='ltr'>relinques?</span> <span class='ocrx_word' id='word_1_44' title='bbox 1149 1007 1336 1101; x_wconf 87' lang='lat' dir='ltr'>Ergo</span> <span class='ocrx_word' id='word_1_45' title='bbox 1368 1001 1443 1073; x_wconf 91' lang='lat' dir='ltr'>id</span> <span class='ocrx_word' id='word_1_46' title='bbox 1467 1007 1769 1075; x_wconf 89' lang='lat' dir='ltr'>omnino</span> <span class='ocrx_word' id='word_1_47' title='bbox 1792 1008 2056 1077; x_wconf 87' lang='lat' dir='ltr'>Verres</span> <span class='ocrx_word' id='word_1_48' title='bbox 2084 1010 2156 1075; x_wconf 93' lang='lat' dir='ltr'>in</span> <span class='ocrx_word' id='word_1_49' title='bbox 2190 1006 2467 1102; x_wconf 90' lang='lat' dir='ltr'>judicio</span> 
     </span>
     <span class='ocr_line' id='line_1_7' title="bbox 331 1110 2465 1211; baseline 0 -23"><span class='ocrx_word' id='word_1_50' title='bbox 331 1142 466 1188; x_wconf 90' lang='lat' dir='ltr'>suo</span> <span class='ocrx_word' id='word_1_51' title='bbox 502 1141 652 1186; x_wconf 91' lang='lat' dir='ltr'>non</span> <span class='ocrx_word' id='word_1_52' title='bbox 692 1114 968 1201; x_wconf 87' lang='lat' dir='ltr'>audiet,</span> <span class='ocrx_word' id='word_1_53' title='bbox 996 1110 1198 1210; x_wconf 90' lang='lat' dir='ltr'>quod</span> <span class='ocrx_word' id='word_1_54' title='bbox 1227 1138 1457 1210; x_wconf 90' lang='lat' dir='ltr'>quum</span> <span class='ocrx_word' id='word_1_55' title='bbox 1489 1111 2465 1211; x_wconf 85' lang='lat' dir='ltr'>faciebat‚quemadmodum</span> 
     </span>
     <span class='ocr_line' id='line_1_8' title="bbox 333 1221 1719 1322; baseline -0.005 -23"><span class='ocrx_word' id='word_1_56' title='bbox 333 1226 765 1299; x_wconf 86' lang='lat' dir='ltr'>defensurus</span> <span class='ocrx_word' id='word_1_57' title='bbox 795 1237 982 1296; x_wconf 87' lang='lat' dir='ltr'>esset</span> <span class='ocrx_word' id='word_1_58' title='bbox 1002 1278 1022 1312; x_wconf 88' lang='lat'>‚</span> <span class='ocrx_word' id='word_1_59' title='bbox 1050 1248 1199 1293; x_wconf 92' lang='lat' dir='ltr'>non</span> <span class='ocrx_word' id='word_1_60' title='bbox 1241 1221 1649 1322; x_wconf 89' lang='lat' dir='ltr'>reperiebat</span> <span class='ocrx_word' id='word_1_61' title='bbox 1664 1234 1719 1292; x_wconf 86' lang='lat'>9.</span> 
     </span>
    </p>

    <p class='ocr_par' dir='ltr' id='par_1_3' title="bbox 332 1331 2481 2863">
     <span class='ocr_line' id='line_1_9' title="bbox 431 1331 2468 1432; baseline 0 -25"><span class='ocrx_word' id='word_1_62' title='bbox 431 1340 554 1408; x_wconf 86' lang='lat' dir='ltr'>XI.</span> <span class='ocrx_word' id='word_1_63' title='bbox 584 1341 822 1432; x_wconf 88' lang='lat' dir='ltr'>Atque</span> <span class='ocrx_word' id='word_1_64' title='bbox 851 1359 988 1431; x_wconf 88' lang='lat' dir='ltr'>ego</span> <span class='ocrx_word' id='word_1_65' title='bbox 1011 1332 1185 1420; x_wconf 80' lang='lat' dir='ltr'>haec,</span> <span class='ocrx_word' id='word_1_66' title='bbox 1219 1357 1380 1429; x_wconf 83' lang='lat' dir='ltr'>quoe</span> <span class='ocrx_word' id='word_1_67' title='bbox 1408 1335 1482 1402; x_wconf 87' lang='lat' dir='ltr'>iu</span> <span class='ocrx_word' id='word_1_68' title='bbox 1514 1331 1756 1403; x_wconf 88' lang='lat' dir='ltr'>medio</span> <span class='ocrx_word' id='word_1_69' title='bbox 1779 1334 2013 1431; x_wconf 89' lang='lat' dir='ltr'>posita</span> <span class='ocrx_word' id='word_1_70' title='bbox 2044 1351 2239 1421; x_wconf 86' lang='lat' dir='ltr'>sunt,</span> <span class='ocrx_word' id='word_1_71' title='bbox 2268 1360 2468 1408; x_wconf 89' lang='lat' dir='ltr'>com-</span> 
     </span>
     <span class='ocr_line' id='line_1_10' title="bbox 332 1440 2469 1542; baseline 0 -24"><span class='ocrx_word' id='word_1_72' title='bbox 332 1472 680 1518; x_wconf 79' lang='lat' dir='ltr'>memoro,</span> <span class='ocrx_word' id='word_1_73' title='bbox 727 1451 909 1517; x_wconf 90' lang='lat' dir='ltr'>Sunt</span> <span class='ocrx_word' id='word_1_74' title='bbox 946 1445 1081 1515; x_wconf 91' lang='lat' dir='ltr'>alia</span> <span class='ocrx_word' id='word_1_75' title='bbox 1117 1447 1340 1540; x_wconf 85' lang='lat' dir='ltr'>magis</span> <span class='ocrx_word' id='word_1_76' title='bbox 1381 1442 1667 1514; x_wconf 81' lang='lat' dir='ltr'>occulta</span> <span class='ocrx_word' id='word_1_77' title='bbox 1710 1440 1941 1530; x_wconf 83' lang='lat' dir='ltr'>furta3</span> <span class='ocrx_word' id='word_1_78' title='bbox 1985 1469 2145 1542; x_wconf 85' lang='lat' dir='ltr'>quae</span> <span class='ocrx_word' id='word_1_79' title='bbox 2184 1446 2340 1532; x_wconf 81' lang='lat' dir='ltr'>ine,</span> <span class='ocrx_word' id='word_1_80' title='bbox 2383 1464 2469 1519; x_wconf 88' lang='lat' dir='ltr'>ut</span> 
     </span>
     <span class='ocr_line' id='line_1_11' title="bbox 335 1552 2481 1650; baseline 0 -23"><span class='ocrx_word' id='word_1_81' title='bbox 335 1559 580 1642; x_wconf 90' lang='lat' dir='ltr'>istius,</span> <span class='ocrx_word' id='word_1_82' title='bbox 614 1552 867 1636; x_wconf 77' lang='lat' dir='ltr'>credo,</span> <span class='ocrx_word' id='word_1_83' title='bbox 904 1555 1183 1625; x_wconf 89' lang='lat' dir='ltr'>animos</span> <span class='ocrx_word' id='word_1_84' title='bbox 1219 1566 1438 1650; x_wconf 86' lang='lat' dir='ltr'>atque</span> <span class='ocrx_word' id='word_1_85' title='bbox 1477 1554 1794 1649; x_wconf 91' lang='lat' dir='ltr'>impetus</span> <span class='ocrx_word' id='word_1_86' title='bbox 1823 1554 2261 1642; x_wconf 87' lang='lat' dir='ltr'>retardaret,</span> <span class='ocrx_word' id='word_1_87' title='bbox 2302 1569 2481 1628; x_wconf 82' lang='lat' dir='ltr'>cum&#39;</span> 
     </span>
     <span class='ocr_line' id='line_1_12' title="bbox 337 1664 2474 1765; baseline 0 -28"><span class='ocrx_word' id='word_1_88' title='bbox 337 1681 694 1765; x_wconf 78' lang='lat' dir='ltr'>quaestore</span> <span class='ocrx_word' id='word_1_89' title='bbox 751 1690 882 1736; x_wconf 90' lang='lat' dir='ltr'>suo</span> <span class='ocrx_word' id='word_1_90' title='bbox 928 1664 1440 1761; x_wconf 84' lang='lat' dir='ltr'>benignissime</span> <span class='ocrx_word' id='word_1_91' title='bbox 1489 1668 2048 1735; x_wconf 86' lang='lat' dir='ltr'>communicavit</span> <span class='ocrx_word' id='word_1_92' title='bbox 2071 1676 2119 1735; x_wconf 90' lang='lat'>¹.</span> <span class='ocrx_word' id='word_1_93' title='bbox 2174 1671 2338 1738; x_wconf 82' lang='lat' dir='ltr'>Haec</span> <span class='ocrx_word' id='word_1_94' title='bbox 2393 1681 2474 1738; x_wconf 93' lang='lat' dir='ltr'>tu</span> 
     </span>
     <span class='ocr_line' id='line_1_13' title="bbox 340 1773 2474 1872; baseline 0 -23"><span class='ocrx_word' id='word_1_95' title='bbox 340 1779 475 1849; x_wconf 89' lang='lat' dir='ltr'>scis</span> <span class='ocrx_word' id='word_1_96' title='bbox 511 1777 598 1847; x_wconf 92' lang='lat' dir='ltr'>ad</span> <span class='ocrx_word' id='word_1_97' title='bbox 637 1800 750 1846; x_wconf 90' lang='lat' dir='ltr'>me</span> <span class='ocrx_word' id='word_1_98' title='bbox 785 1799 934 1847; x_wconf 85' lang='lat' dir='ltr'>esse</span> <span class='ocrx_word' id='word_1_99' title='bbox 975 1775 1210 1846; x_wconf 89' lang='lat' dir='ltr'>delata</span> <span class='ocrx_word' id='word_1_100' title='bbox 1245 1801 1260 1844; x_wconf 92' lang='lat'>:</span> <span class='ocrx_word' id='word_1_101' title='bbox 1300 1798 1462 1872; x_wconf 83' lang='lat' dir='ltr'>quae</span> <span class='ocrx_word' id='word_1_102' title='bbox 1503 1774 1564 1843; x_wconf 91' lang='lat' dir='ltr'>si</span> <span class='ocrx_word' id='word_1_103' title='bbox 1602 1774 1815 1844; x_wconf 88' lang='lat' dir='ltr'>velim</span> <span class='ocrx_word' id='word_1_104' title='bbox 1858 1773 2182 1870; x_wconf 71' lang='lat' dir='ltr'>proferre</span> <span class='ocrx_word' id='word_1_105' title='bbox 2205 1830 2224 1863; x_wconf 92' lang='lat'>‚</span> <span class='ocrx_word' id='word_1_106' title='bbox 2262 1774 2474 1849; x_wconf 87' lang='lat' dir='ltr'>facile</span> 
     </span>
     <span class='ocr_line' id='line_1_14' title="bbox 337 1883 2471 1983; baseline 0 -26"><span class='ocrx_word' id='word_1_107' title='bbox 337 1912 589 1958; x_wconf 89' lang='lat' dir='ltr'>omnes</span> <span class='ocrx_word' id='word_1_108' title='bbox 632 1885 1031 1983; x_wconf 87' lang='lat' dir='ltr'>intelligent</span> <span class='ocrx_word' id='word_1_109' title='bbox 1056 1939 1076 1974; x_wconf 89' lang='lat'>,</span> <span class='ocrx_word' id='word_1_110' title='bbox 1120 1883 1327 1955; x_wconf 84' lang='lat' dir='ltr'>vobis</span> <span class='ocrx_word' id='word_1_111' title='bbox 1365 1885 1559 1953; x_wconf 89' lang='lat' dir='ltr'>inter</span> <span class='ocrx_word' id='word_1_112' title='bbox 1591 1907 1721 1954; x_wconf 87' lang='lat' dir='ltr'>vos</span> <span class='ocrx_word' id='word_1_113' title='bbox 1759 1908 1909 1954; x_wconf 90' lang='lat' dir='ltr'>non</span> <span class='ocrx_word' id='word_1_114' title='bbox 1944 1884 2169 1955; x_wconf 89' lang='lat' dir='ltr'>modo</span> <span class='ocrx_word' id='word_1_115' title='bbox 2209 1885 2471 1957; x_wconf 82' lang='lat' dir='ltr'>volun-</span> 
     </span>
     <span class='ocr_line' id='line_1_15' title="bbox 338 1992 2472 2092; baseline -0 -23"><span class='ocrx_word' id='word_1_116' title='bbox 338 2013 554 2069; x_wconf 86' lang='lat' dir='ltr'>tatem</span> <span class='ocrx_word' id='word_1_117' title='bbox 579 1994 793 2067; x_wconf 89' lang='lat' dir='ltr'>fuisse</span> <span class='ocrx_word' id='word_1_118' title='bbox 817 1995 979 2090; x_wconf 92' lang='lat' dir='ltr'>conj</span> <span class='ocrx_word' id='word_1_119' title='bbox 991 2010 1303 2082; x_wconf 90' lang='lat' dir='ltr'>unctam,</span> <span class='ocrx_word' id='word_1_120' title='bbox 1323 1992 1451 2065; x_wconf 89' lang='lat' dir='ltr'>sed</span> <span class='ocrx_word' id='word_1_121' title='bbox 1471 2018 1566 2065; x_wconf 90' lang='lat' dir='ltr'>ne</span> <span class='ocrx_word' id='word_1_122' title='bbox 1586 1993 1900 2090; x_wconf 82' lang='lat' dir='ltr'>praedam</span> <span class='ocrx_word' id='word_1_123' title='bbox 1918 1993 2213 2092; x_wconf 88' lang='lat' dir='ltr'>quidem</span> <span class='ocrx_word' id='word_1_124' title='bbox 2234 1996 2472 2068; x_wconf 89' lang='lat' dir='ltr'>adhuc</span> 
     </span>
     <span class='ocr_line' id='line_1_16' title="bbox 338 2103 2472 2203; baseline -0.003 -21"><span class='ocrx_word' id='word_1_125' title='bbox 338 2132 489 2182; x_wconf 91' lang='lat' dir='ltr'>esse</span> <span class='ocrx_word' id='word_1_126' title='bbox 509 2107 828 2178; x_wconf 86' lang='lat' dir='ltr'>divisam.</span> <span class='ocrx_word' id='word_1_127' title='bbox 847 2107 1311 2203; x_wconf 86' lang='lat' dir='ltr'>Quapropter</span> <span class='ocrx_word' id='word_1_128' title='bbox 1334 2106 1391 2175; x_wconf 93' lang='lat' dir='ltr'>si</span> <span class='ocrx_word' id='word_1_129' title='bbox 1415 2103 1545 2175; x_wconf 90' lang='lat' dir='ltr'>tibi</span> <span class='ocrx_word' id='word_1_130' title='bbox 1564 2104 1942 2176; x_wconf 77' lang='lat' dir='ltr'>indicium²</span> <span class='ocrx_word' id='word_1_131' title='bbox 1963 2104 2277 2202; x_wconf 84' lang='lat' dir='ltr'>postulas</span> <span class='ocrx_word' id='word_1_132' title='bbox 2293 2105 2472 2194; x_wconf 89' lang='lat' dir='ltr'>dari,</span> 
     </span>
     <span class='ocr_line' id='line_1_17' title="bbox 337 2211 2470 2314; baseline 0 -27"><span class='ocrx_word' id='word_1_133' title='bbox 337 2215 537 2314; x_wconf 91' lang='lat' dir='ltr'>quod</span> <span class='ocrx_word' id='word_1_134' title='bbox 578 2230 818 2312; x_wconf 70' lang='lat' dir='ltr'>tecum</span> <span class='ocrx_word' id='word_1_135' title='bbox 856 2239 1000 2286; x_wconf 89' lang='lat' dir='ltr'>una</span> <span class='ocrx_word' id='word_1_136' title='bbox 1035 2212 1322 2299; x_wconf 85' lang='lat' dir='ltr'>fecerit,</span> <span class='ocrx_word' id='word_1_137' title='bbox 1362 2212 1725 2301; x_wconf 91' lang='lat' dir='ltr'>concedo,</span> <span class='ocrx_word' id='word_1_138' title='bbox 1764 2217 1822 2284; x_wconf 92' lang='lat' dir='ltr'>si</span> <span class='ocrx_word' id='word_1_139' title='bbox 1861 2211 1934 2283; x_wconf 92' lang='lat' dir='ltr'>id</span> <span class='ocrx_word' id='word_1_140' title='bbox 1973 2214 2128 2311; x_wconf 86' lang='lat' dir='ltr'>lege</span> <span class='ocrx_word' id='word_1_141' title='bbox 2174 2220 2470 2313; x_wconf 88' lang='lat' dir='ltr'>permit-</span> 
     </span>
     <span class='ocr_line' id='line_1_18' title="bbox 339 2323 2470 2416; baseline 0 -17"><span class='ocrx_word' id='word_1_142' title='bbox 339 2331 550 2416; x_wconf 83' lang='lat' dir='ltr'>titur3</span> <span class='ocrx_word' id='word_1_143' title='bbox 614 2328 724 2413; x_wconf 87' lang='lat' dir='ltr'>sin</span> <span class='ocrx_word' id='word_1_144' title='bbox 784 2340 1024 2397; x_wconf 88' lang='lat' dir='ltr'>autem</span> <span class='ocrx_word' id='word_1_145' title='bbox 1066 2323 1158 2397; x_wconf 91' lang='lat' dir='ltr'>de</span> <span class='ocrx_word' id='word_1_146' title='bbox 1213 2329 1671 2397; x_wconf 88' lang='lat' dir='ltr'>accusatione</span> <span class='ocrx_word' id='word_1_147' title='bbox 1723 2323 2065 2413; x_wconf 81' lang='lat' dir='ltr'>dicimus,</span> <span class='ocrx_word' id='word_1_148' title='bbox 2114 2327 2470 2399; x_wconf 88' lang='lat' dir='ltr'>concedas</span> 
     </span>
     <span class='ocr_line' id='line_1_19' title="bbox 338 2433 2466 2534; baseline 0 -26"><span class='ocrx_word' id='word_1_149' title='bbox 338 2451 628 2534; x_wconf 87' lang='lat' dir='ltr'>oportet</span> <span class='ocrx_word' id='word_1_150' title='bbox 657 2433 807 2524; x_wconf 81' lang='lat' dir='ltr'>iis³‚</span> <span class='ocrx_word' id='word_1_151' title='bbox 846 2436 974 2533; x_wconf 92' lang='lat' dir='ltr'>qui</span> <span class='ocrx_word' id='word_1_152' title='bbox 1001 2434 1203 2515; x_wconf 88' lang='lat' dir='ltr'>nullo</span> <span class='ocrx_word' id='word_1_153' title='bbox 1228 2459 1361 2505; x_wconf 90' lang='lat' dir='ltr'>suo</span> <span class='ocrx_word' id='word_1_154' title='bbox 1390 2450 1690 2532; x_wconf 89' lang='lat' dir='ltr'>peccato</span> <span class='ocrx_word' id='word_1_155' title='bbox 1718 2433 2220 2531; x_wconf 89' lang='lat' dir='ltr'>impediuntur</span> <span class='ocrx_word' id='word_1_156' title='bbox 2233 2442 2290 2525; x_wconf 77' lang='lat'>4,</span> <span class='ocrx_word' id='word_1_157' title='bbox 2316 2463 2466 2534; x_wconf 91' lang='lat' dir='ltr'>quo</span> 
     </span>
     <span class='ocr_line' id='line_1_20' title="bbox 338 2546 2471 2643; baseline 0 -26"><span class='ocrx_word' id='word_1_158' title='bbox 338 2550 580 2618; x_wconf 89' lang='lat' dir='ltr'>minus</span> <span class='ocrx_word' id='word_1_159' title='bbox 617 2547 911 2617; x_wconf 89' lang='lat' dir='ltr'>alterius</span> <span class='ocrx_word' id='word_1_160' title='bbox 948 2560 1236 2643; x_wconf 86' lang='lat' dir='ltr'>peccata</span> <span class='ocrx_word' id='word_1_161' title='bbox 1274 2546 1768 2616; x_wconf 89' lang='lat' dir='ltr'>demonstrare</span> <span class='ocrx_word' id='word_1_162' title='bbox 1800 2549 2096 2643; x_wconf 89' lang='lat' dir='ltr'>possint.</span> <span class='ocrx_word' id='word_1_163' title='bbox 2131 2550 2230 2617; x_wconf 89' lang='lat' dir='ltr'>Ac</span> <span class='ocrx_word' id='word_1_164' title='bbox 2267 2547 2471 2633; x_wconf 79' lang='lat' dir='ltr'>vide,</span> 
     </span>
     <span class='ocr_line' id='line_1_21' title="bbox 339 2654 2471 2755; baseline 0 -27"><span class='ocrx_word' id='word_1_165' title='bbox 339 2674 693 2755; x_wconf 87' lang='lat' dir='ltr'>quantum</span> <span class='ocrx_word' id='word_1_166' title='bbox 723 2654 1237 2727; x_wconf 86' lang='lat' dir='ltr'>interfuturum</span> <span class='ocrx_word' id='word_1_167' title='bbox 1276 2661 1366 2727; x_wconf 92' lang='lat' dir='ltr'>sit</span> <span class='ocrx_word' id='word_1_168' title='bbox 1390 2657 1583 2727; x_wconf 86' lang='lat' dir='ltr'>inter</span> <span class='ocrx_word' id='word_1_169' title='bbox 1612 2679 1841 2726; x_wconf 88' lang='lat' dir='ltr'>meam</span> <span class='ocrx_word' id='word_1_170' title='bbox 1877 2671 2095 2752; x_wconf 89' lang='lat' dir='ltr'>atque</span> <span class='ocrx_word' id='word_1_171' title='bbox 2125 2669 2321 2726; x_wconf 92' lang='lat' dir='ltr'>tuam</span> <span class='ocrx_word' id='word_1_172' title='bbox 2356 2682 2471 2729; x_wconf 91' lang='lat' dir='ltr'>ac-</span> 
     </span>
     <span class='ocr_line' id='line_1_22' title="bbox 341 2763 2468 2863; baseline 0 -26"><span class='ocrx_word' id='word_1_173' title='bbox 341 2768 805 2838; x_wconf 86' lang='lat' dir='ltr'>cusationem.</span> <span class='ocrx_word' id='word_1_174' title='bbox 843 2769 994 2863; x_wconf 85' lang='lat' dir='ltr'>Ego</span> <span class='ocrx_word' id='word_1_175' title='bbox 1029 2768 1246 2837; x_wconf 87' lang='lat' dir='ltr'>etiam</span> <span class='ocrx_word' id='word_1_176' title='bbox 1276 2792 1436 2863; x_wconf 86' lang='lat' dir='ltr'>quae</span> <span class='ocrx_word' id='word_1_177' title='bbox 1465 2780 1547 2836; x_wconf 92' lang='lat' dir='ltr'>tu</span> <span class='ocrx_word' id='word_1_178' title='bbox 1572 2763 1724 2837; x_wconf 84' lang='lat' dir='ltr'>sine</span> <span class='ocrx_word' id='word_1_179' title='bbox 1744 2770 1971 2837; x_wconf 91' lang='lat' dir='ltr'>Verre</span> <span class='ocrx_word' id='word_1_180' title='bbox 2009 2768 2468 2857; x_wconf 89' lang='lat' dir='ltr'>commisisti,</span> 
     </span>
    </p>
   </div>
   <div class='ocr_carea' id='block_1_3' title="bbox 343 2971 1374 4046">
    <p class='ocr_par' dir='ltr' id='par_1_4' title="bbox 343 2971 1363 3115">
     <span class='ocr_line' id='line_1_23' title="bbox 344 2971 1363 3034; baseline 0.002 -16"><span class='ocrx_word' id='word_1_181' title='bbox 344 2981 552 3034; x_wconf 74' lang='lat' dir='ltr'>praetore</span> <span class='ocrx_word' id='word_1_182' title='bbox 593 2971 909 3021; x_wconf 75' lang='lat' dir='ltr'>redimebant.</span> <span class='ocrx_word' id='word_1_183' title='bbox 946 2972 1019 3019; x_wconf 91' lang='lat' dir='ltr'>De</span> <span class='ocrx_word' id='word_1_184' title='bbox 1054 2972 1130 3020; x_wconf 76' lang='lat' dir='ltr'>his</span> <span class='ocrx_word' id='word_1_185' title='bbox 1169 2983 1216 3020; x_wconf 87' lang='lat' dir='ltr'>et</span> <span class='ocrx_word' id='word_1_186' title='bbox 1255 2982 1363 3021; x_wconf 85' lang='lat' dir='ltr'>toto</span> 
     </span>
     <span class='ocr_line' id='line_1_24' title="bbox 343 3050 1222 3115; baseline 0 -17"><span class='ocrx_word' id='word_1_187' title='bbox 343 3052 440 3098; x_wconf 87' lang='lat' dir='ltr'>hoc</span> <span class='ocrx_word' id='word_1_188' title='bbox 463 3051 662 3097; x_wconf 83' lang='lat' dir='ltr'>crimine</span> <span class='ocrx_word' id='word_1_189' title='bbox 681 3050 793 3098; x_wconf 83' lang='lat' dir='ltr'>vide</span> <span class='ocrx_word' id='word_1_190' title='bbox 813 3050 954 3115; x_wconf 85' lang='lat' dir='ltr'>plura</span> <span class='ocrx_word' id='word_1_191' title='bbox 972 3052 1113 3098; x_wconf 82' lang='lat' dir='ltr'>Verr.</span> <span class='ocrx_word' id='word_1_192' title='bbox 1131 3050 1222 3099; x_wconf 91' lang='lat'>111.</span> 
     </span>
    </p>

    <p class='ocr_par' dir='ltr' id='par_1_5' title="bbox 344 3128 1364 3351">
     <span class='ocr_line' id='line_1_25' title="bbox 417 3128 1361 3192; baseline -0.001 -16"><span class='ocrx_word' id='word_1_193' title='bbox 417 3145 467 3191; x_wconf 85' lang='lat'>9.</span> <span class='ocrx_word' id='word_1_194' title='bbox 486 3130 596 3175; x_wconf 79' lang='lat' dir='ltr'>Non</span> <span class='ocrx_word' id='word_1_195' title='bbox 614 3128 895 3192; x_wconf 77' lang='lat' dir='ltr'>reperiebat.</span> <span class='ocrx_word' id='word_1_196' title='bbox 910 3130 1037 3192; x_wconf 84' lang='lat' dir='ltr'>Quia</span> <span class='ocrx_word' id='word_1_197' title='bbox 1057 3130 1361 3177; x_wconf 77' lang='lat' dir='ltr'>manifestum</span> 
     </span>
     <span class='ocr_line' id='line_1_26' title="bbox 344 3207 1364 3272; baseline -0.001 -16"><span class='ocrx_word' id='word_1_198' title='bbox 344 3218 449 3256; x_wconf 84' lang='lat' dir='ltr'>erat</span> <span class='ocrx_word' id='word_1_199' title='bbox 485 3207 688 3263; x_wconf 78' lang='lat' dir='ltr'>crimen,</span> <span class='ocrx_word' id='word_1_200' title='bbox 732 3217 780 3254; x_wconf 88' lang='lat' dir='ltr'>et</span> <span class='ocrx_word' id='word_1_201' title='bbox 823 3209 1004 3271; x_wconf 83' lang='lat' dir='ltr'>pariter</span> <span class='ocrx_word' id='word_1_202' title='bbox 1044 3219 1364 3272; x_wconf 80' lang='lat' dir='ltr'>peccaverant</span> 
     </span>
     <span class='ocr_line' id='line_1_27' title="bbox 345 3289 882 3351; baseline 0.004 -17"><span class='ocrx_word' id='word_1_203' title='bbox 345 3298 530 3351; x_wconf 78' lang='lat' dir='ltr'>praetor</span> <span class='ocrx_word' id='word_1_204' title='bbox 556 3297 603 3333; x_wconf 86' lang='lat' dir='ltr'>et</span> <span class='ocrx_word' id='word_1_205' title='bbox 622 3289 882 3350; x_wconf 76' lang='lat' dir='ltr'>mancipes.</span> 
     </span>
    </p>

    <p class='ocr_par' dir='ltr' id='par_1_6' title="bbox 419 3364 1291 3415">
     <span class='ocr_line' id='line_1_28' title="bbox 419 3364 1291 3415; baseline -0.001 -2"><span class='ocrx_word' id='word_1_206' title='bbox 419 3368 509 3413; x_wconf 74' lang='lat' dir='ltr'>xl.</span> <span class='ocrx_word' id='word_1_207' title='bbox 530 3381 575 3413; x_wconf 87' lang='lat'>1.</span> <span class='ocrx_word' id='word_1_208' title='bbox 601 3364 993 3415; x_wconf 71' lang='lat' dir='ltr'>communicavit.</span> <span class='ocrx_word' id='word_1_209' title='bbox 1022 3366 1181 3414; x_wconf 73' lang='lat' dir='ltr'>Itonia</span> <span class='ocrx_word' id='word_1_210' title='bbox 1202 3376 1291 3413; x_wconf 81' lang='lat' dir='ltr'>est.</span> 
     </span>
    </p>

    <p class='ocr_par' dir='ltr' id='par_1_7' title="bbox 347 3442 1374 4046">
     <span class='ocr_line' id='line_1_29' title="bbox 419 3442 1365 3508; baseline 0.001 -18"><span class='ocrx_word' id='word_1_211' title='bbox 419 3460 467 3492; x_wconf 74' lang='lat' dir='ltr'>a.</span> <span class='ocrx_word' id='word_1_212' title='bbox 497 3442 752 3493; x_wconf 72' lang='lat' dir='ltr'>Indicium.</span> <span class='ocrx_word' id='word_1_213' title='bbox 780 3445 941 3492; x_wconf 69' lang='lat' dir='ltr'>Index</span> <span class='ocrx_word' id='word_1_214' title='bbox 971 3445 1150 3493; x_wconf 80' lang='lat' dir='ltr'>dicitur</span> <span class='ocrx_word' id='word_1_215' title='bbox 1175 3447 1242 3503; x_wconf 77' lang='lat' dir='ltr'>ia,</span> <span class='ocrx_word' id='word_1_216' title='bbox 1274 3445 1365 3508; x_wconf 86' lang='lat' dir='ltr'>qui</span> 
     </span>
     <span class='ocr_line' id='line_1_30' title="bbox 349 3523 1364 3587; baseline 0 -17"><span class='ocrx_word' id='word_1_217' title='bbox 349 3523 563 3581; x_wconf 77' lang='lat' dir='ltr'>facinus,</span> <span class='ocrx_word' id='word_1_218' title='bbox 601 3525 738 3584; x_wconf 78' lang='lat' dir='ltr'>cujus</span> <span class='ocrx_word' id='word_1_219' title='bbox 755 3524 859 3587; x_wconf 78' lang='lat' dir='ltr'>ipse</span> <span class='ocrx_word' id='word_1_220' title='bbox 877 3533 949 3572; x_wconf 79' lang='lat' dir='ltr'>eat</span> <span class='ocrx_word' id='word_1_221' title='bbox 971 3525 1199 3575; x_wconf 74' lang='lat' dir='ltr'>conscius</span> <span class='ocrx_word' id='word_1_222' title='bbox 1220 3557 1236 3583; x_wconf 90' lang='lat'><strong>,</strong></span> <span class='ocrx_word' id='word_1_223' title='bbox 1273 3525 1364 3570; x_wconf 83' lang='lat' dir='ltr'>im-</span> 
     </span>
     <span class='ocr_line' id='line_1_31' title="bbox 347 3602 1367 3666; baseline 0.003 -19"><span class='ocrx_word' id='word_1_224' title='bbox 347 3602 565 3666; x_wconf 79' lang='lat' dir='ltr'>punitate</span> <span class='ocrx_word' id='word_1_225' title='bbox 603 3603 884 3666; x_wconf 80' lang='lat' dir='ltr'>proposita‚</span> <span class='ocrx_word' id='word_1_226' title='bbox 934 3603 1102 3652; x_wconf 81' lang='lat' dir='ltr'>defert.</span> <span class='ocrx_word' id='word_1_227' title='bbox 1147 3603 1367 3651; x_wconf 80' lang='lat' dir='ltr'>Postulat</span> 
     </span>
     <span class='ocr_line' id='line_1_32' title="bbox 348 3679 1369 3743; baseline 0.003 -17"><span class='ocrx_word' id='word_1_228' title='bbox 348 3679 577 3726; x_wconf 77' lang='lat' dir='ltr'>indicium</span> <span class='ocrx_word' id='word_1_229' title='bbox 605 3681 693 3743; x_wconf 89' lang='lat' dir='ltr'>qui</span> <span class='ocrx_word' id='word_1_230' title='bbox 718 3682 850 3729; x_wconf 84' lang='lat' dir='ltr'>ultro</span> <span class='ocrx_word' id='word_1_231' title='bbox 875 3697 925 3727; x_wconf 80' lang='lat' dir='ltr'>se</span> <span class='ocrx_word' id='word_1_232' title='bbox 961 3683 1107 3731; x_wconf 84' lang='lat' dir='ltr'>offert</span> <span class='ocrx_word' id='word_1_233' title='bbox 1125 3681 1189 3729; x_wconf 86' lang='lat' dir='ltr'>ad</span> <span class='ocrx_word' id='word_1_234' title='bbox 1205 3684 1369 3730; x_wconf 77' lang='lat' dir='ltr'>socios</span> 
     </span>
     <span class='ocr_line' id='line_1_33' title="bbox 348 3758 1371 3811; baseline 0.004 -7"><span class='ocrx_word' id='word_1_235' title='bbox 348 3758 562 3806; x_wconf 84' lang='lat' dir='ltr'>criminis</span> <span class='ocrx_word' id='word_1_236' title='bbox 613 3758 917 3809; x_wconf 74' lang='lat' dir='ltr'>deferendos.</span> <span class='ocrx_word' id='word_1_237' title='bbox 972 3763 1086 3811; x_wconf 89' lang='lat' dir='ltr'>Non</span> <span class='ocrx_word' id='word_1_238' title='bbox 1133 3761 1371 3809; x_wconf 75' lang='lat' dir='ltr'>senatoria</span> 
     </span>
     <span class='ocr_line' id='line_1_34' title="bbox 350 3838 1374 3905; baseline 0.002 -20"><span class='ocrx_word' id='word_1_239' title='bbox 350 3853 585 3901; x_wconf 76' lang='lat' dir='ltr'>persona,</span> <span class='ocrx_word' id='word_1_240' title='bbox 605 3838 766 3902; x_wconf 89' lang='lat' dir='ltr'>inquit</span> <span class='ocrx_word' id='word_1_241' title='bbox 787 3840 1030 3888; x_wconf 76' lang='lat' dir='ltr'>Asconius</span> <span class='ocrx_word' id='word_1_242' title='bbox 1046 3875 1060 3897; x_wconf 92' lang='lat'>‚</span> <span class='ocrx_word' id='word_1_243' title='bbox 1100 3850 1264 3905; x_wconf 75' lang='lat' dir='ltr'>potest</span> <span class='ocrx_word' id='word_1_244' title='bbox 1300 3842 1374 3887; x_wconf 89' lang='lat' dir='ltr'>in·</span> 
     </span>
     <span class='ocr_line' id='line_1_35' title="bbox 350 3916 1373 3985; baseline 0.001 -22"><span class='ocrx_word' id='word_1_245' title='bbox 350 3916 531 3965; x_wconf 83' lang='lat' dir='ltr'>dicium</span> <span class='ocrx_word' id='word_1_246' title='bbox 566 3918 786 3980; x_wconf 81' lang='lat' dir='ltr'>profiteri</span> <span class='ocrx_word' id='word_1_247' title='bbox 812 3918 965 3985; x_wconf 85' lang='lat' dir='ltr'>(unde</span> <span class='ocrx_word' id='word_1_248' title='bbox 999 3919 1149 3976; x_wconf 79' lang='lat' dir='ltr'>salso,</span> <span class='ocrx_word' id='word_1_249' title='bbox 1177 3919 1373 3981; x_wconf 85' lang='lat' dir='ltr'>opinor,</span> 
     </span>
     <span class='ocr_line' id='line_1_36' title="bbox 349 3997 1374 4046; baseline 0.003 -5"><span class='ocrx_word' id='word_1_250' title='bbox 349 4006 617 4043; x_wconf 68' lang='lat' dir='ltr'>senatorem</span> <span class='ocrx_word' id='word_1_251' title='bbox 637 3998 782 4045; x_wconf 77' lang='lat' dir='ltr'>fliisse</span> <span class='ocrx_word' id='word_1_252' title='bbox 812 3997 1065 4046; x_wconf 77' lang='lat' dir='ltr'>Caecilium</span> <span class='ocrx_word' id='word_1_253' title='bbox 1096 3998 1374 4046; x_wconf 80' lang='lat' dir='ltr'>existimant</span> 
     </span>
    </p>
   </div>
   <div class='ocr_carea' id='block_1_4' title="bbox 351 4075 1378 4141">
    <p class='ocr_par' dir='ltr' id='par_1_8' title="bbox 351 4075 1378 4141">
     <span class='ocr_line' id='line_1_37' title="bbox 351 4075 1378 4141; baseline 0.004 -22"><span class='ocrx_word' id='word_1_254' title='bbox 351 4075 570 4133; x_wconf 74' lang='lat' dir='ltr'>Desjard.</span> <span class='ocrx_word' id='word_1_255' title='bbox 597 4085 647 4123; x_wconf 87' lang='lat' dir='ltr'>et</span> <span class='ocrx_word' id='word_1_256' title='bbox 682 4075 913 4140; x_wconf 67' lang='lat' dir='ltr'>Augen),</span> <span class='ocrx_word' id='word_1_257' title='bbox 957 4092 1114 4140; x_wconf 89' lang='lat' dir='ltr'>neque</span> <span class='ocrx_word' id='word_1_258' title='bbox 1152 4086 1378 4141; x_wconf 84' lang='lat' dir='ltr'>repetun-</span> 
     </span>
    </p>
   </div>
   <div class='ocr_carea' id='block_1_5' title="bbox 353 4150 1376 4221">
    <p class='ocr_par' dir='ltr' id='par_1_9' title="bbox 353 4150 1376 4221">
     <span class='ocr_line' id='line_1_38' title="bbox 353 4150 1376 4221; baseline 0.003 -23"><span class='ocrx_word' id='word_1_259' title='bbox 353 4150 525 4199; x_wconf 78' lang='lat' dir='ltr'>darum</span> <span class='ocrx_word' id='word_1_260' title='bbox 551 4168 693 4201; x_wconf 80' lang='lat' dir='ltr'>causa</span> <span class='ocrx_word' id='word_1_261' title='bbox 720 4169 810 4218; x_wconf 83' lang='lat' dir='ltr'>per</span> <span class='ocrx_word' id='word_1_262' title='bbox 841 4154 1030 4204; x_wconf 80' lang='lat' dir='ltr'>indices</span> <span class='ocrx_word' id='word_1_263' title='bbox 1056 4155 1135 4221; x_wconf 79' lang='lat' dir='ltr'>agi</span> <span class='ocrx_word' id='word_1_264' title='bbox 1159 4154 1298 4203; x_wconf 73' lang='lat' dir='ltr'>solet.</span> <span class='ocrx_word' id='word_1_265' title='bbox 1326 4153 1376 4203; x_wconf 86' lang='lat' dir='ltr'>Si</span> 
     </span>
    </p>
   </div>
   <div class='ocr_carea' id='block_1_6' title="bbox 1449 2971 2487 4223">
    <p class='ocr_par' dir='ltr' id='par_1_10' title="bbox 1449 2971 2484 3575">
     <span class='ocr_line' id='line_1_39' title="bbox 1451 2971 2475 3037; baseline 0.005 -18"><span class='ocrx_word' id='word_1_266' title='bbox 1451 2971 1696 3036; x_wconf 79' lang='lat' dir='ltr'>postulas,</span> <span class='ocrx_word' id='word_1_267' title='bbox 1734 2971 1897 3034; x_wconf 85' lang='lat' dir='ltr'>inquit</span> <span class='ocrx_word' id='word_1_268' title='bbox 1930 2972 2146 3033; x_wconf 76' lang='lat' dir='ltr'>Tullius,</span> <span class='ocrx_word' id='word_1_269' title='bbox 2184 2985 2475 3037; x_wconf 81' lang='lat' dir='ltr'>potestatem</span> 
     </span>
     <span class='ocr_line' id='line_1_40' title="bbox 1451 3048 2479 3116; baseline 0.003 -16"><span class='ocrx_word' id='word_1_270' title='bbox 1451 3053 1548 3100; x_wconf 90' lang='lat' dir='ltr'>tibi</span> <span class='ocrx_word' id='word_1_271' title='bbox 1584 3050 1838 3097; x_wconf 80' lang='lat' dir='ltr'>indicandi</span> <span class='ocrx_word' id='word_1_272' title='bbox 1872 3048 2012 3108; x_wconf 83' lang='lat' dir='ltr'>fieri,</span> <span class='ocrx_word' id='word_1_273' title='bbox 2059 3053 2195 3116; x_wconf 89' lang='lat' dir='ltr'>quod</span> <span class='ocrx_word' id='word_1_274' title='bbox 2221 3057 2395 3102; x_wconf 76' lang='lat' dir='ltr'>Verres</span> <span class='ocrx_word' id='word_1_275' title='bbox 2433 3066 2479 3103; x_wconf 89' lang='lat' dir='ltr'>te</span> 
     </span>
     <span class='ocr_line' id='line_1_41' title="bbox 1449 3130 2480 3192; baseline 0.003 -14"><span class='ocrx_word' id='word_1_276' title='bbox 1449 3132 1636 3178; x_wconf 84' lang='lat' dir='ltr'>socium</span> <span class='ocrx_word' id='word_1_277' title='bbox 1665 3130 1919 3177; x_wconf 78' lang='lat' dir='ltr'>crimInum</span> <span class='ocrx_word' id='word_1_278' title='bbox 1947 3130 2172 3180; x_wconf 67' lang='lat' dir='ltr'>habuerit</span> <span class='ocrx_word' id='word_1_279' title='bbox 2190 3169 2204 3192; x_wconf 87' lang='lat'>,</span> <span class='ocrx_word' id='word_1_280' title='bbox 2245 3144 2302 3181; x_wconf 88' lang='lat' dir='ltr'>ut</span> <span class='ocrx_word' id='word_1_281' title='bbox 2339 3134 2480 3180; x_wconf 88' lang='lat' dir='ltr'>nimi-</span> 
     </span>
     <span class='ocr_line' id='line_1_42' title="bbox 1450 3209 2478 3274; baseline 0.002 -17"><span class='ocrx_word' id='word_1_282' title='bbox 1450 3226 1559 3257; x_wconf 87' lang='lat' dir='ltr'>rum</span> <span class='ocrx_word' id='word_1_283' title='bbox 1607 3209 1942 3273; x_wconf 80' lang='lat' dir='ltr'>impunitatem</span> <span class='ocrx_word' id='word_1_284' title='bbox 1994 3224 2291 3274; x_wconf 73' lang='lat' dir='ltr'>consequare</span> <span class='ocrx_word' id='word_1_285' title='bbox 2316 3246 2330 3268; x_wconf 91' lang='lat'>,</span> <span class='ocrx_word' id='word_1_286' title='bbox 2382 3212 2478 3259; x_wconf 88' lang='lat' dir='ltr'>hoc</span> 
     </span>
     <span class='ocr_line' id='line_1_43' title="bbox 1451 3288 2474 3345; baseline 0.004 -11"><span class='ocrx_word' id='word_1_287' title='bbox 1451 3288 1580 3334; x_wconf 87' lang='lat' dir='ltr'>enim</span> <span class='ocrx_word' id='word_1_288' title='bbox 1606 3288 1695 3334; x_wconf 86' lang='lat' dir='ltr'>tibi</span> <span class='ocrx_word' id='word_1_289' title='bbox 1727 3299 1876 3336; x_wconf 83' lang='lat' dir='ltr'>restat</span> <span class='ocrx_word' id='word_1_290' title='bbox 1901 3304 2074 3345; x_wconf 88' lang='lat' dir='ltr'>uuum;</span> <span class='ocrx_word' id='word_1_291' title='bbox 2105 3301 2222 3337; x_wconf 84' lang='lat' dir='ltr'>tunc</span> <span class='ocrx_word' id='word_1_292' title='bbox 2246 3306 2474 3338; x_wconf 80' lang='lat' dir='ltr'>accusare</span> 
     </span>
     <span class='ocr_line' id='line_1_44' title="bbox 1451 3367 2484 3431; baseline 0.004 -17"><span class='ocrx_word' id='word_1_293' title='bbox 1451 3382 1555 3415; x_wconf 87' lang='lat' dir='ltr'>non</span> <span class='ocrx_word' id='word_1_294' title='bbox 1589 3378 1749 3431; x_wconf 83' lang='lat' dir='ltr'>potes.</span> <span class='ocrx_word' id='word_1_295' title='bbox 1788 3367 2017 3416; x_wconf 85' lang='lat' dir='ltr'>Notanda</span> <span class='ocrx_word' id='word_1_296' title='bbox 2046 3368 2159 3416; x_wconf 89' lang='lat' dir='ltr'>inde</span> <span class='ocrx_word' id='word_1_297' title='bbox 2192 3369 2273 3416; x_wconf 86' lang='lat' dir='ltr'>illa</span> <span class='ocrx_word' id='word_1_298' title='bbox 2302 3370 2484 3418; x_wconf 78' lang='lat' dir='ltr'>iudicii</span> 
     </span>
     <span class='ocr_line' id='line_1_45' title="bbox 1452 3446 2479 3513; baseline 0.007 -21"><span class='ocrx_word' id='word_1_299' title='bbox 1452 3457 1499 3493; x_wconf 86' lang='lat' dir='ltr'>et</span> <span class='ocrx_word' id='word_1_300' title='bbox 1527 3446 1849 3494; x_wconf 76' lang='lat' dir='ltr'>accusationis</span> <span class='ocrx_word' id='word_1_301' title='bbox 1886 3448 2165 3512; x_wconf 77' lang='lat' dir='ltr'>oppositio,</span> <span class='ocrx_word' id='word_1_302' title='bbox 2203 3465 2348 3513; x_wconf 84' lang='lat' dir='ltr'>quam</span> <span class='ocrx_word' id='word_1_303' title='bbox 2376 3467 2479 3499; x_wconf 89' lang='lat' dir='ltr'>non</span> 
     </span>
     <span class='ocr_line' id='line_1_46' title="bbox 1451 3514 1999 3575; baseline 0.005 -4"><span class='ocrx_word' id='word_1_304' title='bbox 1451 3526 1789 3574; x_wconf 80' lang='lat' dir='ltr'>animadvertit</span> <span class='ocrx_word' id='word_1_305' title='bbox 1812 3514 1999 3575; x_wconf 37' lang='lat' dir='ltr'>E&#39;rnest.</span> 
     </span>
    </p>

    <p class='ocr_par' dir='ltr' id='par_1_11' title="bbox 1457 3605 2485 3827">
     <span class='ocr_line' id='line_1_47' title="bbox 1527 3605 2485 3669; baseline 0.005 -16"><span class='ocrx_word' id='word_1_306' title='bbox 1527 3606 1578 3654; x_wconf 84' lang='lat'>3.</span> <span class='ocrx_word' id='word_1_307' title='bbox 1614 3606 1697 3653; x_wconf 82' lang='lat' dir='ltr'>lis.</span> <span class='ocrx_word' id='word_1_308' title='bbox 1717 3605 1853 3653; x_wconf 82' lang='lat' dir='ltr'>Vitat</span> <span class='ocrx_word' id='word_1_309' title='bbox 1892 3608 2237 3669; x_wconf 83' lang='lat' dir='ltr'>arrogantiam,</span> <span class='ocrx_word' id='word_1_310' title='bbox 2283 3610 2337 3657; x_wconf 89' lang='lat' dir='ltr'>in</span> <span class='ocrx_word' id='word_1_311' title='bbox 2365 3610 2485 3666; x_wconf 77' lang='lat' dir='ltr'>mul·</span> 
     </span>
     <span class='ocr_line' id='line_1_48' title="bbox 1457 3685 2484 3752; baseline 0.005 -20"><span class='ocrx_word' id='word_1_312' title='bbox 1457 3696 1535 3732; x_wconf 78' lang='lat' dir='ltr'>tos</span> <span class='ocrx_word' id='word_1_313' title='bbox 1569 3685 1885 3744; x_wconf 78' lang='lat' dir='ltr'>transferens,</span> <span class='ocrx_word' id='word_1_314' title='bbox 1921 3685 2059 3748; x_wconf 87' lang='lat' dir='ltr'>quod</span> <span class='ocrx_word' id='word_1_315' title='bbox 2097 3686 2156 3735; x_wconf 89' lang='lat' dir='ltr'>de</span> <span class='ocrx_word' id='word_1_316' title='bbox 2189 3704 2239 3734; x_wconf 82' lang='lat' dir='ltr'>se</span> <span class='ocrx_word' id='word_1_317' title='bbox 2274 3689 2377 3752; x_wconf 76' lang='lat' dir='ltr'>ipse</span> <span class='ocrx_word' id='word_1_318' title='bbox 2409 3690 2484 3737; x_wconf 89' lang='lat' dir='ltr'>lo·</span> 
     </span>
     <span class='ocr_line' id='line_1_49' title="bbox 1458 3762 1640 3827; baseline 0.005 -17"><span class='ocrx_word' id='word_1_319' title='bbox 1458 3762 1640 3827; x_wconf 83' lang='lat' dir='ltr'>quitur.</span> 
     </span>
    </p>

    <p class='ocr_par' dir='ltr' id='par_1_12' title="bbox 1461 3840 2487 4223">
     <span class='ocr_line' id='line_1_50' title="bbox 1533 3840 2486 3906; baseline 0.005 -17"><span class='ocrx_word' id='word_1_320' title='bbox 1533 3850 1582 3897; x_wconf 80' lang='grc'>4.</span> <span class='ocrx_word' id='word_1_321' title='bbox 1611 3840 1959 3905; x_wconf 79' lang='lat' dir='ltr'>Impediuneur.</span> <span class='ocrx_word' id='word_1_322' title='bbox 1980 3842 2079 3906; x_wconf 89' lang='lat' dir='ltr'>Qui</span> <span class='ocrx_word' id='word_1_323' title='bbox 2108 3844 2239 3891; x_wconf 82' lang='lat' dir='ltr'>nulla</span> <span class='ocrx_word' id='word_1_324' title='bbox 2270 3844 2486 3894; x_wconf 81' lang='lat' dir='ltr'>criminis</span> 
     </span>
     <span class='ocr_line' id='line_1_51' title="bbox 1461 3922 2487 3988; baseline 0.004 -21"><span class='ocrx_word' id='word_1_325' title='bbox 1461 3936 1572 3967; x_wconf 88' lang='lat' dir='ltr'>cnm</span> <span class='ocrx_word' id='word_1_326' title='bbox 1592 3937 1675 3968; x_wconf 85' lang='lat' dir='ltr'>reo</span> <span class='ocrx_word' id='word_1_327' title='bbox 1698 3922 1928 3969; x_wconf 67' lang='lat' dir='ltr'>societate</span> <span class='ocrx_word' id='word_1_328' title='bbox 1947 3937 2004 3969; x_wconf 89' lang='lat' dir='ltr'>ac</span> <span class='ocrx_word' id='word_1_329' title='bbox 2025 3924 2319 3971; x_wconf 80' lang='lat' dir='ltr'>conscientia</span> <span class='ocrx_word' id='word_1_330' title='bbox 2337 3926 2487 3988; x_wconf 83' lang='lat' dir='ltr'>impe-</span> 
     </span>
     <span class='ocr_line' id='line_1_52' title="bbox 1462 3998 2483 4065; baseline 0.003 -19"><span class='ocrx_word' id='word_1_331' title='bbox 1462 3998 1578 4057; x_wconf 85' lang='lat' dir='ltr'>diti,</span> <span class='ocrx_word' id='word_1_332' title='bbox 1616 3999 1755 4048; x_wconf 88' lang='lat' dir='ltr'>nullo</span> <span class='ocrx_word' id='word_1_333' title='bbox 1791 4001 1943 4049; x_wconf 85' lang='lat' dir='ltr'>modo</span> <span class='ocrx_word' id='word_1_334' title='bbox 1988 4002 2343 4065; x_wconf 83' lang='lat' dir='ltr'>prohibentur,</span> <span class='ocrx_word' id='word_1_335' title='bbox 2388 4014 2483 4049; x_wconf 81' lang='lat' dir='ltr'>etc.</span> 
     </span>
     <span class='ocr_line' id='line_1_53' title="bbox 1463 4080 2484 4146; baseline 0.004 -21"><span class='ocrx_word' id='word_1_336' title='bbox 1463 4080 1638 4142; x_wconf 82' lang='lat' dir='ltr'>Tangit</span> <span class='ocrx_word' id='word_1_337' title='bbox 1660 4080 1932 4138; x_wconf 64' lang='lat' dir='ltr'>Caecilium,</span> <span class='ocrx_word' id='word_1_338' title='bbox 1960 4081 2047 4144; x_wconf 89' lang='lat' dir='ltr'>qui</span> <span class='ocrx_word' id='word_1_339' title='bbox 2077 4082 2265 4146; x_wconf 86' lang='lat' dir='ltr'>peccati</span> <span class='ocrx_word' id='word_1_340' title='bbox 2291 4083 2484 4142; x_wconf 79' lang='lat' dir='ltr'>socius,</span> 
     </span>
     <span class='ocr_line' id='line_1_54' title="bbox 1466 4170 2038 4223; baseline 0.005 -19"><span class='ocrx_word' id='word_1_341' title='bbox 1466 4172 1689 4206; x_wconf 77' lang='lat' dir='ltr'>accusare</span> <span class='ocrx_word' id='word_1_342' title='bbox 1722 4174 1825 4206; x_wconf 88' lang='lat' dir='ltr'>non</span> <span class='ocrx_word' id='word_1_343' title='bbox 1857 4170 2038 4223; x_wconf 77' lang='lat' dir='ltr'>potest.</span> 
     </span>
    </p>
   </div>
  </div>
 </body>
</html>
