3044 4788
328 463 967 488 mmmm
972 465 1053 483 m
1058 461 2372 484 wmmnmmmmmmmmss
2379 464 2468 483 m

861 685 1786 814 EXCURSUS
1874 691 1935 809 I

794 951 918 1020 DE
983 951 1071 1038 Q.
1129 949 1468 1018 Rosclo
1535 945 2015 1017 coMoEDO.

1016 1161 1120 1171 ..-

422 1352 503 1433 Q.
540 1350 816 1414 Roscms
853 1348 1148 1430 Gutus,
1181 1346 1574 1411 admirabilis
1607 1347 1711 1411 ille
1748 1347 2112 1426 comoedus,
2156 1349 2269 1439 qui
2313 1374 2473 1416 ocu·

330 1457 428 1520 los
448 1504 466 1538 ,
505 1477 724 1536 aures,
749 1454 1132 1541 animosque
1161 1452 1459 1516 omnium
1488 1453 1938 1517 Romanorum
1968 1455 2216 1519 tamdiu
2244 1458 2475 1540 tenuit,

332 1562 417 1626 de
469 1585 602 1649 quo
653 1577 784 1624 tam
839 1560 1043 1623 multa
1081 1576 1146 1623 et
1190 1555 1510 1623 honorate
1555 1576 1620 1623 et
1662 1555 2057 1644 honorifice,
2105 1579 2169 1627 et
2199 1565 2478 1653 graviter

311 1656 587 1732 'Tullius
629 1666 765 1756 ipse
797 1665 1128 1754 praedicat,
1167 1688 1245 1729 ex
1283 1664 1646 1754 municipio
1679 1666 1806 1730 fuit
1844 1667 2219 1751 Lanuvin03
2255 1687 2476 1751 natus,

333 1789 410 1837 ut
439 1772 715 1854 videtur,
750 1772 918 1835 circa
948 1794 1195 1835 annum
1231 1770 1425 1834 Urbis
1451 1770 1581 1835 620
1605 1788 1720 1835 aut
1753 1770 1911 1855 625,
1943 1772 2475 1863 quandoquidem

332 1879 398 1941 in
449 1878 743 1941 oratione
782 1900 904 1965 pro
948 1877 1185 1941 Archia
1236 1893 1463 1963 poeta,
1500 1899 1696 1964 quam
1748 1877 1981 1942 habuit
2023 1879 2252 1944 Cicero
2301 1904 2476 1944 anno

329 1982 495 2070 692,
533 1982 770 2072 legitur
806 2004 942 2069 cap.
983 1981 1055 2062 8,
1089 1979 1400 2043 Roscium
1432 2002 1647 2068 nuper
1684 2004 1822 2045 esse
1860 2001 2193 2048 mortuum
2230 2007 2475 2050 senem.

332 2088 536 2152 Aiunt
567 2108 774 2174 puero
810 2083 1046 2149 Roscio
1083 2084 1372 2148 futuram
1414 2084 1769 2149 claritatem
1806 2089 2127 2175 portentis
2164 2113 2476 2178 praenun-

334 2193 551 2257 tiatam
596 2191 815 2255 fuisse.
878 2190 1124 2254 Confer
1174 2190 1206 2252 I
1255 2188 1336 2253 de
1372 2190 1590 2255 Divin.
1626 2212 1763 2280 cap.
1794 2189 1921 2275 36,
1970 2210 2035 2257 et
2066 2195 2164 2276 ll,
2195 2218 2335 2284 cap.
2369 2192 2476 2261 31.

332 2299 560 2381 Quum
609 2298 883 2361 Roscius
937 2295 1195 2361 scenico
1244 2295 1515 2361 artificio
1568 2320 1636 2361 se
1687 2297 2091 2382 tradidisset,
2151 2302 2331 2366 brevi
2393 2303 2477 2368 ad

330 2405 577 2493 primos
620 2404 914 2493 pervenit
958 2401 1326 2486 comoedos3
1379 2418 1577 2492 atque
1624 2419 1800 2468 tanta
1861 2405 2233 2472 celebritate
2289 2409 2475 2474 famoe

333 2508 588 2592 floruit,
623 2526 697 2573 ut
747 2510 814 2572 in
872 2532 1006 2597 quo
1062 2510 1338 2598 quisque
1383 2509 1656 2574 artificio
1713 2512 2089 2594 excelleret,
2138 2513 2189 2577 is
2240 2514 2309 2577 in
2351 2539 2473 2579 suo

331 2636 568 2702 genere
598 2615 873 2679 Roscius
906 2613 1252 2679 diceretur.
1292 2616 1557 2703 Itaque,
1603 2615 1755 2680 licet
1790 2615 1858 2679 in
1915 2640 2177 2682 scenam
2212 2618 2476 2708 prodire

329 2740 396 2788 et
431 2722 678 2810 populo
712 2743 851 2785 esse
885 2722 1276 2809 spectaculo,
1308 2721 1481 2809 apud
1502 2723 1832 2786 Romanos
1856 2741 2023 2788 esset
2048 2725 2477 2812 turpitudini;

330 2846 396 2893 et
427 2828 718 2917 quamvis
751 2826 1050 2890 homines
1082 2827 1318 2893 scenici
1341 2826 1741 2891 haberentur
1767 2828 2039 2894 infames
2059 2831 2282 2918 (Corn.
2303 2831 2366 2895 N
2369 2855 2472 2921 ep,

331 2934 399 2996 in
432 2932 723 3022 praefat.),
747 2931 877 2996 hoc
909 2949 1124 2996 tamen
1158 2932 1490 2997 excellenti
1528 2932 1811 2997 hominis
1835 2934 2060 2998 virtuti
2089 2958 2472 3001 concessum

332 3056 460 3120 est,
496 3055 572 3103 ut
603 3063 640 3103 a
671 3040 961 3103 virorum
1007 3038 1200 3102 Urbis
1251 3039 1620 3127 principum
1664 3041 2142 3106 consuetudine
2194 3066 2329 3106 non
2368 3066 2473 3108 re-

335 3160 721 3208 moveretur.
771 3145 855 3225 Q.
890 3143 1199 3207 Roscium
1232 3141 1458 3207 dilexit
1501 3144 1584 3226 Q.
1617 3146 1923 3227 Catulus»,
1971 3146 2154 3226 cujus
2199 3147 2270 3210 in
2319 3171 2469 3212 eum

331 3266 431 3312 est
459 3263 808 3311 venustum
844 3271 997 3312 sane
1032 3248 1461 3338 epigramma,
1486 3247 1596 3311 lib.
1630 3249 1662 3311 I
1697 3248 1777 3313 de
1809 3248 1958 3314 Nat.
1983 3251 2179 3315 Deor.
2198 3275 2335 3340 cap.
2366 3253 2469 3318 28.

333 3351 654 3417 Eumdem
694 3353 921 3416 habuit
959 3352 1363 3417 carissimum
1401 3354 1660 3436 Cicero;
1689 3370 1885 3442 atque
1916 3356 2089 3419 inter
2114 3372 2471 3447 utrumque

331 3456 722 3522 familiaritas
754 3457 1229 3522 consuetudine
1265 3458 1643 3546 quotidiana
1675 3460 1767 3523 sic
1804 3461 1928 3525 fuit
1960 3478 2180 3544 aucta,
2205 3479 2284 3528 ut
2308 3465 2471 3530 nihil

329 3580 499 3629 esset
538 3587 613 3628 ea
657 3564 1087 3645 conjunctius».
1145 3565 1372 3629 Cicero
1414 3587 1776 3653 numquam
1805 3614 1823 3647 ,
1871 3567 1996 3630 nisi
2044 3558 2473 3635 honorificen-

331 3670 572 3733 tissime
600 3692 750 3733 eum
779 3670 1090 3760 appellat,
1125 3669 1260 3734 sive
1293 3669 1425 3733 suis
1458 3670 1527 3733 in
1558 3671 1993 3755 orationibus,
2024 3674 2157 3759 sive
2189 3675 2256 3738 in
2292 3674 2472 3741 libris

332 3774 412 3838 de
447 3776 758 3841 Oratore:
792 3774 1109 3862 «Propter
1143 3775 1474 3857 virtutem,
1510 3776 1726 3865 inquit
1758 3801 1879 3865 pro
1915 3778 2228 3862 Quintio,
2258 3804 2313 3847 c.
2349 3782 2431 3847 25
2452 3831 2470 3867 ‚

327 3912 354 3935 ι
375 3881 550 3944 solus
589 3880 829 3970 dignus
855 3876 1196 3944 videbatur
1230 3903 1367 3945 esse
1400 3882 1675 3947 Roscius
1695 3931 1713 3967 ‚
1760 3884 1872 3971 qui
1911 3882 1995 3948 ad
2026 3908 2285 3950 scenam
2334 3910 2467 3952 non

327 3986 694 4067 accederet3
747 4008 953 4074 quum
1002 3983 1232 4048 artifex
1278 4002 1446 4051 esset
1496 3987 1850 4070 ejusmodi,
1906 4007 1983 4055 ut
2018 3992 2195 4055 solus
2233 3991 2470 4081 dignus
2566 4080 2568 4083 ι

330 4090 690 4172 videretur,
721 4091 837 4179 qui
869 4091 934 4154 in
970 4110 1162 4154 scena
1188 4107 1623 4177 spectaretur:
1674 4094 1822 4181 plus
1854 4094 2005 4160 fidei
2048 4120 2245 4183 quam
2277 4097 2430 4161 artis
2452 4144 2471 4177 ‚
