3044 4788
664 404 1051 474 oRArio
1101 402 1301 469 PRO
1350 401 1932 487 noum‘rlo.
2287 403 2368 476 15

222 545 555 630 putaret3
598 542 687 599 ut
717 551 887 598 eum
928 526 1075 595 suis
1116 521 1712 594 conditionibus²
1749 525 1824 591 in
1863 526 2027 621 ipso
2071 525 2375 597 articulo

223 644 572 739 temporis
605 638 1119 732 adstringeret,
1145 657 1375 704 assem
1405 656 1560 704 sese
1595 647 1807 727 negat
1832 631 2202 720 daturum,
2236 637 2375 707 nisi

221 756 422 850 prius
460 750 556 821 de
588 747 809 820 rebus
834 743 1389 840 rationibusque
1421 734 1783 813 sccietatis
1810 741 2153 814 omnibus
2187 743 2380 815 deci-

218 861 442 931 disset
471 885 493 947 ;
526 872 604 930 et
637 859 923 941 scisset,
950 852 1089 924 sibi
1117 877 1286 923 cum
1312 854 1620 943 Quintio
1655 856 2161 924 controversiae
2190 855 2374 926 nihil

220 969 582 1042 futurum.
620 967 1024 1052 PosteriuS,
1049 965 1292 1060 inquit
1312 1016 1331 1051 ‚
1358 965 1493 1033 ista
1517 960 1961 1049 videbimuS‚
1992 965 2372 1054 Quintius:

223 1107 426 1153 nunc
478 1080 625 1152 hoc
667 1080 884 1149 velim
929 1101 1179 1163 cure8‚
1236 1079 1294 1148 si
1336 1075 1468 1147 tibi
1508 1076 1824 1165 videtur,
1866 1077 2069 1175 quod
2105 1077 2372 1150 dixisti.

222 1198 458 1291 Negat
483 1217 562 1263 se
593 1189 730 1261 alia
753 1192 1030 1260 ratione
1057 1186 1445 1275 facturum,
1465 1187 1670 1284 quod
1697 1192 2188 1285 promisisset:
2216 1213 2367 1260 non

224 1304 390 1402 plus
411 1325 546 1372 sua
575 1298 868 1386 referre,
893 1321 1113 1395 quam
1137 1300 1222 1383 si,
1240 1322 1473 1394 quum
1496 1301 1915 1370 auctionem
1934 1296 1963 1342 ³
1995 1300 2341 1372 venderet
2357 1352 2377 1384 ,

224 1413 512 1485 domini
537 1414 791 1507 jussu'·
826 1408 1201 1507 quidpiam
1226 1411 1701 1509 promisisset.
1733 1413 2222 1508 Destitutione
2259 1411 2379 1481 illa

225 1523 613 1621 perculsus
636 1522 984 1611 Quintius
1001 1574 1020 1606 ‚
1044 1543 1086 1591 a
1108 1521 1435 1617 Scapulis
1468 1543 1741 1617 paucos
1774 1519 1927 1590 dies
1966 1519 2204 1591 aufert
2222 1517 2275 1609 ⁵;
2297 1523 2374 1591 in

228 1634 547 1706 Galliam
588 1635 834 1718 mittit,
869 1645 954 1701 ut
990 1654 1106 1718 ea,
1153 1654 1317 1727 quae
1371 1633 1933 1728 proscripserat,
1990 1632 2375 1718 venirent3

232 1744 600 1815 deteriore
631 1758 960 1839 tempore
999 1738 1260 1811 absens
1296 1742 1794 1827 auctionatur3
1836 1739 2160 1837 Scapulis
2196 1737 2384 1810 diffi-

228 1854 483 1925 ciliore
519 1850 942 1925 conditione
979 1848 1325 1921 dissolvit.
1384 1854 1589 1920 Tunc
1629 1849 1944 1947 appellat
1991 1850 2183 1920 ultro
2225 1853 2382 1922 Nae-

228 1967 431 2034 vium
450 2017 473 2050 ‚
502 1965 987 2059 ut‚quoniam
1016 1963 1505 2058 suspicaretur
1535 1960 1779 2057 aliqua
1800 1959 1891 2032 de
1925 1986 2002 2031 re
2029 1958 2185 2033 fore
2209 1984 2383 2032 con-

226 2076 682 2159 troversiam,
702 2068 1006 2155 videret,
1025 2085 1108 2141 ut
1126 2094 1344 2167 quam
1370 2072 1807 2167 primum,et
1833 2095 2051 2167 quam
2083 2072 2382 2142 minima

227 2209 399 2256 cum
430 2183 762 2253 molestia
794 2196 947 2253 tota
979 2205 1093 2253 res
1126 2185 1663 2278 transigeretur.
1701 2185 1841 2251 Dat
1866 2178 2036 2251 iste⁶
2054 2184 2373 2253 amicum

229 2300 324 2365 Μ,
379 2292 828 2365 Trebellium
863 2319 877 2359 :
942 2315 1078 2363 nos
1147 2314 1613 2362 communem
1681 2295 2166 2362 necessarium
2188 2346 2207 2380 ‚
2250 2296 2382 2391 qui

229 2409 437 2477 istius
468 2403 676 2476 domi
715 2418 868 2475 erat
894 2401 1279 2490 educatuS,
1311 2417 1383 2472 et
1417 2426 1568 2499 quo
1603 2400 1946 2472 utebatur
1981 2405 2116 2474 iste
2152 2402 2380 2500 pluri-

228 2542 460 2606 mum,
480 2518 986 2615 propinquum
1007 2529 1365 2600 nostrum,
1391 2518 1546 2585 Sex.
1573 2511 2007 2611 Alphenum.
2040 2519 2182 2584 Res
2207 2539 2376 2584 con-

226 2631 479 2699 venire
522 2625 733 2696 nullo
776 2623 996 2696 modo
1041 2637 1326 2722 poterat
1356 2650 1370 2691 ε
1408 2638 1794 2722 propterea
1829 2623 2033 2721 quod
2071 2623 2190 2694 hic
2227 2648 2379 2696 me-

231 2737 559 2809 diocrem
566 2738 924 2832 jacturam
951 2732 1182 2807 facere
1207 2733 1579 2832 cupiebat;
1603 2738 1738 2806 iste
1766 2734 2116 2806 mediocri
2142 2733 2383 2832 praeda

235 2861 628 2920 contentus
671 2869 820 2916 non
862 2859 1035 2916 erat.
1068 2851 1326 2943 Itaque
1353 2869 1441 2916 ex
1474 2870 1564 2916 eo
1596 2859 1924 2942 tempore
1957 2869 2070 2916 res
2105 2869 2260 2917 esse
2293 2848 2373 2916 in

234 2957 779 3029 vadimonium⁷
814 2961 1057 3054 coepit.
1088 2958 1332 3047 Quum
1364 2954 1776 3027 vadimonia
1809 2979 1998 3053 saepe
2029 2955 2246 3027 dilata
2279 2981 2388 3028 es-

238 3123 409 3188 dagn,
431 3124 507 3170 fao
532 3134 590 3170 nt
614 3124 669 3169 in
694 3122 846 3170 aliun
869 3121 1000 3170 diem
1018 3121 1264 3170 differas..

311 3219 361 3251 ο.
406 3201 512 3249 Sais
558 3199 934 3250 conditionibus.
977 3203 1021 3249 1.
1067 3216 1112 3251 c.
1155 3215 1266 3264 quae

235 3282 343 3331 auin
362 3289 527 3327 cuent
549 3278 820 3329 commodi·
844 3290 1159 3344 opportunae.

1352 3123 1455 3182 ejus
1474 3122 1563 3186 qui
1580 3122 1711 3170 bona
1726 3122 1873 3170 vendi
1889 3122 2058 3183 jubet,
2083 3124 2221 3184 jussu
2239 3124 2385 3187 quid-

1352 3201 1483 3266 piam
1529 3201 1679 3250 alicui
1723 3201 2004 3254 addixisset.
2045 3202 2215 3266 Carpit
2253 3203 2307 3251 h.
2342 3204 2386 3253 l.

1352 3279 1577 3328 Naevium
1616 3295 1645 3326 ι
1680 3279 1910 3327 vilissima
1942 3281 2184 3343 praeconis
2210 3280 2381 3329 condi·

308 3362 369 3409 3.
397 3357 685 3410 Auctionem
711 3358 967 3410 mderee.
999 3358 1266 3407 Mendosus

237 3440 411 3489 uultis
454 3436 646 3486 videm
678 3439 839 3499 locun
873 3448 925 3487 et
960 3438 1140 3503 legitur
1177 3455 1266 3485 au·

237 3520 403 3568 ctione
422 3532 533 3565 nou
553 3518 737 3567 merito.
762 3516 1132 3584 Praepositionis
1160 3516 1266 3565 elli-

238 3599 340 3662 psis
363 3608 471 3655 est,
510 3605 567 3643 ut
594 3596 724 3660 apud
756 3597 885 3646 Caes.
905 3596 969 3645 de
989 3595 1116 3647 Bell.
1134 3596 1265 3647 Gall.

239 3680 319 3737 11,
362 3677 473 3735 33,
514 3673 830 3725 -oectimm
869 3676 1159 3738 venderem
1216 3686 1267 3723 et

240 3756 369 3820 apud
385 3765 618 3804 nostrum
634 3789 651 3817 ‚
673 3770 778 3803 non
802 3755 978 3815 semel,
1003 3777 1031 3798 κ
1046 3755 1265 3821 sponsio-

241 3851 349 3883 ne-
365 3834 565 3883 vincere
574 3855 621 3882 n.
642 3833 764 3882 Vid.
777 3834 935 3883 Indic.
952 3836 1152 3885 Latinit.

311 3923 363 3971 4.
397 3912 607 3962 Domini
621 3910 786 3977 jussu.
824 3914 887 3962 Se
920 3928 1025 3961 non
1053 3913 1167 3980 plus
1199 3924 1272 3962 ιο-

244 3994 344 4041 nna-i
368 4006 484 4057 erga
509 3992 783 4056 Quintium
811 3993 1049 4056 promisso
1077 3992 1273 4043 dicebat
1303 3993 1306 3996 ’

246 4072 434 4122 Nerius
451 4106 469 4132 ‚
507 4087 664 4137 quam
719 4071 975 4121 tenebatur
1031 4073 1181 4136 olim,
1229 4073 1272 4121 si

249 4167 392 4213 quun
408 4153 594 4201 faceret
622 4151 930 4212 auctionem,
956 4151 1161 4212 domini,
1182 4155 1216 4201 i.
1230 4170 1272 4204 e.

1353 3360 1514 3417 tione,
1543 3358 1889 3422 pejor-undique
1917 3358 2168 3408 facilitate.

1427 3440 1475 3486 5.
1503 3435 1695 3502 Auftn.
1733 3436 1816 3485 Ad
1854 3434 2209 3485 conficiendam
2240 3454 2390 3504 pecu-

1353 3516 1483 3563 niam
1509 3515 1721 3564 obtinet.

1423 3596 1474 3644 6.
1496 3598 1602 3644 Dae
1620 3594 1724 3643 iste.
1737 3595 1955 3643 Snbaudi
1974 3596 2231 3646 arbitrum.
2253 3597 2386 3645 Com·

1353 3690 1562 3724 munem.
1627 3675 1802 3722 Naevii·
1849 3675 2038 3724 seilicet
2080 3686 2138 3723 'et
2190 3676 2386 3738 Quinni

1352 3753 1692 3802 necessarium.
1716 3752 1867 3815 Quod
1893 3753 2074 3804 bonam
2100 3754 2292 3816 Quintii
2322 3754 2378 3803 fi-

1360 3832 1472 3881 dem
1493 3831 1807 3882 demonstrat.

1433 3928 1484 3975 7.
1510 3912 1873 3962 Vadimonium.
1902 3915 2057 3961 Verus
2080 3913 2229 3963 lectio
2248 3949 2264 3975 ,
2292 3931 2390 3980 pro

1361 3993 1411 4040 in
1436 3991 1748 4041 vadimonio.
1774 3992 1855 4042 Sic
1885 3994 2082 4042 Muren.
2115 3994 2206 4040 «in
2243 4004 2388 4058 pote-

1362 4081 1487 4120 state
1527 4089 1694 4136 esse»,
1723 4084 1774 4121 et
1818 4073 2013 4137 sepius.
2057 4074 2224 4136 Quum
2263 4073 2394 4120 inter

1363 4153 1543 4201 amicos
1570 4169 1647 4200 res
1672 4154 1931 4200 convenire
1948 4167 2049 4199 non
2073 4162 2257 4215 posset,
2274 4159 2394 4198 tune
