3044 4788
673 325 812 422 576
1456 322 2003 391 APPENDIX

665 449 806 515 ns?
825 480 850 503 ιι
863 443 1244 535 Reponebat
1258 459 1469 507 actor:
1491 474 1516 497 ιι
1531 466 1645 507 uo
1660 467 1762 524 τι,
1781 460 1934 506 etc.-
1949 444 2148 508 simul
2160 444 2512 511 formulam
2532 452 2824 515 actionis

666 579 701 618 a
727 577 796 617 se
817 552 1003 616 editae
1027 550 1409 630 subjiciens:
1437 565 1596 636 puta
1612 597 1630 629 ,
1656 549 1711 611 si
1741 549 1909 612 actio
1936 549 2005 612 in
2033 572 2174 613 rem
2205 568 2402 632 esset,
2429 584 2458 607 ι
2484 578 2613 618 uo
2646 580 2823 620 nm

670 682 824 741 nnn,
842 681 964 722 vm„
981 679 1154 720 mc
1173 678 1442 718 ruamur
1461 675 1646 730 otum
1675 676 1998 734 possmus,
2033 677 2218 719 nun
2245 679 2391 719 nssn
2412 682 2484 738 ις
2514 661 2623 722 sin
2650 663 2824 723 actio

664 765 732 826 in
751 782 1299 851 personam3u10
1330 781 1410 820 ‘ru
1439 780 1597 821 nun
1624 781 1754 821 noc
1778 779 1965 832 num,
1981 781 2105 821 vm.
2131 781 2383 824 raons
2406 784 2822 827 oronnam.

667 868 860 931 Tunc
881 868 970 929 ita
992 860 1456 927 concludebat:
1480 892 1506 915 α
1522 862 1799 925 Pnaeron
1822 884 2103 925 sumen
2128 887 2561 929 manum
2586 891 2679 930 ur
2707 892 2825 933 nus

673 972 1168 1039 »esrum-‚Tum
1186 984 1424 1056 praetor
1439 985 1513 1031 ut
1534 967 1690 1030 fides
1709 967 1833 1031 sibi
1846 966 2029 1031 fieret
2038 991 2169 1032 non
2186 968 2308 1032 levi
2317 969 2405 1033 de
2422 994 2627 1035 musa
2643 974 2821 1038 litem

671 1077 952 1156 intendi,
987 1074 1531 1159 defensuramque
1557 1070 1805 1151 judicio
1843 1088 2092 1159 partem
2122 1090 2524 1191 utramque,
2570 1078 2827 1142 diversa

670 1185 940 1271 pignora
962 1179 1043 1241 ab
1067 1177 1158 1240 eis
1186 1176 1509 1264 exigebat,
1536 1192 1736 1264 prout
1759 1177 1827 1238 in
1846 1198 2009 1257 rem,
2028 1200 2143 1241 seu
2173 1178 2240 1240 in
2267 1202 2631 1267 personam
2653 1186 2824 1247 actio

675 1284 960 1350 cadebat.
1021 1284 1166 1347 Alia
1207 1298 1424 1345 autem
1470 1305 1508 1345 a
1547 1281 1825 1368 petitore
1853 1329 1874 1362 ,
1933 1282 2054 1345 alia
2108 1308 2146 1346 a
2195 1306 2308 1347 reo
2356 1289 2579 1373 repeti
2632 1289 2823 1352 docet

676 1393 911 1471 GaiuS,
942 1392 1058 1470 IV,
1085 1401 1114 1466 S
1150 1392 1293 1475 174.

766 1500 867 1564 Ab
899 1514 1117 1562 actore
1144 1493 1408 1583 quidem
1442 1492 1866 1579 exigebantur
1894 1515 2130 1582 genera
2155 1513 2459 1582 quatuor,
2494 1523 2652 1587 quae
2687 1502 2830 1564 bre-

684 1610 846 1672 vit‘er
878 1623 1358 1694 percurramus:

781 1712 851 1775 1⁰
887 1709 1213 1774 Judicium
1243 1703 1580 1768 calumniae
1601 1751 1619 1783 ,
1651 1727 1857 1791 quum
1884 1727 2033 1768 reus
2070 1729 2138 1768 se
2160 1729 2274 1794 per
2297 1731 2548 1773 meram
2574 1713 2829 1774 mlum·

686 1819 860 1881 niam
891 1838 928 1877 a
957 1813 1231 1901 petitore
1263 1808 1443 1896 argui
1469 1806 1829 1888 diceretur3
1876 1827 2078 1894 eaque
2109 1808 2191 1873 de
2217 1833 2288 1873 re
2314 1814 2653 1878 actionem
2692 1839 2832 1903 pro-

685 1924 821 2011 pria
853 1942 929 1982 ex
965 1933 1145 2005 parte
1182 1910 1577 1992 intenderet,
1604 1934 1746 1997 quae
1778 1912 1831 1974 si
1870 1913 2272 1995 succederet,
2311 1918 2561 2003 petitor
2593 1918 2682 1983 ad
2716 1922 2831 1983 sol·

683 2024 960 2092 vendam
987 2022 1304 2085 decimam
1339 2040 1544 2081 causae
1582 2032 1828 2105 partem
1863 2017 2310 2084 damnabatur.

781 2128 853 2192 2⁰
903 2125 1317 2189 Contrarium
1358 2121 1678 2201 judicium
1707 2171 1725 2204 ,
1770 2122 1950 2208 quod
1997 2147 2131 2187 non
2177 2125 2486 2190 adversus
2538 2129 2827 2193 actiones

688 2254 952 2312 omnes,
990 2245 1064 2292 ut
1106 2226 1508 2316 praecedenS,
1558 2227 1775 2290 locum
1824 2228 2057 2309 habet,
2094 2228 2210 2293 sed
2250 2254 2327 2294 ex
2377 2232 2576 2296 certis
2625 2236 2829 2298 musis

687 2335 1139 2404 constituitur:
1161 2333 1338 2398 velut
1359 2333 1412 2397 si
1436 2331 1819 2413 injuriarum
1850 2349 2110 2422 agatur,
2138 2351 2255 2399 etc.
2278 2336 2585 2402 Severior
2617 2356 2830 2404 autem

687 2444 992 2512 coercitio
1025 2457 1120 2506 est
1150 2465 1264 2529 per
1296 2440 1695 2504 contrarium
1735 2438 2090 2522 judicium,
2146 2465 2293 2505 nam
2332 2445 2684 2510 calumniae
2727 2450 2831 2527 ju-

695 2554 862 2619 dicio
895 2549 1157 2614 ‹lecimae
1188 2547 1384 2637 partis
1420 2568 1616 2608 nemo
1651 2544 2015 2627 damnatur,
2055 2547 2179 2611 nisi
2210 2551 2325 2635 qui
2358 2550 2667 2641 intelligit
2702 2577 2830 2619 non

697 2676 867 2725 recte
910 2680 976 2721 se
1016 2676 1237 2745 agere,
1284 2652 1398 2717 sed
1440 2651 1712 2715 vexandi
1749 2650 2091 2716 adversarii
2130 2655 2330 2742 gratia
2358 2657 2695 2722 actionem
2736 2662 2835 2723 in·

697 2765 937 2846 stituit,
965 2763 1315 2850 potiusque
1351 2781 1428 2821 ex
1455 2757 1690 2837 judicis
1715 2780 1961 2840 errore,
1985 2761 2087 2823 vel
2119 2760 2458 2849 iniquitate
2489 2763 2837 2829 victoriam

702 2885 950 2958 sperat,
1001 2888 1195 2952 quam
1255 2887 1333 2927 ex
1382 2886 1574 2927 causa
1623 2863 1923 2928 veritatis.
1982 2866 2322 2930 Contrario
2374 2890 2529 2931 vero
2584 2869 2838 2949 judicio

701 2970 1082 3039 omnimodo
1119 2969 1462 3032 damnatur
1491 2985 1693 3043 actor,
1732 2968 1784 3030 si
1831 2989 2085 3032 causam
2133 2994 2264 3034 non
2315 2973 2639 3049 tenuerit,
2688 2976 2840 3039 licet

704 3083 823 3146 alia
856 3077 1163 3167 opinione
1194 3073 1500 3139 inductus
1536 3072 1878 3138 crediderit
1908 3098 1974 3139 se
2005 3093 2178 3141 recte
2202 3100 2409 3165 agere.

797 3183 870 3274 3?
903 3181 1366 3264 Jusjurandum
1413 3178 1493 3242 de
1532 3180 1849 3243 calumnia
1879 3197 2131 3268 poterat
2161 3206 2309 3246 reus
2336 3207 2373 3247 a
2404 3185 2686 3272 petitore
2722 3190 2841 3252 exi·

675 3315 678 3321 ’
708 3317 892 3383 gere3
926 3308 1120 3377 atque
1154 3288 1347 3351 etiam
1394 3286 1626 3373 saepius
1671 3283 2001 3350 deferebat
2040 3306 2308 3375 praetor,
2351 3291 2434 3352 ita
2473 3306 2549 3352 ut
2582 3291 2693 3354 ine
2730 3295 2837 3379 qui

706 3397 1042 3464 accusabat
1088 3391 1467 3458 sacramenti
1517 3388 1642 3452 fide
1697 3414 1766 3454 se
1816 3391 2246 3481 obstringeret
2297 3417 2429 3457 non
2476 3417 2597 3482 per
2640 3400 2837 3461 maias

709 3521 876 3566 artes
907 3502 1080 3564 litem
1116 3496 1473 3562 intendere.
1508 3494 1824 3559 Solemnis
1856 3514 2073 3562 autem
2121 3521 2261 3562 mos
2294 3516 2462 3579 erat,
2498 3517 2571 3562 ut
2615 3499 2840 3566 dextra

709 3629 932 3671 saxum
971 3621 1199 3667 tenens
1231 3603 1366 3665 haec
1398 3597 1698 3664 adderet:
1738 3634 1762 3659 «ι
1781 3626 1837 3666 st
1862 3626 2072 3667 scu-:us
2092 3626 2320 3685 ΡΑιιο,
2345 3627 2510 3668 'runc
2536 3628 2631 3669 nn
2661 3608 2838 3671 Dus·

714 3734 899 3776 mum
925 3689 1109 3771 nonus
1133 3729 1401 3784 nucu-r,
1422 3729 1503 3766 υτ
1529 3727 1655 3768 nco
1682 3731 1852 3771 nunc
1877 3731 2156 3771 mmmm
2174 3740 2228 3788 υ,
2254 3733 2452 3798 quem
2477 3711 2673 3776 simul
2699 3737 2838 3801 pro·

713 3818 986 3901 jiciebat.
1033 3811 1229 3896 Quod
1279 3812 1328 3874 si
1389 3811 1569 3874 rnalae
1621 3811 1768 3877 fidei
1819 3817 2312 3882 convinceretur
2357 3820 2639 3906 petitor,
2689 3839 2835 3887 tunc

715 3922 936 3987 cadem
973 3942 1115 4008 quae
1144 3916 1207 3979 in
1237 3914 1482 3995 judicio
1513 3917 1877 3998 calumniae,
1912 3942 2094 4006 poena
2133 3923 2546 4010 sequebatur.

805 4032 876 4106 4⁰
910 4023 1433 4114 Restipulationis
1485 4046 1669 4110 poena
1718 4041 1888 4104 erat,
1941 4049 2141 4111 quum
2192 4051 2307 4115 per
2356 4029 2827 4115 stipulationem

1821 4138 1841 4170 ὓ
