3044 4788
664 411 804 485 586
1449 412 1986 482 APPENDIX

1175 580 1227 642 l.
1267 580 1544 665 Quoestio
1567 588 1868 665 perpetua
1902 573 2263 660 majestatis.

745 731 1102 794 Maximum
1129 730 1258 795 hoc
1276 747 1411 794 erat
1435 731 1611 819 apud
1637 733 1960 797 Romanos
1991 732 2239 810 crimen
2258 779 2277 811 ,
2309 731 2365 793 si
2394 730 2543 816 quis
2567 728 2793 817 digni-

657 850 853 899 tatem
884 835 1113 923 populi
1143 835 1392 899 romani
1440 837 2009 923 magistratumve
2045 837 2187 915 ejus
2236 833 2625 914 minuisset,
2679 850 2796 895 aut

658 941 850 1004 etiam
882 937 1350 1027 quoquomodo
1390 940 1549 1026 reip.
1584 941 2113 1027 tranquillitatem
2143 940 2583 1011 interturbare
2621 954 2793 1001 esset

659 1062 947 1110 conatus.
983 1043 1311 1131 Siquidem
1331 1093 1352 1125 ,
1385 1061 1459 1108 ut
1504 1045 1594 1109 ait
1625 1047 1852 1110 Cicero
1871 1094 1892 1127 ,
1932 1046 2262 1125 «majestas
2293 1060 2392 1108 est
2423 1046 2496 1107 in
2529 1045 2789 1131 imperii

656 1163 850 1233 atque
882 1146 949 1208 in
984 1145 1265 1208 nominis
1299 1146 1524 1233 populi
1554 1147 1827 1213 romani.
1842 1145 2187 1235 dignitate,
2221 1168 2417 1233 quam
2456 1146 2705 1206 minuit
2734 1145 2788 1206 is

658 1252 770 1338 qui
799 1274 915 1338 per
944 1252 1076 1314 vim
1110 1250 1545 1314 multitudinis
1569 1274 1703 1314 rem
1732 1251 1816 1316 ad
1843 1252 2229 1322 seditionem
2260 1250 2569 1315 vocavit».
2597 1250 2685 1312 Et
2712 1271 2787 1313 ω

658 1356 922 1445 quidem
953 1356 1035 1420 ad
1074 1358 1311 1421 multos
1343 1358 1694 1445 peculiares
1731 1381 1917 1423 casus
1963 1357 2437 1437 referebantur,
2485 1379 2638 1442 quae
2684 1356 2785 1417 hic

657 1462 976 1549 explicare
1005 1486 1137 1526 non
1174 1462 1376 1526 nostri
1414 1479 1513 1527 est
1551 1464 1800 1551 operis,
1832 1480 1898 1527 et
1944 1462 2153 1525 multo
2185 1461 2689 1524 convenientius
2719 1463 2781 1521 in

657 1570 901 1657 Legum
939 1568 1161 1632 Indice
1195 1568 1708 1634 collocabuntur.

743 1676 918 1739 Sulla
947 1676 1085 1763 lege
1107 1676 1400 1739 Cornelia
1422 1677 1961 1761 majestatis(ann.
1985 1674 2139 1762 673)
2155 1695 2388 1737 novam
2407 1672 2567 1735 huic
2588 1672 2789 1735 tribu-

661 1783 786 1846 nali
817 1782 1087 1847 formam
1115 1783 1457 1870 imposuit3
1475 1780 1559 1844 ad
1584 1782 1711 1847 hoc
1737 1783 2058 1870 pertinere
2071 1782 2285 1861 jussit,
2308 1781 2361 1843 si
2385 1780 2534 1866 quis
2558 1795 2789 1841 contra

633 1892 636 1897 ’
656 1887 980 1966 justorum
1003 1888 1490 1975 magistratuum
1519 1886 1725 1950 edicta
1749 1887 1979 1975 egisset
1996 1934 2016 1965 ,
2044 1902 2218 1949 extra
2252 1884 2412 1948 fines
2438 1884 2789 1973 provinciae

664 1993 1013 2056 exercitum
1048 1991 1333 2057 duxisset
1353 2040 1371 2073 ‚
1413 1992 1702 2056 hostium
1739 1990 2014 2055 ducibus
2045 1991 2464 2078 pepercisset,
2502 1991 2786 2052 auctori·

664 2114 862 2163 tatem
896 2098 1016 2162 sibi
1055 2121 1087 2160 a
1121 2099 1368 2185 populo
1401 2121 1565 2163 rom.
1593 2099 1999 2163 commissam
2025 2097 2299 2185 infringi
2326 2113 2491 2159 esset
2524 2118 2783 2182 passus,

665 2201 944 2288 denique
993 2202 1389 2289 quicumque
1438 2203 1596 2267 civis
1651 2226 1958 2267 romanus
2003 2202 2171 2290 regis
2217 2200 2463 2264 externi
2515 2198 2783 2287 gratiam

666 2320 834 2370 esset
863 2322 1219 2392 aucupatus
1246 2329 1260 2369 ε
1291 2322 1358 2370 et
1380 2329 1513 2393 quo
1535 2307 1660 2396 ipsi
1684 2308 1884 2396 magis
1911 2304 2417 2369 accenderentur
2439 2302 2784 2373 delatores,

669 2411 838 2474 falsae
869 2412 1296 2476 accusationis
1332 2413 1528 2477 ullam
1558 2435 1696 2477 esse
1718 2435 1993 2499 poenam,
2024 2428 2138 2474 aut
2170 2411 2513 2473 mulierum
2551 2411 2673 2473 hac
2707 2409 2783 2472 de

669 2539 740 2580 re
765 2500 1209 2582 testimonium
1236 2520 1410 2599 rejici
1431 2520 1656 2583 vetuit.

750 2621 922 2686 Illud
947 2640 1162 2686 autem
1198 2622 1327 2686 hoc
1355 2624 1501 2687 loco
1535 2621 1901 2687 mirandum
1939 2621 2223 2686 occurrit
2261 2618 2443 2707 quod
2475 2620 2586 2683 ille
2615 2619 2789 2683 idem

668 2729 978 2808 dictator,
1024 2728 1138 2814 qui
1190 2729 1259 2791 in
1296 2729 1581 2793 cruentis
1614 2728 1958 2815 triumphis
2004 2729 2251 2815 primus
2284 2725 2531 2790 delictis
2570 2749 2790 2812 poenas

665 2857 918 2921 aequare
942 2834 1314 2921 imperfecte
1345 2833 1611 2922 quidem
1642 2835 1947 2923 tentavit,
1986 2835 2098 2920 qui
2132 2837 2328 2920 4²7⁰⁰
2370 2832 2541 2896 cives
2574 2854 2789 2895 roma-

669 2960 788 3016 nos
818 2960 898 3001 ex
932 2938 1194 3002 arbitrio
1241 2961 1309 3002 se
1347 2940 1796 3027 proscripsisse
1826 2939 2137 3020 jactabat,
2170 2938 2271 3002 sui
2299 2938 2414 3001 aevi
2445 2937 2789 3024 opiniones

666 3059 883 3105 tamen
927 3064 1060 3106 non
1112 3041 1417 3124 offendis,
1460 3060 1525 3107 et
1561 3065 1695 3107 non
1731 3042 1929 3106 modo
1966 3065 2097 3106 non
2142 3042 2348 3107 aerarii
2380 3041 2637 3122 furem,
2683 3055 2799 3102 aut

667 3149 983 3213 latronem
1000 3197 1019 3230 ,
1052 3149 1399 3236 provinciae
1421 3172 1782 3214 eversorem
1811 3150 2252 3237 magistratum
2276 3149 2483 3237 capite
2511 3148 2789 3234 plecten—

669 3253 830 3334 dum
860 3255 1099 3337 sanxit,
1125 3277 1351 3319 verum
1378 3255 1597 3319 multae
1619 3254 1842 3319 exsilio
1870 3277 2201 3341 seuaquoe
2233 3269 2300 3317 et
2325 3254 2493 3341 ignis
2519 3250 2785 3315 interdi-

672 3361 891 3425 ctione
921 3359 1170 3441 addita,
1208 3359 1290 3423 ad
1322 3360 1642 3447 populum
1677 3360 2013 3448 provocari
2048 3358 2358 3447 permisit.
2489 3356 2492 3359 ’

764 3467 977 3549 Quam
1009 3482 1225 3530 autem
1258 3466 1755 3554 imperatorum,
1791 3488 2006 3532 eversa
2031 3463 2395 3552 republica,
2433 3460 2785 3525 crudelitati

675 3571 901 3635 faverit
931 3572 1098 3640 illius
1134 3572 1290 3661 legis
1326 3592 1567 3635 nomen
1611 3593 1805 3635 nemo
1847 3571 2089 3651 nescit,
2126 3591 2332 3661 quum
2360 3567 2660 3632 Tiberius
2691 3563 2783 3627 illa

677 3678 880 3740 fretus
909 3698 1052 3753 non>
1072 3678 1203 3756 jam
1241 3676 1438 3758 sacta,
1472 3674 1588 3740 sed
1623 3677 1789 3763 ipsas
1814 3698 2002 3740 voces
2033 3688 2642 3764 persequeretur,-et
2672 3691 2784 3757 pro

676 3779 928 3870 capitali
962 3797 1130 3845 esset
1158 3781 1256 3845 vel
1295 3804 1499 3869 pauca
1532 3796 1597 3846 et
1626 3782 1934 3870 simplicia
1961 3781 2155 3845 verba
2190 3779 2665 3868 pronuntiasse.

1165 3959 1244 4022 ll.
1299 3959 1577 4044 Quaestio
1596 3975 1899 4049 perpetua
1933 3960 2013 4023 de
2047 3959 2302 4022 ambitu.

764 4103 975 4184 Quam
1000 4104 1218 4169 multis
1244 4105 1489 4170 artibus
1522 4108 1743 4170 Romoe
1768 4107 2005 4170 summi
2036 4104 2434 4170 ambirentur
2462 4102 2771 4189 magistra·
