3044 4788
622 415 758 484 208
1259 416 1357 482 M.
1410 416 1488 483 T.
1542 413 2120 485 CICERONIS

616 552 723 608 est
764 534 1310 611 elaboraturum.
1367 534 1587 624 Quod
1628 535 1687 605 si
1723 557 1855 632 ego
1892 532 2075 620 haec,
2122 551 2425 633 propter
2468 546 2756 637 magni-

615 647 940 718 tudinem
975 670 1217 716 rerum
1264 669 1347 716 ac
1387 643 1886 717 difficultatem
1914 698 1933 731 ,
1976 649 2261 742 assequi
2305 671 2456 718 non
2501 652 2751 747 potui,

616 758 742 854 qui
779 760 855 826 in
883 756 1083 826 omni
1110 759 1251 825 vita
1284 753 1461 825 nihil
1501 754 1698 825 aliud
1733 755 1889 850 egi:
1926 779 2145 851 quam
2185 755 2399 854 longe
2431 772 2508 828 tu
2550 774 2623 831 te
2657 760 2751 831 ab

611 867 725 938 his
747 865 966 937 rebus
993 864 1238 936 abesse
1264 863 1636 950 arbitrare,
1668 889 1847 960 quas
1872 888 2021 933 non
2045 863 2267 935 modo
2304 882 2516 938 antea
2539 893 2750 939 num-

608 999 830 1075 quam
877 975 1241 1072 cogitasti,
1295 973 1425 1045 sed
1469 1000 1564 1046 ne
1600 998 1799 1044 nunc
1837 972 2171 1070 quidem,
2223 999 2454 1071 quum
2499 978 2577 1048 in
2630 1003 2750 1051 eas

605 1083 1032 1184 ingrederis,
1069 1108 1228 1180 quae
1265 1098 1337 1155 et
1372 1099 1660 1181 quantae
1709 1084 1887 1168 sint,
1932 1084 2278 1180 suspicari
2317 1089 2575 1183 potes?

705 1201 895 1268 XIII.
943 1200 1131 1292 Ego,
1173 1199 1334 1291 qui,
1381 1199 1568 1266 sicut
1612 1217 1866 1265 omnes
1911 1195 2184 1283 sciunt,
2234 1198 2312 1265 in
2357 1194 2518 1268 foro
2550 1198 2747 1293 judi-

611 1309 881 1404 ciisque
921 1309 1019 1376 ita
1057 1315 1371 1394 verser1,
1415 1319 1498 1375 ut
1535 1301 1861 1399 ejusdem
1906 1308 2129 1377 aetatis
2165 1320 2290 1376 aut
2328 1331 2545 1380 nemo
2568 1363 2587 1394 ,
2624 1326 2749 1381 aut

608 1420 846 1515 pauci,
873 1416 1117 1514 plures
1147 1439 1392 1487 causas
1422 1410 1882 1484 defenderint
1903 1439 1922 1498 ς
1945 1427 2017 1484 et
2042 1416 2170 1510 qui
2190 1439 2409 1486 omne
2435 1431 2746 1515 tempus,

608 1526 808 1625 quod
848 1528 1026 1597 mihi
1066 1526 1157 1598 ab
1185 1527 1585 1596 amicorum
1624 1524 1931 1619 negotiis
1970 1522 2203 1613 datur,
2241 1529 2314 1596 in
2352 1525 2463 1596 his
2496 1526 2746 1598 studiis

610 1635 1127 1734 laboribusque
1171 1656 1630 1719 consumam,
1674 1657 1825 1729 quo
1861 1635 2179 1731 paratior
2224 1633 2316 1705 ad
2365 1661 2580 1706 usum
2630 1635 2745 1708 fo-

607 1773 926 1835 rensem,
959 1746 1516 1844 promptiorque
1554 1768 1705 1815 esse
1748 1745 2059 1840 possim:
2111 1758 2353 1816 tamen
2376 1800 2394 1833 ,
2437 1749 2534 1818 ita
2568 1747 2744 1820 deos

607 1859 789 1930 mihi
855 1856 1071 1926 velim
1146 1856 1503 1951 propitios
1534 1907 1553 1940 ,
1620 1867 1704 1923 ut
1773 1876 2005 1949 quum
2082 1853 2273 1924 illius
2338 1860 2685 1953 temporis
2709 1868 2741 1899 ²

609 1966 786 2037 mihi
829 1968 1024 2034 venit
1065 1964 1139 2032 in
1177 1976 1535 2052 mentem,
1573 1987 1723 2060 quo
1763 1961 1923 2051 die,
1963 1968 2178 2035 citato
2221 1991 2388 2053 re0,
2420 1967 2601 2037 mihi
2637 1968 2742 2038 di-

604 2074 920 2148 cendum
946 2076 1070 2158 sit,
1101 2098 1252 2143 non
1283 2072 1517 2145 solum
1557 2097 2022 2145 commoveor
2048 2076 2289 2145 animo
2311 2130 2332 2161 ,
2370 2077 2498 2147 sed
2527 2079 2743 2149 etiam

607 2199 767 2256 toto
797 2208 1101 2282 corpore
1133 2182 1607 2280 perhorresco
1624 2180 1677 2253 3.
1709 2188 1866 2253 Jam
1895 2208 2093 2254 nunc
2117 2199 2361 2257 mente
2390 2200 2460 2256 et
2481 2188 2745 2284 cogita-

609 2296 810 2364 tione
848 2293 1249 2390 prospicio,
1280 2317 1442 2390 quae
1475 2306 1630 2363 tum
1665 2292 1903 2363 studia
1939 2291 2315 2364 hominum
2340 2349 2360 2380 ,
2397 2297 2526 2393 qui
2563 2322 2743 2369 con-

609 2430 863 2476 cursus
879 2403 1105 2475 suturi
1123 2409 1265 2475 sint
1283 2431 1302 2490 ;
1323 2429 1517 2502 quan
1527 2419 1670 2475 tam
1694 2406 2301 2501 exspectationem
2321 2408 2740 2505 magnitudo

599 2514 851 2610 judicii
879 2515 972 2585 sit
996 2513 1326 2600 allatura3
1367 2529 1714 2611 quantam
1749 2512 2163 2585 auditorum
2203 2516 2739 2591 multitudinem

604 2633 681 2698 C.
712 2627 958 2697 Verris
992 2622 1284 2695 infamia
1315 2626 1846 2709 concitatura⁴3
1890 2639 2237 2720 quantam
2263 2625 2580 2723 denique
2609 2653 2740 2699 au-

601 2736 947 2807 dientiam
978 2736 1287 2806 orationi
1314 2760 1486 2806 meae
1515 2733 1941 2833 improbitas
1971 2734 2159 2807 illius
2189 2734 2531 2807 factura⁵.
2559 2741 2737 2828 Quae

600 2869 831 2942 quum
880 2846 1161 2940 cogito,
1202 2846 1355 2939 jam
1394 2869 1592 2915 nunc
1634 2849 1893 2931 timeo,
1942 2843 2289 2941 quidnam
2333 2870 2467 2943 pro
2504 2846 2735 2919 offen-

543 3006 558 3013 -
597 2957 799 3027 sione
846 2954 1262 3042 hominum,
1304 2956 1432 3052 qui
1475 2955 1575 3025 illi
1634 2956 1906 3025 inimici
1943 2952 2350 3051 infensique
2401 2972 2608 3040 sunt,
2665 2972 2736 3029 et

529 3134 535 3140 .
600 3068 1521 3162 exspectationeomnium,
1547 3078 1619 3134 et
1642 3063 2141 3161 magnitudine
2164 3090 2409 3135 rerum
2434 3066 2736 3165 dignum

599 3177 841 3274 eloqui
875 3178 1164 3272 possim.
1204 3177 1314 3244 Tu
1350 3172 1615 3244 horum
1659 3173 1837 3243 nihil
1882 3176 2178 3263 metuis,
2208 3177 2385 3247 nihil
2426 3183 2734 3276 cogitas,

675 3371 751 3403 ιο.
791 3354 1132 3402 Elabar-atum.
1169 3353 1419 3413 antum
1460 3361 1622 3399 autem
1712 3366 1950 3400 consensu
1977 3352 2241 3416 quidquam
2268 3366 2512 3403 mutemus
2542 3373 2642 3404 non
2671 3359 2737 3405 vi·
2790 3368 2797 3373 ·

600 3433 878 3494 elaborarit,
908 3431 1123 3480 ostendit
1157 3430 1210 3477 iu
1244 3429 1372 3477 libro
1404 3429 1465 3477 de
1498 3430 1617 3480 clar.
1712 3431 1826 3479 deo.
1871 3431 2098 3479 Ceterum
2146 3432 2197 3479 in
2248 3433 2345 3481 illis
2395 3435 2557 3483 verbis
2599 3437 2735 3486 abest

598 3513 737 3559 Orat.
755 3522 993 3559 extremo.
1709 3509 1912 3557 verbum
1932 3509 2229 3560 recordatio.

673 3591 813 3638 xm.
846 3606 893 3638 ι.
915 3590 1017 3637 Alii
1043 3586 1192 3635 codd.
1212 3602 1399 3634 versor.
1416 3588 1448 3634 J
1453 3590 1543 3637 .V.
1566 3589 1618 3636 L.
1783 3587 1833 3636 3.
1861 3588 2195 3638 Perhorresco.
2236 3592 2311 3640 De
2347 3592 2443 3640 hoc
2485 3594 2735 3643 Ciceronis

669 3685 719 3715 a.
742 3667 1000 3731 Temporis.
1024 3667 1102 3715 Sic
1125 3666 1250 3714 MSS
1273 3666 1414 3714 multi
1442 3677 1490 3714 et
1514 3667 1618 3713 Pri·
1706 3677 1842 3714 metu
1866 3667 1964 3714 vid.
1989 3667 2182 3716 cluent.
2214 3672 2305 3729 183
2331 3670 2392 3718 de
2410 3674 2547 3738 Qrat.
2570 3676 2619 3735 1,
2647 3673 2733 3723 26.

595 3750 747 3794 scinu.
767 3746 853 3793 lib.
872 3748 1044 3803 xvn,
1064 3762 1118 3809 p.
1141 3760 1287 3803 ηοω,
1316 3744 1391 3792 ed.
1412 3746 1613 3796 Putsch.
1704 3745 1834 3794 Plut.
1859 3746 1963 3796 Cic.
1986 3747 2071 3795 vit.
2102 3749 2309 3811 Quintil.
2338 3753 2460 3807 XII,
2505 3754 2551 3802 5.

596 3824 735 3872 Illius
756 3825 856 3871 diei
873 3825 1012 3872 dedit
1030 3824 1279 3872 Manutius
1294 3839 1356 3870 ex
1375 3824 1612 3886 Asconio,
1773 3833 1826 3880 4.
1864 3826 2127 3874 Comitum
2178 3828 2439 3891 legendum
2485 3831 2732 3878 existirua-

597 3920 740 3968 quem
769 3903 963 3967 sequuti
990 3914 1103 3950 sunt
1130 3901 1352 3962 Desjard.
1379 3903 1493 3951 Sch.
1515 3913 1610 3951 etc.
1650 3954 1653 3957 ,
1698 3904 1783 3953 bat
1797 3907 2081 3955 Gronovius
2097 3908 2732 3970 pateradLiv.xxxvl11,

594 3985 783 4047 Nempe
819 3980 954 4046 quod
981 3981 1033 4027 iu
1057 3982 1186 4045 Epp.
1216 3980 1278 4028 ad
1298 3982 1405 4029 Att.
1422 3982 1490 4041 11,
1518 3997 1576 4029 ια
1599 4018 1613 4041 ,
1703 3985 1786 4034 33.
1814 3986 2048 4047 Quamvis
2068 3984 2348 4034 Tullianum
2378 4003 2481 4036 esse
2508 3989 2730 4039 concita-

593 4088 620 4107 «
642 4064 744 4112 dies
768 4062 931 4110 nullus
957 4069 1057 4108 erat
1086 4075 1187 4123 quo
1223 4059 1329 4120 die,
1355 4070 1489 4107 etc.»
1513 4062 1614 4109 Cur
1700 4076 1812 4113 eura
1835 4067 2089 4113 fateretur.

589 4147 642 4192 in
664 4154 795 4192 tanto
822 4140 1240 4208 grammaticorum
1260 4140 1613 4206 MStorumque
1775 4145 1822 4191 5.
1846 4145 2053 4193 Factum
2070 4142 2134 4192 sit
2150 4143 2205 4191 iu
2221 4144 2299 4193 ed.
2316 4147 2439 4193 Veu.
