3044 4788
614 373 716 442 IN
764 373 853 460 Q.
897 359 1438 439 CAECILIUM
1488 370 2074 440 DIVINATIO.
2275 375 2412 447 223

277 496 407 591 qui
450 495 786 591 princeps
821 509 1110 562 senatus
1159 487 1332 577 fuit,
1370 488 1751 561 accusabat
1783 487 1943 560 Μ’.5
1981 491 2367 588 Aquillium
2390 551 2411 581 ‚

275 603 766 700 subscriptore
789 605 866 674 C.
893 600 1163 672 Rutilio
1192 598 1419 687 Ruf0;
1453 613 1579 670 aut
1607 624 1838 696 quum
1860 597 1975 670 Ρ.ὅ
1998 601 2374 676 Africanus
2393 662 2412 694 ‚

275 715 503 785 homo
531 715 838 799 virtute,
874 709 1200 797 fortuna,
1250 710 1511 807 gioria,
1553 707 1776 780 rebus
1811 712 2025 807 gestis
2066 713 2417 811 amplissi-

276 849 439 895 mus
458 878 478 911 ‚
508 836 980 922 posteaquam
1016 819 1131 891 bis
1160 820 1414 890 consul
1452 832 1527 889 et
1552 843 1810 890 censor
1841 817 2074 891 fuerat
2095 874 2113 906 ‚
2149 823 2229 892 L.
2251 829 2417 897 Cot-

278 952 423 1008 tam
480 939 557 1005 in
594 933 946 1032 judicium
997 931 1324 1010 vocabat.
1370 936 1539 1001 Jure
1588 944 1748 1002 tum
1798 930 2101 1003 florebat
2157 935 2415 1032 populi

278 1046 559 1116 romani
590 1032 899 1128 nomem
925 1042 1090 1137 jure
1128 1043 1513 1112 auctoritas
1556 1039 1773 1133 hujus
1816 1041 2135 1139 imperii,
2171 1044 2416 1116 civita-

279 1156 514 1253 tisque
565 1154 936 1248 majesta5‚
980 1152 1211 1250 gravis
1261 1148 1691 1221 habebatur.-
1737 1151 1971 1222 Nemo
2017 1152 2418 1227 mirabatur

282 1264 354 1333 in
410 1260 739 1334 Africano
794 1262 964 1351 illo,
1007 1259 1211 1359 quod
1268 1261 1342 1329 in
1392 1284 1507 1330 me
1553 1283 1787 1348 nune,
1839 1259 2137 1335 homine
2180 1269 2418 1361 parvis

283 1372 547 1471 opibus
573 1395 656 1443 ac
677 1369 1138 1442 facultatibus
1161 1368 1506 1468 praedito,
1544 1371 1887 1441 simulant
1904 1377 1930 1428 ⁷
1955 1397 2109 1443 sese
2137 1377 2414 1464 mirari,

285 1508 514 1580 quum
552 1454 851 1553 moleste
897 1481 1154 1552 ferant
1189 1480 1380 1569 Quid
1422 1477 1603 1551 sibi⁸
1640 1482 1772 1551 iste
1807 1481 2006 1551 vult?
2045 1500 2414 1585 accusato-

286 1619 537 1665 remne
564 1617 639 1663 se
669 1594 1087 1680 existimari,
1116 1593 1242 1688 qui
1264 1603 1473 1661 antea
1492 1587 1883 1662 defendere
1908 1579 2414 1685 consueverat3

289 1728 485 1775 nunc
516 1707 936 1800 praesertim,
965 1726 1047 1774 ea
1080 1703 1229 1797 jam
1262 1716 1469 1773 aetate
1485 1710 1543 1789 9,
1581 1723 1811 1799 quum
1847 1701 2253 1776 aedilitatem
2286 1727 2413 1805 pe-

289 1814 430 1884 tat?
461 1817 610 1910 Ego
640 1829 810 1884 vero
840 1814 1061 1884 aetatis
1089 1835 1237 1883 non
1273 1811 1495 1882 modo
1529 1836 1742 1899 meae,
1771 1812 1898 1884 sed
1932 1814 2163 1885 multo
2201 1817 2417 1889 etiam

286 1921 710 2020 superioris,
754 1937 827 1994 et
869 1923 1169 1994 honoris
1206 1921 1695 2020 amplissimi¹⁰
1733 1937 1912 2020 puto
1953 1946 2146 2012 esse,
2188 1942 2260 1998 et
2298 1951 2416 2000 ac·

287 2052 531 2106 cusare
566 2029 965 2133 improbos,
980 2048 1052 2105 et
1073 2037 1368 2104 miseros
1387 2034 1989 2130 calamitososque
2008 2033 2414 2111 defendere.

287 2150 375 2216 Et
408 2143 803 2243 profecto¹¹
829 2159 956 2216 aut
992 2145 1133 2215 hoc
1169 2142 1573 2215 remedium
1603 2158 1712 2215 est
1749 2159 2027 2240 aegrotae
2067 2161 2149 2216 ac
2186 2167 2418 2248 prope

359 2351 408 2399 5.
446 2351 534 2400 Μ’.
577 2348 866 2417 Aquillium.
902 2348 1300 2417 Repetnndamm
1390 2348 1577 2397 bomini
1606 2349 1767 2413 parvis
1802 2349 1981 2414 opibus
2013 2367 2071 2401 sc
2105 2352 2417 2403 facultatibus

287 2445 439 2488 reum,
461 2441 647 2495 patrem
668 2432 772 2491 ejus
793 2447 935 2494 quem
963 2433 1039 2478 Μ.
1056 2429 1303 2478 Antonius
1389 2428 1637 2493 praedito?

288 2519 453 2557 orator
481 2509 726 2568 defendit3
762 2508 823 2558 de
850 2524 950 2573 qno
976 2506 1077 2555 vid.
1096 2498 1308 2564 'Veri-N,
1465 2502 1513 2554 8.
1538 2506 1672 2569 Quid
1685 2506 1791 2555 sibi.
1828 2507 2146 2581 Adversas-ios
2163 2510 2421 2576 loquentes

298 2605 317 2634 ι
328 2588 383 2641 33
400 2586 462 2635 de
474 2590 607 2635 Orat.
619 2590 687 2645 11,
703 2594 763 2648 47
774 2622 787 2635 .
803 2582 892 2636 Μ’.
904 2586 1150 2652 Aquinius
1171 2592 1307 2649 pater
1393 2582 1604 2635 inducit.

289 2666 463 2713 consul
476 2667 566 2713 fuit
582 2682 665 2715 an.
680 2668 810 2721 624:
836 2681 936 2730 quo
954 2681 1083 2714 anno
1103 2654 1161 2713 Ρ.
1176 2663 1307 2711 Afri·

288 2763 441 2793 canus
459 2746 618 2793 minor
634 2746 905 2793 exstinctus
921 2756 1008 2793 est.

363 2826 414 2876 6.
429 2828 483 2874 P.
498 2822 782 2889 Africanus.
798 2825 982 2886 Minor,
997 2824 1153 2874 raum
1162 2823 1310 2871 AEmi·

289 2903 345 2953 lii
384 2903 516 2952 filius
536 2939 550 2962 ‚
597 2903 976 2969 repetundarum
1021 2907 1075 2951 L.
1119 2906 1311 2953 Cottam

293 2983 511 3047 privatus
534 2985 802 3043 accnuvit3
831 2985 917 3046 qui
936 2983 1190 3031 absolutus
1215 2992 1313 3043 est,

294 3078 357 3109 ne
398 3063 522 3110 tanti
555 3062 816 3110 adversarii
850 3064 1075 3127 potentia
1112 3077 1314 3126 oppres-

294 3152 379 3188 sus
413 3140 560 3188 fixisse
595 3141 855 3191 videretur.
907 3144 1005 3190 Pro
1042 3146 1171 3193 Mur.
1205 3154 1315 3203 onp-

300 3220 383 3267 28.
425 3221 564 3267 Brut.
591 3236 699 3284 cap.
730 3237 817 3272 αι.
846 3221 1004 3269 Tacit.
1044 3222 1176 3269 Anu.
1210 3221 1316 3277 111,

296 3298 400 3360 66,
440 3308 487 3347 et
513 3300 673 3347 Valet.
704 3301 909 3351 Maxim.
930 3302 1053 3349 vm
1073 3333 1089 3359 ‚
1136 3312 1155 3347 ι
1175 3333 1191 3355 ‚
1236 3314 1316 3346 ιι.

297 3380 456 3425 Porro
481 3378 625 3427 Cotta
655 3378 737 3425 ine
758 3379 1075 3442 significatur,
1095 3377 1182 3441 qui
1202 3376 1318 3423 sde⁴

297 3468 414 3520 ptus
476 3469 548 3505 est
594 3459 898 3509 consulatum
941 3459 1154 3508 triennio
1204 3464 1318 3521 post

296 3537 542 3600 Scipionis
579 3549 782 3587 mortem
801 3572 818 3598 ‚
858 3550 908 3588 et
942 3555 1136 3587 causam
1183 3532 1315 3584 illam

295 3616 671 3680 repetundarum
704 3617 856 3677 dixit,
895 3618 1180 3683 praetorius,
1214 3630 1319 3663 non

295 3695 592 3755 consularis,
621 3704 678 3744 nt
704 3697 955 3761 plerique,
992 3711 1098 3744 non
1133 3704 1318 3743 servata

296 3775 529 3839 temporis
552 3775 767 3837 ratione,
785 3777 1142 3823 existimarunt.
1165 3779 1318 3822 Fun.

371 3871 396 3914 7
407 3889 419 3900 .
432 3854 687 3902 Simulum.
705 3855 820 3903 Non
839 3855 1094 3911 mirantur,
1111 3852 1196 3900 sed
1209 3851 1322 3899 ideo

298 3933 461 3980 mir-ri
493 3950 544 3980 se
578 3934 838 3992 simulant,
867 3933 982 3996 quia
1016 3930 1217 3979 moleste
1254 3930 1321 3976 se·

298 4022 413 4059 runt
435 4026 448 4060 :
475 4028 563 4060 cur
587 4024 747 4061 nutem
771 4012 909 4077 quod
923 4011 1178 4069 Africano,
1197 4025 1324 4056 sum-

303 4105 388 4137 mo
412 4091 543 4149 viro,
571 4092 737 4150 licuit,
776 4092 828 4138 id
871 4090 988 4138 mihi
1014 4105 1117 4138 non
1140 4090 1283 4137 liceat
1307 4122 1323 4148 ,

1467 2681 1520 2728 9.
1543 2666 1623 2711 Ea
1638 2662 1753 2728 jam
1780 2677 1941 2714 oetaee.
1963 2668 2073 2714 Hoc
2101 2667 2295 2728 dieitur,
2313 2687 2417 2720 non

1397 2742 1511 2808 quia
1537 2754 1678 2792 aetate
1697 2742 1962 2793 admodum
1979 2744 2149 2809 grandi
2169 2757 2287 2795 tune
2310 2750 2420 2798 sue-

1399 2824 1466 2871 rit
1495 2822 1712 2880 Tullius,
1744 2838 1899 2871 annos
1934 2835 2122 2873 tantum
2156 2835 2300 2875 nstns'
2324 2828 2420 2892 373

1400 2901 1487 2950 sed
1518 2902 1633 2965 quia
1668 2916 1796 2960 non,
1831 2902 1927 2951 nisi
1960 2904 2014 2951 in
2059 2904 2382 2956 adolescentis
2405 2942 2424 2970 ‚

1400 2981 1623 3029 solebant
1668 2998 1921 3039 accusatu
1959 3000 2106 3047 qnam
2141 2985 2423 3035 adolescen-

1401 3061 1515 3107 tiam
1571 3062 1744 3108 Cicero
1790 3064 1843 3109 in
1896 3061 2214 3112 defendendis
2256 3068 2426 3115 amicis

1402 3150 1714 3204 transegerat.
2050 3140 2059 3149 '

1482 3235 1559 3268 10.
1571 3220 1780 3268 Honoris
1793 3220 2092 3283 amplissimi.
2114 3222 2426 3272 Consulatus.

1404 3299 1697 3359 Obiecersnt
1739 3294 1998 3348 adversarii
2041 3316 2144 3349 non
2186 3313 2316 3350 recte
2366 3303 2430 3352 sd

1404 3381 1761 3427 accusationem
1787 3379 2078 3428 descendere
2100 3381 2386 3430 Ciceronem
2411 3394 2427 3442 ς

1405 3459 1672 3522 prasertim
1728 3475 1881 3522 quum
1934 3458 2210 3507 aedilitatem
2279 3468 2431 3524 petat.

1404 3538 1716 3601 Respondet,
1759 3554 1858 3586 non
1899 3538 2053 3586 aedilis
2088 3538 2250 3587 solum
2288 3554 2427 3601 esse,

1406 3616 1492 3664 sed
1527 3627 1577 3665 et
1613 3614 1859 3677 consulis,
1900 3630 2125 3666 accusare
2155 3620 2426 3684 improbos.

1485 3712 1504 3742 1
1520 3712 1565 3743 1.
1593 3698 1660 3743 Et
1669 3694 1914 3760 profecto.
1943 3700 2209 3762 Postquam
2229 3688 2432 3763 precli·

1408 3774 1590 3822 rissims
1612 3784 1886 3839 temporum
1900 3786 2115 3824 veterum
2136 3776 2436 3836 laudatione,

1409 3869 1588 3903 nomen
1621 3870 1761 3903 snum
1791 3868 1905 3903 cum
1931 3857 2154 3904 maximis
2182 3858 2322 3915 viris,
2346 3860 2434 3921 qni

1408 3951 1635 3983 accusare
1657 3951 1760 3982 non
1787 3935 2132 3994 detrectarunt,
2150 3937 2298 3984 veluti
2317 3952 2435 3984 eon·

1410 4015 1642 4072 sociavit,
1676 4013 1801 4061 illud
1827 4015 1972 4062 etism
1999 4015 2063 4062 ad
2086 4016 2206 4078 reip.
2226 4016 2438 4084 Lsalutem

1412 4093 1651 4156 pertinere
1671 4091 1987 4141 demonstrat.
