<?xml version="1.0" encoding="UTF-8"?>
<!DOCTYPE html PUBLIC "-//W3C//DTD XHTML 1.0 Transitional//EN"
    "http://www.w3.org/TR/xhtml1/DTD/xhtml1-transitional.dtd">
<html xmlns="http://www.w3.org/1999/xhtml" xml:lang="en" lang="en">
 <head>
  <title>
</title>
<meta http-equiv="Content-Type" content="text/html;charset=utf-8" />
  <meta name='ocr-system' content='tesseract 3.04.00' />
  <meta name='ocr-capabilities' content='ocr_page ocr_carea ocr_par ocr_line ocrx_word'/>
</head>
<body>
  <div class='ocr_page' id='page_1' title='image "./mtciceronisquae09lemagoog/mtciceronisquae09lemagoog_0345.png"; bbox 0 0 3044 4788; ppageno 0'>
   <div class='ocr_carea' id='block_1_1' title="bbox 642 436 2432 526">
    <p class='ocr_par' dir='ltr' id='par_1_1' title="bbox 642 436 2432 526">
     <span class='ocr_line' id='line_1_1' title="bbox 642 436 2432 526; baseline 0.002 -15"><span class='ocrx_word' id='word_1_1' title='bbox 642 442 756 511; x_wconf 90' lang='lat' dir='ltr'><strong>IN</strong></span> <span class='ocrx_word' id='word_1_2' title='bbox 805 440 1236 509; x_wconf 86' lang='lat' dir='ltr'>VERREM</span> <span class='ocrx_word' id='word_1_3' title='bbox 1288 436 1505 508; x_wconf 89' lang='lat' dir='ltr'><strong>ACT.</strong></span> <span class='ocrx_word' id='word_1_4' title='bbox 1551 441 1664 526; x_wconf 90' lang='grc' dir='ltr'><strong>ΙΙ,</strong></span> <span class='ocrx_word' id='word_1_5' title='bbox 1717 441 1899 511; x_wconf 83' lang='lat' dir='ltr'><strong>LIB.</strong></span> <span class='ocrx_word' id='word_1_6' title='bbox 1952 443 2008 510; x_wconf 93' lang='lat'><strong>1.</strong></span> <span class='ocrx_word' id='word_1_7' title='bbox 2260 440 2432 513; x_wconf 56' lang='lat'><strong>305*</strong></span> 
     </span>
    </p>
   </div>
   <div class='ocr_carea' id='block_1_2' title="bbox 266 561 2426 3182">
    <p class='ocr_par' dir='ltr' id='par_1_2' title="bbox 267 561 2405 991">
     <span class='ocr_line' id='line_1_2' title="bbox 267 561 2399 691; baseline -0.001 -51"><span class='ocrx_word' id='word_1_8' title='bbox 267 581 562 665; x_wconf 86' lang='lat' dir='ltr'><strong>petuam</strong></span> <span class='ocrx_word' id='word_1_9' title='bbox 598 564 1134 636; x_wconf 84' lang='lat' dir='ltr'><strong>accusationem</strong></span> <span class='ocrx_word' id='word_1_10' title='bbox 1169 561 1598 657; x_wconf 87' lang='lat' dir='ltr'><strong>requireret.</strong></span> <span class='ocrx_word' id='word_1_11' title='bbox 1655 566 1856 660; x_wconf 88' lang='lat' dir='ltr'><strong>Nego</strong></span> <span class='ocrx_word' id='word_1_12' title='bbox 1889 575 1956 609; x_wconf 84' lang='lat'><strong>¹⁰</strong></span> <span class='ocrx_word' id='word_1_13' title='bbox 1992 589 2147 637; x_wconf 87' lang='lat' dir='ltr'><strong>esse</strong></span> <span class='ocrx_word' id='word_1_14' title='bbox 2185 565 2399 691; x_wconf 83' lang='lat' dir='ltr'><strong>quid-</strong></span> 
     </span>
     <span class='ocr_line' id='line_1_3' title="bbox 269 670 2402 800; baseline 0 -54"><span class='ocrx_word' id='word_1_15' title='bbox 269 700 488 774; x_wconf 88' lang='lat' dir='ltr'><strong>quam</strong></span> <span class='ocrx_word' id='word_1_16' title='bbox 524 700 564 744; x_wconf 91' lang='lat' dir='ltr'><strong>a</strong></span> <span class='ocrx_word' id='word_1_17' title='bbox 616 671 921 744; x_wconf 88' lang='lat' dir='ltr'><strong>testibus</strong></span> <span class='ocrx_word' id='word_1_18' title='bbox 958 671 1271 758; x_wconf 88' lang='lat' dir='ltr'><strong>dictum,</strong></span> <span class='ocrx_word' id='word_1_19' title='bbox 1324 670 1526 766; x_wconf 89' lang='lat' dir='ltr'><strong>quod</strong></span> <span class='ocrx_word' id='word_1_20' title='bbox 1569 688 1693 743; x_wconf 89' lang='lat' dir='ltr'><strong>aut</strong></span> <span class='ocrx_word' id='word_1_21' title='bbox 1721 688 2054 745; x_wconf 87' lang='lat' dir='ltr'><strong>vestrum</strong></span> <span class='ocrx_word' id='word_1_22' title='bbox 2093 677 2402 800; x_wconf 87' lang='lat' dir='ltr'><strong>cuipiam</strong></span> 
     </span>
     <span class='ocr_line' id='line_1_4' title="bbox 269 760 2405 881; baseline 0.001 -25"><span class='ocrx_word' id='word_1_23' title='bbox 269 798 456 856; x_wconf 89' lang='lat' dir='ltr'><strong>esset</strong></span> <span class='ocrx_word' id='word_1_24' title='bbox 489 782 914 871; x_wconf 86' lang='lat' dir='ltr'><strong>obscurum,</strong></span> <span class='ocrx_word' id='word_1_25' title='bbox 948 795 1073 851; x_wconf 89' lang='lat' dir='ltr'><strong>aut</strong></span> <span class='ocrx_word' id='word_1_26' title='bbox 1104 780 1216 874; x_wconf 89' lang='lat' dir='ltr'><strong>cuj</strong></span> <span class='ocrx_word' id='word_1_27' title='bbox 1229 803 1533 876; x_wconf 88' lang='lat' dir='ltr'><strong>usquam</strong></span> <span class='ocrx_word' id='word_1_28' title='bbox 1569 784 1876 854; x_wconf 88' lang='lat' dir='ltr'><strong>oratoris</strong></span> <span class='ocrx_word' id='word_1_29' title='bbox 1914 760 2405 881; x_wconf 77' lang='lat' dir='ltr'><strong>eloquentiam</strong></span> 
     </span>
     <span class='ocr_line' id='line_1_5' title="bbox 268 907 639 991; baseline -0.003 -28"><span class='ocrx_word' id='word_1_30' title='bbox 268 907 639 991; x_wconf 78' lang='lat' dir='ltr'><strong>quaereret.</strong></span> 
     </span>
    </p>

    <p class='ocr_par' dir='ltr' id='par_1_3' title="bbox 266 994 2426 3182">
     <span class='ocr_line' id='line_1_6' title="bbox 364 994 2402 1099; baseline 0.003 -26"><span class='ocrx_word' id='word_1_31' title='bbox 364 1006 487 1073; x_wconf 90' lang='lat' dir='ltr'><strong>XI.</strong></span> <span class='ocrx_word' id='word_1_32' title='bbox 548 1002 833 1073; x_wconf 86' lang='lat' dir='ltr'><strong>Etenim</strong></span> <span class='ocrx_word' id='word_1_33' title='bbox 872 1001 972 1072; x_wconf 90' lang='lat' dir='ltr'><strong>sic</strong></span> <span class='ocrx_word' id='word_1_34' title='bbox 1017 1024 1134 1071; x_wconf 89' lang='lat' dir='ltr'><strong>me</strong></span> <span class='ocrx_word' id='word_1_35' title='bbox 1171 1001 1412 1098; x_wconf 90' lang='lat' dir='ltr'><strong>ipsum</strong></span> <span class='ocrx_word' id='word_1_36' title='bbox 1446 1004 1674 1099; x_wconf 85' lang='lat' dir='ltr'><strong>egisse</strong></span> <span class='ocrx_word' id='word_1_37' title='bbox 1715 1007 2062 1077; x_wconf 90' lang='lat' dir='ltr'><strong>memoria</strong></span> <span class='ocrx_word' id='word_1_38' title='bbox 2095 994 2358 1080; x_wconf 80' lang='lat' dir='ltr'><strong>tenetis</strong></span> <span class='ocrx_word' id='word_1_39' title='bbox 2383 1064 2402 1096; x_wconf 94' lang='lat'>‚</span> 
     </span>
     <span class='ocr_line' id='line_1_7' title="bbox 266 1108 2407 1216; baseline 0.004 -33"><span class='ocrx_word' id='word_1_40' title='bbox 266 1124 352 1183; x_wconf 90' lang='lat' dir='ltr'><strong>ut</strong></span> <span class='ocrx_word' id='word_1_41' title='bbox 393 1112 471 1181; x_wconf 90' lang='lat' dir='ltr'><strong>iu</strong></span> <span class='ocrx_word' id='word_1_42' title='bbox 513 1109 821 1182; x_wconf 90' lang='lat' dir='ltr'><strong>testibus</strong></span> <span class='ocrx_word' id='word_1_43' title='bbox 854 1108 1382 1206; x_wconf 87' lang='lat' dir='ltr'><strong>interrogandis</strong></span> <span class='ocrx_word' id='word_1_44' title='bbox 1418 1112 1665 1182; x_wconf 90' lang='lat' dir='ltr'><strong>omnia</strong></span> <span class='ocrx_word' id='word_1_45' title='bbox 1702 1114 2001 1186; x_wconf 89' lang='lat' dir='ltr'><strong>crimina</strong></span> <span class='ocrx_word' id='word_1_46' title='bbox 2038 1141 2407 1216; x_wconf 86' lang='lat' dir='ltr'><strong>propone·</strong></span> 
     </span>
     <span class='ocr_line' id='line_1_8' title="bbox 268 1218 2409 1317; baseline 0.003 -25"><span class='ocrx_word' id='word_1_47' title='bbox 268 1246 421 1292; x_wconf 87' lang='lat' dir='ltr'><strong>rem</strong></span> <span class='ocrx_word' id='word_1_48' title='bbox 447 1275 467 1309; x_wconf 93' lang='lat'><strong>,</strong></span> <span class='ocrx_word' id='word_1_49' title='bbox 518 1234 591 1291; x_wconf 87' lang='lat' dir='ltr'><strong>et</strong></span> <span class='ocrx_word' id='word_1_50' title='bbox 630 1218 1117 1317; x_wconf 82' lang='lat' dir='ltr'><strong>explicarem,</strong></span> <span class='ocrx_word' id='word_1_51' title='bbox 1153 1233 1273 1309; x_wconf 88' lang='lat' dir='ltr'><strong>ut,</strong></span> <span class='ocrx_word' id='word_1_52' title='bbox 1322 1244 1553 1316; x_wconf 88' lang='lat' dir='ltr'><strong>quum</strong></span> <span class='ocrx_word' id='word_1_53' title='bbox 1590 1241 1746 1292; x_wconf 89' lang='lat' dir='ltr'><strong>rem</strong></span> <span class='ocrx_word' id='word_1_54' title='bbox 1783 1236 2009 1294; x_wconf 87' lang='lat' dir='ltr'><strong>totam</strong></span> <span class='ocrx_word' id='word_1_55' title='bbox 2055 1227 2129 1295; x_wconf 89' lang='lat' dir='ltr'><strong>in</strong></span> <span class='ocrx_word' id='word_1_56' title='bbox 2166 1226 2409 1299; x_wconf 88' lang='lat' dir='ltr'><strong>medio</strong></span> 
     </span>
     <span class='ocr_line' id='line_1_9' title="bbox 268 1327 2411 1431; baseline 0.003 -30"><span class='ocrx_word' id='word_1_57' title='bbox 268 1332 813 1429; x_wconf 84' lang='lat' dir='ltr'><strong>proposuissem</strong></span> <span class='ocrx_word' id='word_1_58' title='bbox 832 1383 851 1416; x_wconf 90' lang='lat'><strong>,</strong></span> <span class='ocrx_word' id='word_1_59' title='bbox 877 1343 1034 1401; x_wconf 90' lang='lat' dir='ltr'><strong>tum</strong></span> <span class='ocrx_word' id='word_1_60' title='bbox 1067 1327 1384 1426; x_wconf 91' lang='lat' dir='ltr'><strong>denique</strong></span> <span class='ocrx_word' id='word_1_61' title='bbox 1418 1343 1676 1402; x_wconf 86' lang='lat' dir='ltr'><strong>testem</strong></span> <span class='ocrx_word' id='word_1_62' title='bbox 1703 1332 2238 1431; x_wconf 82' lang='lat' dir='ltr'><strong>interrogarem.</strong></span> <span class='ocrx_word' id='word_1_63' title='bbox 2270 1339 2411 1407; x_wconf 90' lang='lat' dir='ltr'><strong>Ita-</strong></span> 
     </span>
     <span class='ocr_line' id='line_1_10' title="bbox 273 1437 2415 1538; baseline 0.003 -27"><span class='ocrx_word' id='word_1_64' title='bbox 273 1465 419 1538; x_wconf 88' lang='lat' dir='ltr'><strong>que</strong></span> <span class='ocrx_word' id='word_1_65' title='bbox 460 1466 613 1511; x_wconf 91' lang='lat' dir='ltr'><strong>non</strong></span> <span class='ocrx_word' id='word_1_66' title='bbox 651 1437 872 1511; x_wconf 92' lang='lat' dir='ltr'><strong>modo</strong></span> <span class='ocrx_word' id='word_1_67' title='bbox 916 1464 1077 1526; x_wconf 68' lang='lat' dir='ltr'><strong>vm,</strong></span> <span class='ocrx_word' id='word_1_68' title='bbox 1123 1438 1392 1535; x_wconf 89' lang='lat' dir='ltr'><strong>quibus</strong></span> <span class='ocrx_word' id='word_1_69' title='bbox 1445 1454 1553 1510; x_wconf 86' lang='lat' dir='ltr'><strong>est</strong></span> <span class='ocrx_word' id='word_1_70' title='bbox 1598 1440 2109 1535; x_wconf 85' lang='lat' dir='ltr'><strong>judicandum,</strong></span> <span class='ocrx_word' id='word_1_71' title='bbox 2165 1461 2415 1518; x_wconf 87' lang='lat' dir='ltr'><strong>nostra</strong></span> 
     </span>
     <span class='ocr_line' id='line_1_11' title="bbox 275 1547 2414 1646; baseline 0.003 -26"><span class='ocrx_word' id='word_1_72' title='bbox 275 1552 605 1621; x_wconf 86' lang='lat' dir='ltr'><strong>crimina¹</strong></span> <span class='ocrx_word' id='word_1_73' title='bbox 649 1551 905 1620; x_wconf 87' lang='lat' dir='ltr'><strong>tenetis</strong></span> <span class='ocrx_word' id='word_1_74' title='bbox 927 1603 947 1637; x_wconf 90' lang='lat'><strong>,</strong></span> <span class='ocrx_word' id='word_1_75' title='bbox 1004 1547 1130 1620; x_wconf 87' lang='lat' dir='ltr'><strong>sed</strong></span> <span class='ocrx_word' id='word_1_76' title='bbox 1183 1549 1397 1619; x_wconf 90' lang='lat' dir='ltr'><strong>etiam</strong></span> <span class='ocrx_word' id='word_1_77' title='bbox 1443 1548 1765 1646; x_wconf 89' lang='lat' dir='ltr'><strong>populus</strong></span> <span class='ocrx_word' id='word_1_78' title='bbox 1797 1575 2144 1625; x_wconf 86' lang='lat' dir='ltr'><strong>romanus</strong></span> <span class='ocrx_word' id='word_1_79' title='bbox 2187 1569 2414 1626; x_wconf 89' lang='lat' dir='ltr'><strong>totam</strong></span> 
     </span>
     <span class='ocr_line' id='line_1_12' title="bbox 280 1660 2415 1756; baseline 0.002 -25"><span class='ocrx_word' id='word_1_80' title='bbox 280 1660 808 1731; x_wconf 88' lang='lat' dir='ltr'><strong>accusationem</strong></span> <span class='ocrx_word' id='word_1_81' title='bbox 829 1682 1262 1755; x_wconf 85' lang='lat' dir='ltr'><strong>causamque</strong></span> <span class='ocrx_word' id='word_1_82' title='bbox 1291 1661 1633 1756; x_wconf 88' lang='lat' dir='ltr'><strong>cognovit</strong></span> <span class='ocrx_word' id='word_1_83' title='bbox 1658 1685 1675 1728; x_wconf 75' lang='lat' dir='ltr'><strong><em>z</em></strong></span> <span class='ocrx_word' id='word_1_84' title='bbox 1709 1663 1994 1732; x_wconf 87' lang='lat' dir='ltr'><strong>tametsi</strong></span> <span class='ocrx_word' id='word_1_85' title='bbox 2020 1662 2118 1733; x_wconf 87' lang='lat' dir='ltr'><strong>ita</strong></span> <span class='ocrx_word' id='word_1_86' title='bbox 2134 1660 2224 1733; x_wconf 92' lang='lat' dir='ltr'><strong>de</strong></span> <span class='ocrx_word' id='word_1_87' title='bbox 2245 1688 2415 1736; x_wconf 88' lang='lat' dir='ltr'><strong>meo</strong></span> 
     </span>
     <span class='ocr_line' id='line_1_13' title="bbox 281 1765 2415 1867; baseline 0 -26"><span class='ocrx_word' id='word_1_88' title='bbox 281 1769 473 1841; x_wconf 89' lang='lat' dir='ltr'><strong>facto</strong></span> <span class='ocrx_word' id='word_1_89' title='bbox 515 1769 801 1867; x_wconf 90' lang='lat' dir='ltr'><strong>loquor,</strong></span> <span class='ocrx_word' id='word_1_90' title='bbox 857 1768 1066 1867; x_wconf 90' lang='lat' dir='ltr'><strong>quasi</strong></span> <span class='ocrx_word' id='word_1_91' title='bbox 1112 1791 1248 1865; x_wconf 85' lang='lat' dir='ltr'><strong>ego</strong></span> <span class='ocrx_word' id='word_1_92' title='bbox 1292 1765 1472 1838; x_wconf 90' lang='lat' dir='ltr'><strong>illud</strong></span> <span class='ocrx_word' id='word_1_93' title='bbox 1519 1791 1683 1840; x_wconf 88' lang='lat' dir='ltr'><strong>mea</strong></span> <span class='ocrx_word' id='word_1_94' title='bbox 1717 1768 2091 1842; x_wconf 84' lang='lat' dir='ltr'><strong>voluntate</strong></span> <span class='ocrx_word' id='word_1_95' title='bbox 2132 1774 2415 1867; x_wconf 89' lang='lat' dir='ltr'><strong>potius,</strong></span> 
     </span>
     <span class='ocr_line' id='line_1_14' title="bbox 280 1875 2417 1978; baseline 0.002 -29"><span class='ocrx_word' id='word_1_96' title='bbox 280 1904 500 1976; x_wconf 88' lang='lat' dir='ltr'><strong>quam</strong></span> <span class='ocrx_word' id='word_1_97' title='bbox 533 1894 767 1950; x_wconf 87' lang='lat' dir='ltr'><strong>vestra</strong></span> <span class='ocrx_word' id='word_1_98' title='bbox 793 1878 891 1972; x_wconf 89' lang='lat' dir='ltr'><strong>inj</strong></span> <span class='ocrx_word' id='word_1_99' title='bbox 903 1879 1100 1949; x_wconf 81' lang='lat' dir='ltr'><strong>uria²</strong></span> <span class='ocrx_word' id='word_1_100' title='bbox 1129 1875 1488 1948; x_wconf 88' lang='lat' dir='ltr'><strong>adductus</strong></span> <span class='ocrx_word' id='word_1_101' title='bbox 1509 1875 1825 1949; x_wconf 89' lang='lat' dir='ltr'><strong>fecerim.</strong></span> <span class='ocrx_word' id='word_1_102' title='bbox 1849 1878 2417 1978; x_wconf 79' lang='lat' dir='ltr'><strong>Interposuistis³</strong></span> 
     </span>
     <span class='ocr_line' id='line_1_15' title="bbox 281 1986 2415 2085; baseline 0 -25"><span class='ocrx_word' id='word_1_103' title='bbox 281 2003 808 2077; x_wconf 85' lang='lat' dir='ltr'><strong>accusatorem,</strong></span> <span class='ocrx_word' id='word_1_104' title='bbox 833 1988 999 2084; x_wconf 91' lang='lat' dir='ltr'><strong>qui,</strong></span> <span class='ocrx_word' id='word_1_105' title='bbox 1033 2010 1265 2084; x_wconf 89' lang='lat' dir='ltr'><strong>quum</strong></span> <span class='ocrx_word' id='word_1_106' title='bbox 1300 2011 1434 2085; x_wconf 84' lang='lat' dir='ltr'><strong>ego</strong></span> <span class='ocrx_word' id='word_1_107' title='bbox 1461 1986 1643 2057; x_wconf 90' lang='lat' dir='ltr'><strong>mihi</strong></span> <span class='ocrx_word' id='word_1_108' title='bbox 1673 2013 1714 2059; x_wconf 91' lang='lat' dir='ltr'><strong>c</strong></span> <span class='ocrx_word' id='word_1_109' title='bbox 1742 2001 1816 2058; x_wconf 89' lang='lat' dir='ltr'><strong>et</strong></span> <span class='ocrx_word' id='word_1_110' title='bbox 1849 2014 1897 2057; x_wconf 86' lang='lat' dir='ltr'>x</span> <span class='ocrx_word' id='word_1_111' title='bbox 1923 1987 2075 2060; x_wconf 90' lang='lat' dir='ltr'><strong>dies</strong></span> <span class='ocrx_word' id='word_1_112' title='bbox 2112 1989 2306 2061; x_wconf 92' lang='lat' dir='ltr'><strong>solos</strong></span> <span class='ocrx_word' id='word_1_113' title='bbox 2336 1992 2415 2060; x_wconf 90' lang='lat' dir='ltr'><strong>in</strong></span> 
     </span>
     <span class='ocr_line' id='line_1_16' title="bbox 280 2095 2415 2197; baseline 0.002 -30"><span class='ocrx_word' id='word_1_114' title='bbox 280 2096 587 2167; x_wconf 89' lang='lat' dir='ltr'><strong>Siciliam</strong></span> <span class='ocrx_word' id='word_1_115' title='bbox 625 2096 1137 2195; x_wconf 84' lang='lat' dir='ltr'><strong>postulassem,</strong></span> <span class='ocrx_word' id='word_1_116' title='bbox 1170 2120 1211 2166; x_wconf 91' lang='lat' dir='ltr'><strong>c</strong></span> <span class='ocrx_word' id='word_1_117' title='bbox 1248 2110 1324 2167; x_wconf 92' lang='lat' dir='ltr'><strong>et</strong></span> <span class='ocrx_word' id='word_1_118' title='bbox 1357 2119 1485 2165; x_wconf 87' lang='lat' dir='ltr'>v111</span> <span class='ocrx_word' id='word_1_119' title='bbox 1525 2095 1663 2168; x_wconf 89' lang='lat' dir='ltr'><strong>sibi</strong></span> <span class='ocrx_word' id='word_1_120' title='bbox 1691 2101 1767 2167; x_wconf 89' lang='lat' dir='ltr'><strong>iu</strong></span> <span class='ocrx_word' id='word_1_121' title='bbox 1791 2097 2132 2169; x_wconf 88' lang='lat' dir='ltr'><strong>Achaiam</strong></span> <span class='ocrx_word' id='word_1_122' title='bbox 2156 2113 2415 2197; x_wconf 90' lang='lat' dir='ltr'><strong>postu-</strong></span> 
     </span>
     <span class='ocr_line' id='line_1_17' title="bbox 280 2207 2422 2305; baseline 0 -28"><span class='ocrx_word' id='word_1_123' title='bbox 280 2207 476 2277; x_wconf 88' lang='lat' dir='ltr'><strong>laret.</strong></span> <span class='ocrx_word' id='word_1_124' title='bbox 501 2210 787 2278; x_wconf 88' lang='lat' dir='ltr'><strong>Menses</strong></span> <span class='ocrx_word' id='word_1_125' title='bbox 807 2207 984 2276; x_wconf 90' lang='lat' dir='ltr'><strong>mihi</strong></span> <span class='ocrx_word' id='word_1_126' title='bbox 1010 2220 1155 2277; x_wconf 87' lang='lat' dir='ltr'><strong>tres</strong></span> <span class='ocrx_word' id='word_1_127' title='bbox 1172 2210 1203 2259; x_wconf 73' lang='lat'>⁴</span> <span class='ocrx_word' id='word_1_128' title='bbox 1231 2230 1464 2301; x_wconf 91' lang='lat' dir='ltr'><strong>quum</strong></span> <span class='ocrx_word' id='word_1_129' title='bbox 1485 2207 1924 2304; x_wconf 89' lang='lat' dir='ltr'><strong>eripuissetis</strong></span> <span class='ocrx_word' id='word_1_130' title='bbox 1949 2208 2037 2278; x_wconf 92' lang='lat' dir='ltr'><strong>ad</strong></span> <span class='ocrx_word' id='word_1_131' title='bbox 2060 2207 2422 2305; x_wconf 87' lang='lat' dir='ltr'><strong>agendum</strong></span> 
     </span>
     <span class='ocr_line' id='line_1_18' title="bbox 285 2313 2418 2416; baseline 0.001 -29"><span class='ocrx_word' id='word_1_132' title='bbox 285 2320 592 2388; x_wconf 80' lang='lat' dir='ltr'><strong>maxime</strong></span> <span class='ocrx_word' id='word_1_133' title='bbox 609 2317 977 2416; x_wconf 87' lang='lat' dir='ltr'><strong>appositos</strong></span> <span class='ocrx_word' id='word_1_134' title='bbox 989 2313 1045 2405; x_wconf 83' lang='lat'><strong>⁵,</strong></span> <span class='ocrx_word' id='word_1_135' title='bbox 1060 2314 1429 2413; x_wconf 90' lang='lat' dir='ltr'><strong>reliquum</strong></span> <span class='ocrx_word' id='word_1_136' title='bbox 1449 2340 1668 2386; x_wconf 90' lang='lat' dir='ltr'><strong>omne</strong></span> <span class='ocrx_word' id='word_1_137' title='bbox 1687 2330 1983 2414; x_wconf 88' lang='lat' dir='ltr'><strong>tempus</strong></span> <span class='ocrx_word' id='word_1_138' title='bbox 2003 2316 2226 2412; x_wconf 88' lang='lat' dir='ltr'><strong>hujus</strong></span> <span class='ocrx_word' id='word_1_139' title='bbox 2244 2322 2418 2389; x_wconf 87' lang='lat' dir='ltr'><strong>anni</strong></span> 
     </span>
     <span class='ocr_line' id='line_1_19' title="bbox 285 2424 2423 2523; baseline 0.001 -26"><span class='ocrx_word' id='word_1_140' title='bbox 285 2453 401 2500; x_wconf 90' lang='lat' dir='ltr'><strong>me</strong></span> <span class='ocrx_word' id='word_1_141' title='bbox 427 2426 634 2498; x_wconf 87' lang='lat' dir='ltr'><strong>vobis</strong></span> <span class='ocrx_word' id='word_1_142' title='bbox 658 2428 1126 2499; x_wconf 90' lang='lat' dir='ltr'><strong>remissurum</strong></span> <span class='ocrx_word' id='word_1_143' title='bbox 1150 2427 1491 2523; x_wconf 87' lang='lat' dir='ltr'><strong>putastis:</strong></span> <span class='ocrx_word' id='word_1_144' title='bbox 1518 2440 1602 2495; x_wconf 91' lang='lat' dir='ltr'><strong>ut</strong></span> <span class='ocrx_word' id='word_1_145' title='bbox 1620 2478 1640 2512; x_wconf 93' lang='lat'><strong>,</strong></span> <span class='ocrx_word' id='word_1_146' title='bbox 1666 2448 1900 2522; x_wconf 88' lang='lat' dir='ltr'><strong>quum</strong></span> <span class='ocrx_word' id='word_1_147' title='bbox 1929 2424 2127 2496; x_wconf 89' lang='lat' dir='ltr'><strong>horis</strong></span> <span class='ocrx_word' id='word_1_148' title='bbox 2155 2429 2423 2499; x_wconf 87' lang='lat' dir='ltr'><strong>nostris</strong></span> 
     </span>
     <span class='ocr_line' id='line_1_20' title="bbox 287 2533 2422 2632; baseline 0 -25"><span class='ocrx_word' id='word_1_149' title='bbox 287 2561 425 2609; x_wconf 89' lang='lat' dir='ltr'><strong>nos</strong></span> <span class='ocrx_word' id='word_1_150' title='bbox 463 2561 777 2610; x_wconf 86' lang='lat' dir='ltr'><strong>essemus</strong></span> <span class='ocrx_word' id='word_1_151' title='bbox 807 2538 946 2625; x_wconf 88' lang='lat' dir='ltr'><strong>usi,</strong></span> <span class='ocrx_word' id='word_1_152' title='bbox 981 2551 1099 2622; x_wconf 88' lang='lat' dir='ltr'><strong>tu,</strong></span> <span class='ocrx_word' id='word_1_153' title='bbox 1133 2534 1329 2606; x_wconf 90' lang='lat' dir='ltr'><strong>binis</strong></span> <span class='ocrx_word' id='word_1_154' title='bbox 1361 2533 1550 2605; x_wconf 90' lang='lat' dir='ltr'><strong>ludis</strong></span> <span class='ocrx_word' id='word_1_155' title='bbox 1585 2534 2074 2630; x_wconf 79' lang='lat' dir='ltr'><strong>interpositiS,</strong></span> <span class='ocrx_word' id='word_1_156' title='bbox 2109 2535 2422 2632; x_wconf 90' lang='lat' dir='ltr'><strong>quadra·</strong></span> 
     </span>
     <span class='ocr_line' id='line_1_21' title="bbox 286 2641 2422 2744; baseline 0 -27"><span class='ocrx_word' id='word_1_157' title='bbox 286 2648 562 2743; x_wconf 87' lang='lat' dir='ltr'><strong>gesimo</strong></span> <span class='ocrx_word' id='word_1_158' title='bbox 599 2661 767 2744; x_wconf 87' lang='lat' dir='ltr'><strong>post</strong></span> <span class='ocrx_word' id='word_1_159' title='bbox 806 2644 921 2717; x_wconf 87' lang='lat' dir='ltr'><strong>die</strong></span> <span class='ocrx_word' id='word_1_160' title='bbox 962 2643 1482 2743; x_wconf 80' lang='lat' dir='ltr'><strong>responderes3</strong></span> <span class='ocrx_word' id='word_1_161' title='bbox 1524 2641 1785 2714; x_wconf 90' lang='lat' dir='ltr'><strong>deinde</strong></span> <span class='ocrx_word' id='word_1_162' title='bbox 1829 2644 1928 2713; x_wconf 86' lang='lat' dir='ltr'><strong>ita</strong></span> <span class='ocrx_word' id='word_1_163' title='bbox 1963 2657 2257 2740; x_wconf 88' lang='lat' dir='ltr'><strong>tempus</strong></span> <span class='ocrx_word' id='word_1_164' title='bbox 2291 2647 2422 2717; x_wconf 84' lang='lat' dir='ltr'><strong>du·</strong></span> 
     </span>
     <span class='ocr_line' id='line_1_22' title="bbox 290 2753 2419 2853; baseline -0 -26"><span class='ocrx_word' id='word_1_165' title='bbox 290 2769 596 2842; x_wconf 89' lang='lat' dir='ltr'><strong>ceretur‚</strong></span> <span class='ocrx_word' id='word_1_166' title='bbox 632 2770 715 2825; x_wconf 92' lang='lat' dir='ltr'><strong>ut</strong></span> <span class='ocrx_word' id='word_1_167' title='bbox 740 2779 783 2825; x_wconf 89' lang='lat' dir='ltr'><strong>a</strong></span> <span class='ocrx_word' id='word_1_168' title='bbox 808 2755 928 2825; x_wconf 91' lang='lat' dir='ltr'><strong>M.</strong></span> <span class='ocrx_word' id='word_1_169' title='bbox 956 2753 1353 2826; x_wconf 86' lang='lat' dir='ltr'><strong>Glabrione</strong></span> <span class='ocrx_word' id='word_1_170' title='bbox 1381 2766 1712 2851; x_wconf 88' lang='lat' dir='ltr'><strong>praetore,</strong></span> <span class='ocrx_word' id='word_1_171' title='bbox 1744 2766 1818 2823; x_wconf 90' lang='lat' dir='ltr'><strong>et</strong></span> <span class='ocrx_word' id='word_1_172' title='bbox 1846 2778 1887 2823; x_wconf 91' lang='lat' dir='ltr'><strong>a</strong></span> <span class='ocrx_word' id='word_1_173' title='bbox 1923 2777 2182 2849; x_wconf 87' lang='lat' dir='ltr'><strong>magna</strong></span> <span class='ocrx_word' id='word_1_174' title='bbox 2214 2771 2419 2853; x_wconf 86' lang='lat' dir='ltr'><strong>parte</strong></span> 
     </span>
     <span class='ocr_line' id='line_1_23' title="bbox 290 2860 2426 2985; baseline -0 -49"><span class='ocrx_word' id='word_1_175' title='bbox 290 2866 554 2936; x_wconf 88' lang='lat' dir='ltr'><strong>horum</strong></span> <span class='ocrx_word' id='word_1_176' title='bbox 582 2864 955 2961; x_wconf 86' lang='lat' dir='ltr'><strong>judicum,</strong></span> <span class='ocrx_word' id='word_1_177' title='bbox 993 2862 1083 2934; x_wconf 90' lang='lat' dir='ltr'><strong>ad</strong></span> <span class='ocrx_word' id='word_1_178' title='bbox 1110 2877 1489 2961; x_wconf 87' lang='lat' dir='ltr'><strong>praetorem</strong></span> <span class='ocrx_word' id='word_1_179' title='bbox 1530 2861 1749 2932; x_wconf 81' lang='lat' dir='ltr'><strong>alium</strong></span> <span class='ocrx_word' id='word_1_180' title='bbox 1783 2860 2209 2985; x_wconf 74' lang='lat' dir='ltr'><strong>judicesque</strong></span> <span class='ocrx_word' id='word_1_181' title='bbox 2249 2863 2426 2937; x_wconf 85' lang='lat' dir='ltr'><strong>alios</strong></span> 
     </span>
     <span class='ocr_line' id='line_1_24' title="bbox 288 2969 2426 3070; baseline 0.001 -27"><span class='ocrx_word' id='word_1_182' title='bbox 288 2977 718 3045; x_wconf 86' lang='lat' dir='ltr'><strong>veniremus.</strong></span> <span class='ocrx_word' id='word_1_183' title='bbox 757 2979 923 3044; x_wconf 85' lang='lat' dir='ltr'><strong>Haec</strong></span> <span class='ocrx_word' id='word_1_184' title='bbox 949 2974 1009 3043; x_wconf 90' lang='lat' dir='ltr'><strong>si</strong></span> <span class='ocrx_word' id='word_1_185' title='bbox 1028 2997 1166 3070; x_wconf 85' lang='lat' dir='ltr'><strong>ego</strong></span> <span class='ocrx_word' id='word_1_186' title='bbox 1192 2996 1343 3043; x_wconf 90' lang='lat' dir='ltr'><strong>non</strong></span> <span class='ocrx_word' id='word_1_187' title='bbox 1373 2969 1749 3068; x_wconf 81' lang='lat' dir='ltr'><strong>vidissem3</strong></span> <span class='ocrx_word' id='word_1_188' title='bbox 1769 2973 1827 3041; x_wconf 91' lang='lat' dir='ltr'><strong>si</strong></span> <span class='ocrx_word' id='word_1_189' title='bbox 1857 2995 1973 3041; x_wconf 88' lang='lat' dir='ltr'><strong>me</strong></span> <span class='ocrx_word' id='word_1_190' title='bbox 1998 2996 2147 3043; x_wconf 91' lang='lat' dir='ltr'><strong>non</strong></span> <span class='ocrx_word' id='word_1_191' title='bbox 2171 2999 2426 3046; x_wconf 89' lang='lat' dir='ltr'><strong>omnes</strong></span> 
     </span>
     <span class='ocr_line' id='line_1_25' title="bbox 299 3079 2426 3182; baseline 0.001 -28"><span class='ocrx_word' id='word_1_192' title='bbox 299 3085 456 3156; x_wconf 89' lang='lat' dir='ltr'><strong>noti</strong></span> <span class='ocrx_word' id='word_1_193' title='bbox 488 3085 863 3182; x_wconf 85' lang='lat' dir='ltr'><strong>ignotique</strong></span> <span class='ocrx_word' id='word_1_194' title='bbox 898 3086 1386 3171; x_wconf 89' lang='lat' dir='ltr'><strong>monuissent,</strong></span> <span class='ocrx_word' id='word_1_195' title='bbox 1423 3079 1496 3151; x_wconf 89' lang='lat' dir='ltr'><strong>id</strong></span> <span class='ocrx_word' id='word_1_196' title='bbox 1538 3082 1684 3177; x_wconf 89' lang='lat' dir='ltr'><strong>agi,</strong></span> <span class='ocrx_word' id='word_1_197' title='bbox 1729 3079 1804 3150; x_wconf 90' lang='lat' dir='ltr'><strong>id</strong></span> <span class='ocrx_word' id='word_1_198' title='bbox 1840 3084 2177 3177; x_wconf 86' lang='lat' dir='ltr'><strong>cogitari,</strong></span> <span class='ocrx_word' id='word_1_199' title='bbox 2222 3089 2297 3154; x_wconf 90' lang='lat' dir='ltr'><strong>in</strong></span> <span class='ocrx_word' id='word_1_200' title='bbox 2336 3111 2426 3156; x_wconf 90' lang='lat' dir='ltr'><strong>eo</strong></span> 
     </span>
    </p>
   </div>
   <div class='ocr_carea' id='block_1_3' title="bbox 294 3317 2434 3701">
    <p class='ocr_par' dir='ltr' id='par_1_4' title="bbox 294 3317 2434 3701">
     <span class='ocr_line' id='line_1_26' title="bbox 374 3317 2429 3384; baseline 0.002 -18"><span class='ocrx_word' id='word_1_201' title='bbox 374 3334 456 3368; x_wconf 81' lang='grc' dir='ltr'><strong>ιο.</strong></span> <span class='ocrx_word' id='word_1_202' title='bbox 478 3318 558 3367; x_wconf 84' lang='lat' dir='ltr'><strong>Sic</strong></span> <span class='ocrx_word' id='word_1_203' title='bbox 576 3320 692 3366; x_wconf 77' lang='lat' dir='ltr'><strong>Ern-</strong></span> <span class='ocrx_word' id='word_1_204' title='bbox 711 3320 931 3368; x_wconf 82' lang='lat' dir='ltr'><strong>exMSS.</strong></span> <span class='ocrx_word' id='word_1_205' title='bbox 952 3319 1111 3378; x_wconf 85' lang='lat' dir='ltr'><strong>Olim,</strong></span> <span class='ocrx_word' id='word_1_206' title='bbox 1135 3334 1186 3367; x_wconf 84' lang='lat' dir='ltr'><strong>n.</strong></span> <span class='ocrx_word' id='word_1_207' title='bbox 1205 3334 1313 3384; x_wconf 73' lang='lat' dir='ltr'><strong>ego.</strong></span> <span class='ocrx_word' id='word_1_208' title='bbox 1402 3317 1580 3366; x_wconf 74' lang='lat' dir='ltr'><strong>stitisse</strong></span> <span class='ocrx_word' id='word_1_209' title='bbox 1621 3317 1817 3366; x_wconf 85' lang='lat' dir='ltr'><strong>videtur</strong></span> <span class='ocrx_word' id='word_1_210' title='bbox 1859 3335 1920 3366; x_wconf 85' lang='lat' dir='ltr'><strong>ue</strong></span> <span class='ocrx_word' id='word_1_211' title='bbox 1965 3318 2140 3367; x_wconf 83' lang='lat' dir='ltr'><strong>Cicero</strong></span> <span class='ocrx_word' id='word_1_212' title='bbox 2176 3331 2290 3367; x_wconf 89' lang='lat' dir='ltr'><strong>ante</strong></span> <span class='ocrx_word' id='word_1_213' title='bbox 2332 3322 2429 3370; x_wconf 89' lang='lat' dir='ltr'><strong>hoc</strong></span> 
     </span>
     <span class='ocr_line' id='line_1_27' title="bbox 367 3397 2429 3462; baseline 0 -15"><span class='ocrx_word' id='word_1_214' title='bbox 367 3402 459 3448; x_wconf 79' lang='lat' dir='ltr'><strong>XI.</strong></span> <span class='ocrx_word' id='word_1_215' title='bbox 501 3415 546 3448; x_wconf 84' lang='lat'><strong>1.</strong></span> <span class='ocrx_word' id='word_1_216' title='bbox 588 3400 773 3447; x_wconf 82' lang='lat' dir='ltr'><strong>Nostra</strong></span> <span class='ocrx_word' id='word_1_217' title='bbox 814 3398 1040 3449; x_wconf 76' lang='grc' dir='ltr'><em>σνίηιίηα.</em></span> <span class='ocrx_word' id='word_1_218' title='bbox 1087 3400 1316 3448; x_wconf 87' lang='lat' dir='ltr'><strong>Nostram</strong></span> <span class='ocrx_word' id='word_1_219' title='bbox 1405 3397 1620 3462; x_wconf 85' lang='lat' dir='ltr'><strong>elapsum</strong></span> <span class='ocrx_word' id='word_1_220' title='bbox 1639 3407 1829 3462; x_wconf 85' lang='lat' dir='ltr'><strong>tempus</strong></span> <span class='ocrx_word' id='word_1_221' title='bbox 1852 3412 2043 3444; x_wconf 82' lang='lat' dir='ltr'><strong>causam</strong></span> <span class='ocrx_word' id='word_1_222' title='bbox 2061 3410 2235 3448; x_wconf 83' lang='lat' dir='ltr'><strong>oraret.</strong></span> <span class='ocrx_word' id='word_1_223' title='bbox 2255 3400 2429 3450; x_wconf 86' lang='lat' dir='ltr'><strong>Cicero</strong></span> 
     </span>
     <span class='ocr_line' id='line_1_28' title="bbox 294 3475 2431 3528; baseline 0.001 -2"><span class='ocrx_word' id='word_1_224' title='bbox 294 3478 725 3527; x_wconf 84' lang='lat' dir='ltr'><strong>criminationem.·</strong></span> <span class='ocrx_word' id='word_1_225' title='bbox 1408 3478 1538 3523; x_wconf 88' lang='lat' dir='ltr'><strong>euim</strong></span> <span class='ocrx_word' id='word_1_226' title='bbox 1578 3477 1619 3522; x_wconf 87' lang='lat'><strong>1.</strong></span> <span class='ocrx_word' id='word_1_227' title='bbox 1660 3475 1765 3523; x_wconf 82' lang='lat' dir='ltr'><strong>dies</strong></span> <span class='ocrx_word' id='word_1_228' title='bbox 1802 3477 1855 3522; x_wconf 87' lang='lat' dir='ltr'><strong>in</strong></span> <span class='ocrx_word' id='word_1_229' title='bbox 1903 3475 2065 3522; x_wconf 78' lang='lat' dir='ltr'><strong>Sicilia</strong></span> <span class='ocrx_word' id='word_1_230' title='bbox 2105 3490 2431 3528; x_wconf 71' lang='lat' dir='ltr'><strong>commoratus</strong></span> 
     </span>
     <span class='ocr_line' id='line_1_29' title="bbox 370 3553 2432 3622; baseline 0.001 -17"><span class='ocrx_word' id='word_1_231' title='bbox 370 3575 416 3606; x_wconf 77' lang='lat' dir='ltr'><strong>a.</strong></span> <span class='ocrx_word' id='word_1_232' title='bbox 450 3560 619 3606; x_wconf 76' lang='lat' dir='ltr'><strong>Vestra</strong></span> <span class='ocrx_word' id='word_1_233' title='bbox 654 3556 857 3622; x_wconf 82' lang='lat' dir='ltr'><strong>injuria.</strong></span> <span class='ocrx_word' id='word_1_234' title='bbox 896 3557 1156 3619; x_wconf 69' lang='lat' dir='ltr'><strong>Iniustitia.</strong></span> <span class='ocrx_word' id='word_1_235' title='bbox 1190 3558 1324 3604; x_wconf 81' lang='lat' dir='ltr'><strong>Hor·</strong></span> <span class='ocrx_word' id='word_1_236' title='bbox 1408 3565 1510 3613; x_wconf 87' lang='lat' dir='ltr'><strong>est,</strong></span> <span class='ocrx_word' id='word_1_237' title='bbox 1559 3554 1690 3602; x_wconf 84' lang='lat' dir='ltr'><strong>uude</strong></span> <span class='ocrx_word' id='word_1_238' title='bbox 1732 3553 1828 3601; x_wconf 75' lang='lat' dir='ltr'><strong>lul.</strong></span> <span class='ocrx_word' id='word_1_239' title='bbox 1855 3553 1991 3601; x_wconf 87' lang='lat' dir='ltr'><strong>maiis</strong></span> <span class='ocrx_word' id='word_1_240' title='bbox 2032 3553 2344 3617; x_wconf 71' lang='lat' dir='ltr'><strong>discesserat,</strong></span> <span class='ocrx_word' id='word_1_241' title='bbox 2382 3570 2432 3607; x_wconf 87' lang='lat' dir='ltr'><strong>et</strong></span> 
     </span>
     <span class='ocr_line' id='line_1_30' title="bbox 296 3634 2434 3701; baseline 0 -15"><span class='ocrx_word' id='word_1_242' title='bbox 296 3637 505 3686; x_wconf 86' lang='lat' dir='ltr'><strong>tensium</strong></span> <span class='ocrx_word' id='word_1_243' title='bbox 542 3648 591 3685; x_wconf 89' lang='lat' dir='ltr'><strong>et</strong></span> <span class='ocrx_word' id='word_1_244' title='bbox 625 3648 812 3685; x_wconf 85' lang='lat' dir='ltr'><strong>ceteros</strong></span> <span class='ocrx_word' id='word_1_245' title='bbox 839 3637 1005 3684; x_wconf 81' lang='lat' dir='ltr'><strong>Verris</strong></span> <span class='ocrx_word' id='word_1_246' title='bbox 1043 3636 1323 3684; x_wconf 84' lang='lat' dir='ltr'><strong>defensores</strong></span> <span class='ocrx_word' id='word_1_247' title='bbox 1409 3635 1566 3685; x_wconf 83' lang='lat' dir='ltr'><strong>tribus</strong></span> <span class='ocrx_word' id='word_1_248' title='bbox 1583 3634 1898 3698; x_wconf 82' lang='lat' dir='ltr'><strong>sequentibus</strong></span> <span class='ocrx_word' id='word_1_249' title='bbox 1921 3634 2169 3683; x_wconf 85' lang='lat' dir='ltr'><strong>mensibus</strong></span> <span class='ocrx_word' id='word_1_250' title='bbox 2188 3649 2434 3701; x_wconf 83' lang='lat' dir='ltr'><strong>exspecta-</strong></span> 
     </span>
    </p>
   </div>
   <div class='ocr_carea' id='block_1_4' title="bbox 296 3715 1327 4174">
    <p class='ocr_par' dir='ltr' id='par_1_5' title="bbox 301 3715 587 3779">
     <span class='ocr_line' id='line_1_31' title="bbox 301 3715 587 3779; baseline 0 -15"><span class='ocrx_word' id='word_1_251' title='bbox 301 3715 587 3779; x_wconf 84' lang='lat' dir='ltr'><strong>alloquitur.</strong></span> 
     </span>
    </p>

    <p class='ocr_par' dir='ltr' id='par_1_6' title="bbox 296 3793 1327 4174">
     <span class='ocr_line' id='line_1_32' title="bbox 371 3793 1325 3859; baseline -0.002 -17"><span class='ocrx_word' id='word_1_252' title='bbox 371 3796 424 3842; x_wconf 77' lang='lat'><strong>3.</strong></span> <span class='ocrx_word' id='word_1_253' title='bbox 456 3794 831 3859; x_wconf 77' lang='lat' dir='ltr'><strong>Inter-posuistis.</strong></span> <span class='ocrx_word' id='word_1_254' title='bbox 859 3794 934 3841; x_wconf 83' lang='lat' dir='ltr'><strong>De</strong></span> <span class='ocrx_word' id='word_1_255' title='bbox 959 3793 1064 3841; x_wconf 86' lang='lat' dir='ltr'><strong>istis</strong></span> <span class='ocrx_word' id='word_1_256' title='bbox 1083 3793 1251 3840; x_wconf 79' lang='lat' dir='ltr'><strong>Verris</strong></span> <span class='ocrx_word' id='word_1_257' title='bbox 1275 3802 1325 3840; x_wconf 86' lang='lat' dir='ltr'><strong>et</strong></span> 
     </span>
     <span class='ocr_line' id='line_1_33' title="bbox 296 3871 1325 3939; baseline -0.003 -17"><span class='ocrx_word' id='word_1_258' title='bbox 296 3874 550 3923; x_wconf 78' lang='lat' dir='ltr'><strong>Hortensii</strong></span> <span class='ocrx_word' id='word_1_259' title='bbox 566 3872 822 3921; x_wconf 84' lang='lat' dir='ltr'><strong>fraudibus</strong></span> <span class='ocrx_word' id='word_1_260' title='bbox 844 3872 986 3939; x_wconf 82' lang='lat' dir='ltr'><strong>plura</strong></span> <span class='ocrx_word' id='word_1_261' title='bbox 1013 3871 1125 3919; x_wconf 85' lang='lat' dir='ltr'><strong>vide</strong></span> <span class='ocrx_word' id='word_1_262' title='bbox 1140 3873 1251 3919; x_wconf 76' lang='lat' dir='ltr'><strong>Act.</strong></span> <span class='ocrx_word' id='word_1_263' title='bbox 1274 3874 1325 3930; x_wconf 90' lang='lat'><strong>1,</strong></span> 
     </span>
     <span class='ocr_line' id='line_1_34' title="bbox 307 3968 1325 4089; baseline -0.002 -12"><span class='ocrx_word' id='word_1_264' title='bbox 307 3969 338 4000; x_wconf 43' lang='grc' dir='ltr'><strong><em>Ἄ</em></strong></span> <span class='ocrx_word' id='word_1_265' title='bbox 353 3968 645 4086; x_wconf 41' lang='lat' dir='ltr'><strong>’gossenus</strong></span> <span class='ocrx_word' id='word_1_266' title='bbox 675 4040 792 4079; x_wconf 74' lang='lat' dir='ltr'><strong>eres.</strong></span> <span class='ocrx_word' id='word_1_267' title='bbox 814 4028 1031 4086; x_wconf 78' lang='lat' dir='ltr'><strong>Maium,</strong></span> <span class='ocrx_word' id='word_1_268' title='bbox 1055 4028 1250 4089; x_wconf 83' lang='lat' dir='ltr'><strong>junium</strong></span> <span class='ocrx_word' id='word_1_269' title='bbox 1274 4037 1325 4076; x_wconf 89' lang='lat' dir='ltr'><strong>et</strong></span> 
     </span>
     <span class='ocr_line' id='line_1_35' title="bbox 296 4107 1327 4174; baseline -0.003 -17"><span class='ocrx_word' id='word_1_270' title='bbox 296 4109 569 4174; x_wconf 80' lang='lat' dir='ltr'><strong>quintilem.</strong></span> <span class='ocrx_word' id='word_1_271' title='bbox 600 4111 767 4171; x_wconf 90' lang='lat' dir='ltr'><strong>Quum</strong></span> <span class='ocrx_word' id='word_1_272' title='bbox 802 4108 928 4155; x_wconf 87' lang='lat' dir='ltr'><strong>euim</strong></span> <span class='ocrx_word' id='word_1_273' title='bbox 957 4109 1048 4155; x_wconf 85' lang='lat' dir='ltr'><strong>iste</strong></span> <span class='ocrx_word' id='word_1_274' title='bbox 1085 4107 1327 4155; x_wconf 81' lang='lat' dir='ltr'><strong>Achaicus</strong></span> 
     </span>
    </p>
   </div>
   <div class='ocr_carea' id='block_1_5' title="bbox 1409 3714 2440 4159">
    <p class='ocr_par' dir='ltr' id='par_1_7' title="bbox 1409 3714 2436 3923">
     <span class='ocr_line' id='line_1_36' title="bbox 1409 3714 2436 3779; baseline -0.01 -15"><span class='ocrx_word' id='word_1_275' title='bbox 1409 3716 1483 3764; x_wconf 80' lang='lat' dir='ltr'><strong>vit</strong></span> <span class='ocrx_word' id='word_1_276' title='bbox 1498 3751 1513 3776; x_wconf 93' lang='lat'><strong>,</strong></span> <span class='ocrx_word' id='word_1_277' title='bbox 1549 3716 1706 3764; x_wconf 83' lang='lat' dir='ltr'><strong>donec</strong></span> <span class='ocrx_word' id='word_1_278' title='bbox 1725 3714 1815 3760; x_wconf 87' lang='lat' dir='ltr'><strong>iste</strong></span> <span class='ocrx_word' id='word_1_279' title='bbox 1830 3728 1974 3761; x_wconf 86' lang='lat' dir='ltr'><strong>suum</strong></span> <span class='ocrx_word' id='word_1_280' title='bbox 1998 3724 2189 3779; x_wconf 87' lang='lat' dir='ltr'><strong>tempus</strong></span> <span class='ocrx_word' id='word_1_281' title='bbox 2210 3732 2436 3765; x_wconf 73' lang='lat' dir='ltr'><strong>consum.</strong></span> 
     </span>
     <span class='ocr_line' id='line_1_37' title="bbox 1409 3793 2434 3861; baseline 0.001 -18"><span class='ocrx_word' id='word_1_282' title='bbox 1409 3796 1616 3861; x_wconf 84' lang='lat' dir='ltr'><strong>psisset:</strong></span> <span class='ocrx_word' id='word_1_283' title='bbox 1666 3804 1716 3841; x_wconf 89' lang='lat' dir='ltr'><strong>et</strong></span> <span class='ocrx_word' id='word_1_284' title='bbox 1764 3793 1908 3840; x_wconf 85' lang='lat' dir='ltr'><strong>nonis</strong></span> <span class='ocrx_word' id='word_1_285' title='bbox 1952 3802 2141 3840; x_wconf 88' lang='lat' dir='ltr'><strong>tautum</strong></span> <span class='ocrx_word' id='word_1_286' title='bbox 2181 3795 2434 3844; x_wconf 85' lang='lat' dir='ltr'><strong>sextilibus</strong></span> 
     </span>
     <span class='ocr_line' id='line_1_38' title="bbox 1413 3884 1673 3923; baseline -0.008 0"><span class='ocrx_word' id='word_1_287' title='bbox 1413 3890 1552 3923; x_wconf 88' lang='lat' dir='ltr'><strong>orsus</strong></span> <span class='ocrx_word' id='word_1_288' title='bbox 1579 3884 1673 3922; x_wconf 87' lang='lat' dir='ltr'><strong>est.</strong></span> 
     </span>
    </p>

    <p class='ocr_par' dir='ltr' id='par_1_8' title="bbox 1412 3949 2440 4159">
     <span class='ocr_line' id='line_1_39' title="bbox 1483 3949 2439 4014; baseline 0.004 -16"><span class='ocrx_word' id='word_1_289' title='bbox 1483 3951 1533 3998; x_wconf 82' lang='lat'><strong>5.</strong></span> <span class='ocrx_word' id='word_1_290' title='bbox 1562 3949 1835 4014; x_wconf 77' lang='lat' dir='ltr'><strong>Apposieos.</strong></span> <span class='ocrx_word' id='word_1_291' title='bbox 1855 3950 1999 4013; x_wconf 85' lang='lat' dir='ltr'><strong>Quia,</strong></span> <span class='ocrx_word' id='word_1_292' title='bbox 2019 3966 2172 4014; x_wconf 89' lang='lat' dir='ltr'><strong>quum</strong></span> <span class='ocrx_word' id='word_1_293' title='bbox 2191 3954 2439 4002; x_wconf 78' lang='lat' dir='ltr'><strong>accusatio</strong></span> 
     </span>
     <span class='ocr_line' id='line_1_40' title="bbox 1412 4028 2439 4094; baseline 0.003 -18"><span class='ocrx_word' id='word_1_294' title='bbox 1412 4038 1463 4076; x_wconf 83' lang='lat' dir='ltr'><strong>et</strong></span> <span class='ocrx_word' id='word_1_295' title='bbox 1497 4028 1717 4077; x_wconf 74' lang='lat' dir='ltr'><strong>defensio</strong></span> <span class='ocrx_word' id='word_1_296' title='bbox 1743 4029 1845 4077; x_wconf 85' lang='lat' dir='ltr'><strong>dies</strong></span> <span class='ocrx_word' id='word_1_297' title='bbox 1872 4031 1962 4077; x_wconf 73' lang='lat' dir='ltr'><strong>XL</strong></span> <span class='ocrx_word' id='word_1_298' title='bbox 1986 4030 2258 4094; x_wconf 80' lang='lat' dir='ltr'><strong>postularet</strong></span> <span class='ocrx_word' id='word_1_299' title='bbox 2276 4064 2292 4089; x_wconf 86' lang='lat'>‚</span> <span class='ocrx_word' id='word_1_300' title='bbox 2331 4043 2439 4081; x_wconf 85' lang='lat' dir='ltr'><strong>tan-</strong></span> 
     </span>
     <span class='ocr_line' id='line_1_41' title="bbox 1416 4107 2440 4159; baseline 0.004 -5"><span class='ocrx_word' id='word_1_301' title='bbox 1416 4118 1519 4155; x_wconf 90' lang='lat' dir='ltr'><strong>tum</strong></span> <span class='ocrx_word' id='word_1_302' title='bbox 1556 4108 1608 4154; x_wconf 88' lang='lat' dir='ltr'><strong>in</strong></span> <span class='ocrx_word' id='word_1_303' title='bbox 1641 4107 1702 4154; x_wconf 88' lang='lat' dir='ltr'><strong>iis</strong></span> <span class='ocrx_word' id='word_1_304' title='bbox 1727 4107 1975 4155; x_wconf 82' lang='lat' dir='ltr'><strong>mensibus</strong></span> <span class='ocrx_word' id='word_1_305' title='bbox 1999 4118 2103 4155; x_wconf 86' lang='lat' dir='ltr'><strong>erat</strong></span> <span class='ocrx_word' id='word_1_306' title='bbox 2129 4107 2319 4156; x_wconf 85' lang='lat' dir='ltr'><strong>dierum</strong></span> <span class='ocrx_word' id='word_1_307' title='bbox 2341 4112 2440 4159; x_wconf 87' lang='lat' dir='ltr'><strong>uti·</strong></span> 
     </span>
    </p>
   </div>
   <div class='ocr_carea' id='block_1_6' title="bbox 300 4177 2286 4254">
    <p class='ocr_par' dir='ltr' id='par_1_9' title="bbox 300 4177 2286 4254">
     <span class='ocr_line' id='line_1_42' title="bbox 300 4177 2286 4254; baseline -0.001 -19"><span class='ocrx_word' id='word_1_308' title='bbox 300 4189 563 4254; x_wconf 81' lang='lat' dir='ltr'><strong>inquisitor</strong></span> <span class='ocrx_word' id='word_1_309' title='bbox 589 4190 751 4239; x_wconf 82' lang='lat' dir='ltr'>CVIII</span> <span class='ocrx_word' id='word_1_310' title='bbox 780 4187 884 4235; x_wconf 66' lang='lat' dir='ltr'><strong>dies</strong></span> <span class='ocrx_word' id='word_1_311' title='bbox 910 4185 1226 4248; x_wconf 85' lang='lat' dir='ltr'><strong>obtinuisset,</strong></span> <span class='ocrx_word' id='word_1_312' title='bbox 1246 4185 1331 4237; x_wconf 87' lang='lat' dir='ltr'><strong>ob-</strong></span> <span class='ocrx_word' id='word_1_313' title='bbox 1417 4187 1569 4248; x_wconf 85' lang='lat' dir='ltr'><strong>lium,</strong></span> <span class='ocrx_word' id='word_1_314' title='bbox 1592 4196 1647 4233; x_wconf 91' lang='lat' dir='ltr'><strong>ut</strong></span> <span class='ocrx_word' id='word_1_315' title='bbox 1663 4184 1906 4248; x_wconf 82' lang='lat' dir='ltr'><strong>judicium</strong></span> <span class='ocrx_word' id='word_1_316' title='bbox 1932 4177 2286 4234; x_wconf 82' lang='lat' dir='ltr'><strong>terminaretur.</strong></span> 
     </span>
    </p>
   </div>
   <div class='ocr_carea' id='block_1_7' title="bbox 498 4279 1057 4355">
    <p class='ocr_par' dir='ltr' id='par_1_10' title="bbox 498 4279 1057 4355">
     <span class='ocr_line' id='line_1_43' title="bbox 498 4279 1057 4355; baseline -0.002 -18"><span class='ocrx_word' id='word_1_317' title='bbox 498 4279 551 4343; x_wconf 84' lang='grc' dir='ltr'><strong>Ῑ.</strong></span> <span class='ocrx_word' id='word_1_318' title='bbox 609 4292 697 4355; x_wconf 72' lang='lat' dir='ltr'><strong>Cic.</strong></span> <span class='ocrx_word' id='word_1_319' title='bbox 715 4306 827 4353; x_wconf 79' lang='lat' dir='ltr'><strong>pars</strong></span> <span class='ocrx_word' id='word_1_320' title='bbox 847 4290 1057 4337; x_wconf 66' lang='lat' dir='ltr'><strong>tutanda·</strong></span> 
     </span>
    </p>
   </div>
   <div class='ocr_carea' id='block_1_8' title="bbox 2134 4294 2225 4340">
    <p class='ocr_par' dir='ltr' id='par_1_11' title="bbox 2134 4294 2225 4340">
     <span class='ocr_line' id='line_1_44' title="bbox 2134 4294 2225 4340; baseline -0.011 0"><span class='ocrx_word' id='word_1_321' title='bbox 2134 4294 2225 4340; x_wconf 75' lang='lat'><strong>20</strong></span> 
     </span>
    </p>
   </div>
  </div>
 </body>
</html>
