3044 4788
634 393 772 467 382
1288 388 1384 464 M.
1438 396 1515 463 T.
1572 399 2132 471 CICERONIS

618 542 961 592 romanus
1007 516 1340 616 quotidie
1370 565 1390 604 ‚
1435 517 1717 613 judices
1764 523 1979 592 etiam
2033 540 2223 614 tum,
2283 552 2511 624 quum
2573 530 2676 604 de
2713 550 2792 606 te

621 634 1057 702 seutentiam
1103 626 1412 715 ferrent,
1449 627 1826 701 viderent?

718 745 862 811 LX.
927 744 1167 836 Atque
1212 739 1424 807 etiam
1458 736 1820 832 judicium
1865 746 1940 811 in
1982 758 2294 840 praetura
2340 748 2726 844 publicum
2759 766 2780 796 ¹

623 854 983 922 exercuit:
1013 871 1161 918 non
1199 847 1394 918 enim
1427 849 2015 946 praetereundum
2054 869 2161 925 est
2203 876 2299 927 ne
2336 857 2407 929 id
2446 862 2785 957 quidem.

618 963 850 1032 Petita
886 957 1117 1029 multa
1153 971 1261 1027 est
1301 956 1500 1055 apud
1538 960 1771 1031 istum
1801 976 2186 1059 proetorem
2224 991 2264 1036 a
2304 969 2394 1057 Q.
2426 973 2726 1068 Opimio
2759 1001 2781 1043 ε

621 1072 750 1168 qui
775 1068 1262 1140 adductusest
1287 1069 1737 1163 infjudicium
1758 1126 1778 1158 ,
1805 1072 2062 1161 verbo,
2087 1076 2310 1171 quod,
2338 1103 2567 1176 quum
2588 1101 2783 1153 esset

618 1179 960 1251 tribunus
1013 1178 1283 1277 plebis,
1322 1181 1886 1253 intercessisset²
1927 1198 2180 1256 contra
2220 1187 2453 1284 legem
2494 1194 2780 1265 Corne-

510 1278 517 1285 ’
590 1293 829 1380 ⁴liam3
861 1316 942 1362 re
960 1290 1014 1381 ³,
1056 1286 1259 1389 quod
1285 1291 1363 1361 in
1402 1291 1782 1364 tribunatu
1808 1292 2107 1368 dixisset
2139 1304 2392 1370 contra
2423 1300 2770 1399 alicujus⁴

622 1404 941 1474 hominis
986 1402 1253 1473 nobilis
1291 1402 1762 1474 voluntatem.
1806 1406 1916 1476 De
1953 1431 2106 1503 quo
2133 1406 2410 1501 judicio
2455 1412 2513 1480 si
2549 1413 2774 1483 velim

621 1510 861 1584 dicere
879 1514 1148 1599 omnia,
1175 1512 1386 1582 multi
1408 1511 1821 1610 appellandi
1847 1514 2302 1614 laedendique
2322 1521 2467 1591 sint
2484 1517 2544 1608 ⁵3
2569 1523 2775 1619 quod

621 1623 801 1693 mihi
852 1648 1004 1694 non
1065 1635 1172 1693 est
1214 1644 1528 1692 necesse.
1571 1625 1883 1693 Tantum
1917 1625 2185 1715 dicam,
2223 1652 2492 1725 paucos
2528 1631 2773 1703 horni-

621 1759 786 1823 neS,
821 1749 905 1805 ut
946 1733 1303 1803 levissime
1362 1730 1638 1820 dicam,
1684 1751 2137 1831 arrogantes,
2195 1738 2336 1810 hoc
2393 1740 2774 1837 adjutore,

621 1848 712 1935 Q.
751 1845 1123 1941 Opimium
1174 1864 1306 1937 per
1348 1836 1606 1911 ludum
1656 1857 1728 1913 et
1773 1844 2019 1938 jocum
2064 1844 2377 1921 fortunis
2423 1852 2773 1924 omnibus

623 1956 985 2026 evertisse.
1039 1956 1109 2020 Is
1155 1950 1330 2020 mihi
1384 1955 1602 2021 etiam
1653 1959 2010 2051 queritur,
2062 1958 2262 2054 quod
2300 1985 2340 2030 a
2392 1961 2652 2048 nobiS,
2698 1992 2771 2035 rx

624 2065 796 2135 solis
817 2060 1111 2146 diebus,
1133 2061 1366 2157 prima
1386 2066 1573 2133 actio
1602 2067 1712 2134 s'ui
1727 2065 1974 2159 judicii
1999 2082 2354 2141 transacta
2383 2074 2474 2143 sit
2497 2101 2513 2143 ε
2536 2099 2771 2171 quum

620 2171 819 2271 apud
857 2175 1097 2268 ipsum
1138 2168 1369 2240 tribus
1415 2170 1616 2243 horis
1653 2176 1739 2264 Q.
1784 2178 2157 2274 Opimius,
2187 2196 2477 2253 senator
2511 2185 2771 2283 populi

622 2284 940 2367 romani,
981 2276 1207 2365 bona,
1238 2278 1569 2365 fortunas
1587 2337 1607 2369 ,
1635 2287 2109 2359 ornamenta⁶
2138 2293 2384 2362 omnia
2408 2295 2772 2367 amiserit?

621 2391 737 2488 cuj
747 2416 830 2462 us
851 2405 1155 2490 propter
1172 2384 1674 2488 indignitatem
1690 2393 1966 2490 judicii,
1988 2403 2375 2498 saepissime
2396 2420 2504 2476 est
2524 2421 2764 2477 actum

620 2507 697 2574 in
735 2517 988 2574 senatu
1013 2556 1031 2588 ‚
1067 2516 1152 2571 ut
1183 2525 1405 2599 genus
1442 2502 1586 2574 hoc
1630 2518 1869 2577 totum
1906 2511 2303 2583 multarum
2344 2539 2426 2586 ac
2454 2516 2767 2611 judicio-

619 2638 779 2684 rum
806 2610 1161 2708 ejusmodi
1192 2610 1588 2684 tolleretur.
1621 2619 1777 2686 Jam
1806 2642 1979 2689 vero
2012 2623 2086 2691 in
2118 2619 2333 2694 bouis
2372 2627 2459 2714 Q.
2494 2630 2767 2725 Opimii

617 2721 1019 2795 vendendis
1041 2775 1061 2807 ,
1099 2745 1279 2817 quas
1309 2723 1441 2792 iste
1472 2725 1750 2821 praedas
1770 2780 1787 2811 ‚
1815 2752 2038 2825 quam
2073 2749 2356 2830 aperte,
2385 2761 2604 2833 quam
2638 2742 2770 2807 im—

618 2832 852 2930 probe
880 2828 1163 2916 fecerit‚
1192 2830 1494 2928 longum
1522 2848 1630 2905 est
1660 2835 1923 2909 dicere.
1959 2840 2117 2912 Hoc
2146 2843 2310 2915 dico
2339 2873 2354 2914 ε
2384 2849 2522 2918 nisi
2558 2846 2767 2920 vobis

688 3022 795 3071 LX.
830 3036 876 3071 1.
899 3017 1169 3068 Publicum.
1192 3022 1428 3083 Quamvis
1448 3023 1646 3089 publica

1737 3043 1932 3076 causam
1960 3029 2120 3079 dicere
2144 3046 2344 3083 coactus
2362 3050 2434 3086 est
2451 3053 2466 3098 ;
2484 3051 2630 3102 atque
2646 3070 2664 3100 ‚
2689 3040 2769 3087 ἰιι-

614 3101 799 3164 indicia
843 3098 907 3146 ad
954 3109 1213 3161 praetorem
1252 3101 1494 3150 urbanum
1541 3119 1645 3150 non

1735 3108 1977 3157 stantibus
1996 3111 2246 3160 nobilibus
2268 3115 2484 3180 aliquot,
2503 3119 2767 3181 publicatis

616 3181 946 3248 pertinerent,
975 3189 1135 3225 tamen
1170 3196 1320 3243 quum
1349 3181 1409 3228 de
1433 3183 1644 3244 irrogata

617 3263 770 3310 multa
804 3258 1081 3325 pecuniaria
1119 3267 1365 3322 ageretur,
1403 3261 1645 3320 judicium

616 3342 740 3391 iliud
762 3356 865 3388 non
888 3339 1094 3404 capitale
1118 3338 1181 3386 ab
1208 3339 1399 3388 urbano
1437 3351 1645 3403 praetore

617 3431 812 3488 poteret
829 3419 1058 3468 exerceri.
1077 3421 1296 3466 Fanum·-

691 3518 744 3550 α.
770 3489 934 3562 Vulgo
974 3498 1252 3547 intercessit.
1286 3501 1319 3546 J
1326 3535 1339 3548 .
1364 3501 1432 3548 V.
1471 3500 1525 3547 L.
1581 3528 1648 3537 —

620 3555 768 3629 Sulsae
796 3578 903 3641 lege
929 3594 1059 3626 anuo
1094 3580 1192 3639 673
1234 3578 1329 3625 lata
1356 3579 1646 3627 vetabantur

617 3662 682 3718 ii,
727 3658 812 3723 qui
864 3658 1168 3720 magistratus
1214 3655 1373 3720 plebis
1417 3658 1611 3705 fuerant
1630 3692 1644 3714 ,

615 3741 709 3788 alin
733 3747 901 3803 postea
928 3751 1127 3782 munera
1154 3751 1331 3799 gerere.
1359 3739 1546 3786 Contra
1567 3747 1646 3783 tu·

617 3819 679 3867 lit
717 3819 777 3867 C.
814 3813 1040 3864 Aurelius
1078 3814 1223 3863 Cotto
1267 3816 1439 3864 consul
1478 3817 1546 3868 A.
1580 3818 1643 3864 U.

616 3899 752 3961 678;
777 3909 924 3959 quam
958 3891 1113 3955 legem
1145 3892 1394 3941 Aureliam
1423 3896 1492 3957 Q.
1520 3898 1643 3960 Opi-

618 3979 769 4035 mius,
803 3973 1029 4021 tribunus
1068 3969 1251 4037 plebis,
1284 3975 1447 4021 euasit.
1477 3976 1642 4037 Quam

614 4057 682 4106 ob
700 4070 911 4111 cauum,
928 4068 1058 4100 enno
1076 4052 1315 4115 sequenti,
1333 4054 1384 4100 iu
1399 4053 1640 4113 iudicium

616 4148 820 4184 vocatus
854 4131 984 4198 apud
1026 4132 1087 4182 C.
1110 4134 1345 4195 Verrem,
1387 4135 1643 4196 majestatis

1734 3183 1879 3234 bonis
1905 3187 2175 3239 damnatus.

1806 3267 1859 3315 3.
1894 3270 1964 3314 fle
1986 3280 2099 3317 ante
2133 3272 2272 3335 quod
2288 3275 2500 3336 primum
2532 3278 2690 3341 reperi
2710 3278 2770 3326 in

1738 3343 1855 3392 edit.
1875 3346 2092 3397 Lambin.
2124 3365 2144 3395 1
2157 3351 2186 3398 5
2195 3352 2289 3411 763
2311 3353 2447 3416 quod
2466 3372 2578 3402 sane
2596 3355 2767 3405 abesse

1736 3427 1837 3470 non
1860 3438 2038 3488 potest.
2059 3427 2139 3475 Sic
2165 3440 2214 3476 et
2240 3430 2396 3479 edidit
2414 3434 2573 3482 Aldus
2592 3451 2765 3500 nepos.

1735 3504 1925 3550 Ernest'.
1945 3508 1978 3553 J
1983 3510 2062 3556 .V.
2082 3509 2219 3555 1..—
2231 3511 2370 3558 Idem
2389 3515 2518 3574 conj.
2538 3514 2670 3563 dixit
2680 3527 2765 3562 aut

1735 3580 1947 3631 dixerat.
1968 3587 2017 3633 J.
2039 3589 2104 3633 V.
2136 3589 2188 3635 L.

1809 3669 1857 3716 4.
1906 3663 2152 3729 Alicujus.
2207 3663 2434 3716 Catulum
2483 3671 2721 3736 significat
2744 3710 2762 3734 ,

1733 3737 1942 3789 Sullanae
1967 3743 2194 3792 factionis
2221 3757 2338 3794 tunc
2366 3751 2656 3815 principem.

1807 3822 1853 3869 5.
1882 3822 2012 3883 Alii,
2031 3835 2156 3873 sunt.
2178 3853 2246 3863 -—
2266 3830 2477 3876 Paucos.
2499 3831 2724 3881 Catulum
2743 3868 2761 3889 ‚

1732 3899 1998 3949 Curionem
2018 3938 2034 3962 ,
2071 3905 2391 3955 Hortensium
2410 3943 2425 3967 ‚
2471 3908 2690 3959 homines
2733 3930 2762 3959 e

1731 3978 1943 4029 Sullanis
1962 3983 2204 4046 partibus,
2220 3985 2415 4035 eosdem
2430 3987 2525 4037 hac
2543 3991 2595 4037 in
2617 4007 2762 4041 causa

1731 4060 1959 4110 Ciceroni
1977 4063 2294 4113 adversarios.

1805 4140 1855 4188 6.
1896 4143 2214 4193 ornamenta.
2251 4147 2516 4196 senatoria.
2560 4149 2762 4199 Amisso
