3044 4788
601 358 744 434 366
1241 362 1342 429 M.
1395 360 1473 427 T.
1527 357 2093 429 CICERONIS

599 500 744 556 tam
800 480 1141 581 diligenS‚
1182 495 1332 553 tam
1373 493 1691 551 attentus
1727 493 1959 551 esset:
1996 474 2263 548 debere
2298 500 2466 548 eum
2500 478 2764 553 aiebat

592 618 797 665 suam
826 593 1163 691 quoque'*
1195 593 1546 662 rationem
1578 588 1877 678 duoere3
1908 587 2138 658 multa
2171 585 2308 659 sibi
2340 612 2532 685 opus
2561 615 2760 680 esse,

597 705 826 775 multa
863 702 1163 774 canibus
1198 703 1381 787 suiS‚
1424 724 1613 798 quos
1654 702 1841 772 circa
1875 724 1952 771 se
1995 697 2316 771 haberet.
2355 702 2525 771 Non
2568 726 2757 799 pos·

596 838 759 885 sum
791 814 912 885 illa
944 810 1230 909 planius
1266 834 1861 898 commemorare,
1888 833 2108 907 quam
2134 809 2376 907 ipsum
2402 813 2762 909 Ligurem

592 949 731 1023 pro
768 923 1187 994 testimonio
1235 918 1476 991 dicere
1526 919 1850 993 audistis.
1896 918 2093 1011 Quid
2139 923 2336 991 euim
2367 975 2389 1009 ‚
2435 924 2764 995 Verres?

596 1051 849 1106 utrum
889 1056 983 1102 ne
1018 1031 1133 1102 his
1162 1029 1460 1129 quidem
1497 1030 1803 1104 testibus
1837 1030 2309 1103 crederetur?
2347 1057 2442 1103 an
2472 1032 2625 1105 haec
2652 1033 2762 1106 ad

599 1168 754 1216 rem
786 1167 938 1213 non
980 1144 1396 1239 pertinent?
1432 1165 1589 1212 non
1633 1146 1732 1214 Μ.
1767 1141 2112 1214 Octavio?
2146 1165 2300 1211 non
2336 1146 2416 1212 L.
2445 1143 2764 1239 Liguri?

596 1254 779 1344 Quis
822 1251 1035 1324 nobis
1066 1250 1393 1325 credet5?
1426 1256 1546 1323 cui
1586 1253 1778 1325 nos?
1812 1249 1993 1351 quid
2022 1265 2162 1340 est,
2197 1255 2497 1334 Verres»,
2539 1252 2762 1350 quod

598 1363 903 1462 planum
942 1362 1100 1435 fieri
1145 1362 1453 1436 testibus
1496 1366 1756 1460 possit,
1801 1366 1860 1434 si
1905 1361 2051 1433 hoc
2097 1383 2252 1431 non
2294 1358 2428 1432 fit?
2475 1364 2590 1432 An
2634 1361 2757 1449 id,

601 1472 807 1571 quod
849 1472 1141 1563 dicunt,
1179 1474 1336 1547 leve
1370 1475 1527 1545 est?
1571 1472 1757 1544 nihil
1797 1472 2060 1559 leviuS,
2091 1494 2312 1568 quam
2360 1486 2756 1569 praetorem

601 1584 808 1658 urbis
845 1585 987 1658 hoc
1023 1588 1209 1682 juris
1249 1589 1325 1656 in
1362 1609 1499 1656 suo
1535 1587 1959 1681 magistratu
2000 1582 2479 1671 constituere,
2515 1586 2760 1654 omni-

598 1694 741 1768 bus
770 1699 881 1786 iis,
899 1695 1169 1794 quibus
1196 1692 1558 1767 hereditas
1583 1696 1884 1781 venerit,
1908 1690 2338 1764 coheredem
2362 1708 2760 1790 praetorem

598 1830 754 1879 esse
781 1820 1144 1904 oportere.
1172 1809 1284 1877 An
1310 1828 1487 1875 vero
1516 1802 1957 1891 dubitamuS,
1976 1827 2128 1900 quo
2152 1828 2280 1875 ore
2307 1804 2440 1874 iste
2467 1817 2759 1875 ceteros

605 1911 940 1989 homines
974 1911 1315 1985 inferiore
1350 1912 1555 2002 loco,
1591 1915 2059 2003 auctoritate,
2097 1911 2353 1986 ordine
2374 1967 2394 2002 ‚
2430 1939 2581 2011 quo
2617 1939 2757 1986 ore

604 2021 939 2094 homines
978 2024 1384 2095 rusticanos
1423 2049 1515 2094 ex
1551 2025 2001 2123 municipiis,
2041 2048 2194 2121 quo
2227 2022 2546 2122 denique
2573 2048 2705 2096 ore
2728 2079 2754 2113 ‚

601 2157 792 2229 quos
843 2156 1248 2229 numquam
1290 2131 1560 2205 liberos
1596 2138 1912 2233 putavit,
1945 2134 2326 2207 libertinos
2367 2135 2704 2208 homines
2725 2192 2749 2225 ‚

601 2241 856 2313 solitus
893 2242 987 2312 sit
1028 2242 1393 2339 appellare
1415 2239 1474 2331 ⁶,
1516 2249 1646 2341 qui
1682 2247 1775 2316 ob
1806 2244 1927 2340 jus
1963 2243 2363 2317 dicundum
2405 2250 2505 2316 M.
2539 2251 2753 2317 Octa·

599 2351 798 2421 vium
819 2352 1152 2449 Ligurem
1174 2407 1193 2440 ‚
1211 2351 1599 2426 hominem
1624 2357 2161 2428 ornatissimum
2190 2355 2353 2431 loco
2369 2411 2388 2444 ‚
2416 2353 2674 2428 ordine
2692 2367 2750 2444 ⁷,

603 2461 941 2548 nomine,
980 2463 1246 2536 virtute
1267 2519 1287 2553 ‚
1322 2465 1619 2562 ingenio
1640 2520 1660 2555 ‚
1696 2465 1925 2566 copiis
1951 2520 1972 2555 ‚
2016 2490 2320 2566 poscere
2359 2471 2748 2566 pecuniam

603 2596 758 2644 non
791 2571 1189 2646 dubitarit?
1296 2575 1309 2590 '
1685 2633 1692 2638 .

701 2686 949 2755 XLIX.
981 2688 1068 2754 In
1101 2687 1307 2754 sartis
1331 2688 1542 2755 tectis
1564 2708 1740 2756 vero
1764 2683 2385 2781 quemadmodum
2411 2709 2566 2758 sese
2594 2710 2749 2784 ges·

605 2793 813 2880 serit,
843 2792 1023 2888 quid
1048 2816 1188 2890 ego
1209 2790 1490 2865 dicam?
1516 2791 1858 2864 dixerunt
1875 2846 1895 2880 ,
1922 2796 2052 2890 qui
2089 2809 2475 2866 senserunt
2493 2806 2542 2883 ι;
2575 2811 2749 2869 sunt

601 2902 755 2989 alii,
784 2905 914 2999 qui
958 2899 1241 2990 dicant3
1278 2918 1468 2975 notae
1495 2929 1614 2976 res
1646 2927 1732 2975 ac
1767 2901 2189 2996 manifestae,
2219 2903 2515 3003 prolatae
2543 2920 2746 2993 sunt,

603 3026 678 3083 et
699 3008 1192 3109 proferuntur.
1234 3014 1435 3085 Dixit
1452 3017 1533 3084 C.
1562 3015 1903 3104 Fannius,
1937 3038 2163 3112 eques
2188 3037 2534 3085 romanus
2554 3069 2576 3103 ,
2602 3011 2747 3084 sta-

604 3132 759 3195 ter²
789 3145 1177 3220 germanus
1204 3127 1296 3215 Q.
1334 3122 1611 3210 Titinii,
1627 3121 1891 3218 judicis
1918 3124 2062 3214 tui,
2090 3121 2227 3195 tibi
2260 3148 2337 3195 se
2362 3123 2746 3222 pecuniam

673 3331 723 3380 4.
748 3324 900 3371 Suam
928 3337 1137 3387 quoque.
1168 3320 1276 3380 Sui,
1315 3319 1601 3369 nestun-i:
1616 3356 1633 3384 ,
1789 3325 1840 3374 6.
1887 3322 2176 3389 Appellare.
2218 3322 2298 3372 Ad
2343 3322 2556 3372 uibnunl
2606 3340 2747 3374 tuum

600 3401 839 3450 rationem
858 3401 1056 3451 habere.
1072 3399 1367 3449 —Cam'bus
1390 3399 1509 3449 suis.
1539 3401 1633 3449 Δι-
1717 3402 1886 3452 cium.

600 3480 742 3528 seclia
768 3481 886 3529 suin.
905 3480 986 3530 Sic
1014 3481 1192 3545 sapius
1219 3489 1387 3526 orator
1412 3478 1519 3542 ipae
1546 3495 1632 3543 ap-
1792 3499 1841 3545 7.
1872 3480 2073 3533 Ordbaee.
2096 3484 2299 3532 San-tor
2312 3490 2416 3530 ent
2428 3481 2748 3532 M-Octnvius

600 3558 754 3623 pellat
767 3591 783 3616 ‚
809 3557 875 3606 ob
891 3574 996 3606 eam
1015 3574 1224 3614 auum,
1244 3556 1381 3623 quod
1398 3557 1636 3622 predam,
1719 3562 1885 3627 Ligur.

599 3652 775 3685 eanum
806 3651 974 3698 more,
1018 3636 1217 3686 odorari
1257 3647 1306 3685 et
1340 3637 1634 3702 investigare
1788 3641 1976 3689 mx.
2018 3656 2064 3690 1.
2099 3643 2368 3690 Senserunt.
2413 3641 2515 3704 Qui
2556 3641 2747 3708 experti

500 3755 505 3760 .
602 3716 832 3766 solerent.
860 3716 1099 3764 Lambere
1130 3715 1351 3764 tribunal
1368 3715 1540 3764 Verria
1561 3717 1632 3766 di·
1716 3729 1830 3767 mut
1856 3720 1962 3780 ejus
1990 3718 2213 3780 injurius.

601 3805 798 3856 cuntur,
827 3797 969 3844 Vox-r.
989 3796 1089 3852 111,
1129 3810 1150 3842 1
1166 3811 1213 3844 1.
1788 3812 1838 3846 ο.
1860 3799 2049 3846 Frater.
2079 3800 2173 3847 1³01·
2194 3797 2511 3864 adoptionem
2540 3800 2594 3848 in
2611 3800 2739 3849 Titi·

674 3875 721 3922 5.
770 3871 887 3936 Quis
930 3872 1069 3920 nobis
1105 3872 1284 3922 credet.
1320 3873 1541 3925 Subaud.
1584 3876 1627 3923 ti
1715 3877 1846 3925 niam
1864 3875 2142 3942 adscriptus
2169 3888 2385 3942 gentem,
2403 3889 2460 3926 ut
2474 3878 2748 3944 planetu·-

598 3952 832 4011 testibus‚
868 3952 1017 4000 tantis
1047 3952 1191 4012 viria,
1225 3964 1325 4004 tam
1374 3954 1624 4019 gravibus,
1715 3957 1890 4012 nutioz
1916 3956 1994 4005 vel
2020 3957 2214 4022 potius,
2233 3968 2290 4006 ut
2315 3957 2481 4008 multis
2507 3958 2746 4024 exemplis

603 4049 706 4083 non
736 4031 990 4080 creditur?
1059 4071 1073 4095 ί
1720 4047 1950 4098 constat,
1992 4036 2289 4088 caedendum
2337 4053 2508 4087 eorum
2546 4048 2744 4087 mtrem
