3044 4788
636 412 643 421 ’
699 441 808 513 IN
859 437 1295 511 VERREM
1345 438 1562 507 AcT.
1614 441 1724 523 11,
1775 441 1964 509 Lm.
2016 441 2070 507 1.
2299 466 2429 541 291

310 569 469 636 sine
518 560 765 633 furore
810 576 1031 659 atque
1072 559 1382 631 amentia
1423 582 1579 629 non
1627 560 1878 632 sinunt
1896 557 1949 630 ³.
2015 564 2268 659 Neque
2307 568 2443 639 iste

311 673 489 745 mihi
515 670 800 744 videtur
825 696 901 743 se
926 670 1015 742 ad
1040 669 1580 742 damnationem
1603 667 1868 743 offerre
1893 670 2129 743 solum
2150 726 2169 759 ‚
2201 699 2443 772 neque

310 784 453 855 hoc
475 784 783 854 avaritiae
807 780 1160 879 supplicio
1181 782 1212 831 ⁴
1244 782 1640 867 communi,
1658 785 1786 877 qui
1814 804 1889 851 se
1911 795 2020 853 tot
2046 783 2442 863 sceleribus

309 893 821 980 obstrinxerit,
871 904 1260 963 contentus
1304 894 1456 961 esse
1503 916 1518 960 ε
1568 890 2005 988 singularem
2056 894 2446 988 quamdam

309 1026 607 1101 poenam
644 1001 846 1072 istius
882 1002 1215 1071 immanis
1250 1014 1471 1096 atque
1511 999 1933 1097 importuna
1969 1017 2225 1076 natura
2268 1003 2449 1079 desi·-

311 1112 539 1185 derat.
573 1113 738 1183 Non
762 1110 834 1181 id
864 1109 1102 1182 solum
1137 1111 1507 1206 quaeritur,
1546 1122 1666 1196 ut,
1695 1111 1835 1183 isto
1858 1111 2223 1201 damnato,
2251 1113 2451 1189 bona

309 1226 785 1293 restituantur
811 1220 932 1306 iis,
969 1217 1239 1316 quibus
1267 1231 1517 1315 erepta
1553 1232 1760 1306 sunt3
1793 1219 1919 1292 sed
1960 1235 2033 1294 et
2061 1222 2450 1322 religiones

310 1329 621 1402 deorum
660 1328 1175 1401 immortalium
1218 1325 1625 1425 expiandae,
1684 1342 1758 1399 et
1792 1332 2059 1400 civium
2108 1357 2447 1411 romano-

311 1466 477 1515 rum
517 1439 877 1512 cruciatus
899 1490 920 1525 ,
978 1436 1527 1534 multorumque
1580 1439 2079 1511 innocentium
2131 1447 2450 1542 sanguiS‚

314 1552 523 1621 istius
569 1548 926 1647 supplicio
979 1545 1292 1619 luendus
1340 1560 1470 1618 est.
1531 1548 1698 1617 Non
1748 1549 1942 1620 enim
1990 1547 2267 1641 furem,
2324 1555 2452 1627 sed

224 1751 231 1759 .
317 1674 727 1757 ereptorem
746 1656 798 1749 ⁵3
836 1683 988 1730 non
1019 1657 1456 1743 adulterum,
1476 1654 1606 1728 sed
1642 1671 2209 1755 expugnatorem
2237 1663 2451 1760 pudi-

318 1772 541 1858 citiae;
584 1795 731 1841 non
770 1769 1230 1867 sacrilegum,
1261 1767 1392 1839 sed
1433 1766 1720 1839 hostem
1763 1791 2133 1841 sacrorum
2167 1772 2450 1868 religio·

316 1904 675 1977 numque;
698 1904 847 1950 non
877 1878 1244 1963 sicarium,
1277 1876 1402 1949 sed
1436 1876 2012 1949 crudelissimum
2042 1878 2453 1955 carnificem

315 1993 581 2062 civium
631 1994 1184 2085 sociorumque,
1236 1991 1313 2058 in
1362 2000 1683 2058 vestrum
1727 1986 2086 2082 judicium
2149 1989 2456 2063 adduxi-

314 2125 523 2172 mus:
565 2114 648 2171 ut
683 2125 818 2198 ego
858 2101 1051 2169 hunc
1091 2121 1323 2168 unum
1359 2095 1717 2191 ejusmodi
1757 2122 1964 2169 reum
2001 2113 2168 2196 post
2214 2099 2480 2173 homi-⁷

316 2235 496 2282 num
513 2212 932 2281 memoriam
951 2206 1172 2280 fuisse
1187 2206 1516 2293 arbitrer,
1537 2210 1656 2279 cui
1678 2205 2042 2281 damnari⁵
2061 2209 2455 2308 expediret.

414 2324 533 2390 lV.
576 2323 762 2393 Nam
791 2321 955 2418 quis
984 2317 1130 2389 hoc
1157 2342 1315 2388 non
1351 2317 1686 2415 intelligit
1704 2371 1724 2406 ‚
1750 2322 1972 2390 istum
2000 2316 2455 2412 absolutum,

318 2420 456 2502 d'iis
493 2430 1059 2527 hominibusque
1092 2428 1335 2500 invitis
1361 2481 1381 2515 ‚
1422 2442 1666 2499 tamen
1703 2453 1792 2500 ex
1835 2428 2172 2504 manibus
2206 2435 2462 2531 populi

316 2541 600 2609 romani
648 2540 829 2636 eripi
865 2538 1069 2610 nullo
1112 2536 1333 2610 modo
1369 2537 1634 2635 posse?
1695 2539 1876 2628 Quis
1918 2537 2062 2610 hoc
2105 2565 2254 2610 non
2292 2566 2457 2640 per-

320 2652 563 2747 spicit,
607 2648 941 2745 praeclare
980 2647 1366 2719 nobiscum
1391 2657 1413 2690 ¹
1447 2662 1689 2718 actum
1728 2650 1847 2735 iri,
1899 2650 1957 2719 si
1996 2648 2312 2745 populus
2348 2676 2463 2723 ro·
2505 2659 2514 2672 '

324 2783 579 2832 manus
605 2762 811 2830 istius
834 2761 1050 2830 unius
1076 2757 1430 2857 supplicio
1456 2770 1846 2828 contentus
1870 2754 2086 2828 fuerit
2109 2768 2163 2845 ²,
2190 2781 2272 2830 ac
2312 2784 2465 2832 non

323 2872 423 2940 sic
458 2869 829 2957 statuerit,
878 2893 1031 2939 non
1067 2872 1288 2941 istum
1326 2866 1560 2961 majus
1606 2870 1682 2936 in
1729 2889 1884 2937 sese
1923 2865 2157 2938 scelus
2202 2893 2462 2943 conce-

1507 3128 1560 3177 6.
1603 3126 1692 3176 Cui
1728 3126 1976 3177 damnari.
2017 3128 2143 3176 Nam
2182 3129 2224 3176 si
2260 3146 2289 3178 a
2324 3132 2464 3181 vobis

1434 3206 1723 3265 absolvitur,
1758 3207 1824 3254 ad
1851 3207 2021 3272 populi
2046 3207 2288 3268 judicium
2309 3209 2462 3258 dedu-

394 3133 444 3180 3.
458 3132 569 3180 Non
586 3132 762 3180 sinunt.
782 3129 863 3179 sic
881 3132 914 3179 J
916 3145 1059 3177 uven-
1073 3150 1096 3172 ι
1109 3130 1348 3178 continuo

324 3210 561 3274 templum
596 3221 646 3257 et
671 3209 840 3257 violati
873 3209 1088 3256 numinis
1121 3225 1253 3265 aras,
1283 3209 1349 3256 Et

324 3288 463 3353 quod
514 3288 773 3352 praecipuis
821 3298 1032 3335 mentem
1083 3286 1346 3334 sudoribus

323 3377 468 3430 urget
483 3368 553 3414 Te
567 3365 700 3414 videt
726 3367 777 3413 in
797 3366 1004 3415 somnis:
1029 3376 1110 3413 tua
1137 3381 1271 3412 sacra
1296 3375 1345 3413 et

324 3448 479 3507 major
512 3446 672 3508 imago
708 3448 930 3492 Humana
951 3479 965 3503 ,
1004 3443 1167 3492 turbat
1208 3443 1345 3509 pavi-

324 3526 467 3583 dum,
491 3527 721 3588 cogitque
739 3524 935 3571 fater-iu.

394 3613 442 3660 4.
486 3602 751 3668 Supplicio.
782 3603 934 3665 Quod
980 3603 1221 3663 avaritiae,
1259 3617 1347 3649 seu

321 3684 702 3749 repetundarum
728 3681 971 3730 (inmunis
1004 3681 1158 3743 infligi
1192 3681 1347 3743 solet3

321 3763 543 3828 pecunia
565 3773 668 3810 erat
690 3761 905 3810 redditio
930 3771 980 3808 et
1000 3759 1241 3809 exsilium.

326 3875 333 3880 -
397 3843 445 3890 5.
481 3844 781 3906 Erepeorem.
817 3839 970 3901 Quasi
993 3838 1151 3901 legum
1181 3854 1349 3903 poenas

320 3930 728 3974 contemnentem,
752 3918 921 3966 Verris
954 3916 1155 3964 crimina
1189 3915 1351 3964 omnia

319 4000 386 4048 ad
408 4011 624 4065 apertam
646 3999 749 4046 vim
777 3998 845 4045 ita
864 3995 1066 4043 deducit
1084 3994 1274 4052 Cicero,
1294 4005 1350 4042 ut

322 4080 442 4126 mira
454 4081 758 4127 correctione
772 4092 873 4124 rem
887 4071 1169 4139 amplificet,
1180 4084 1228 4121 et
1245 4090 1349 4138 gra-

323 4152 1348 4223 viuspriotisempervocabulumsubjiciat.

1433 3297 1572 3334 cetur
1595 3303 1610 3347 ;
1659 3297 1819 3334 morte
1861 3286 2171 3334 mulctandus
2185 3322 2201 3347 ‚
2257 3302 2462 3354 propter

1429 3367 1509 3426 jus
1533 3364 1772 3413 libertatis
1797 3377 1848 3414 et
1868 3365 2106 3425 civitatis,
2127 3365 2308 3415 civium
2335 3384 2459 3418 rom.

1429 3460 1550 3492 nece
1560 3480 1576 3505 ,
1597 3444 1927 3492 imminutum.

1503 3525 1592 3572 tv.
1616 3540 1658 3571 1.
1680 3523 1966 3572 Nobiscum.
1991 3523 2115 3571 Cum
2133 3526 2457 3578 senatoribus.

1434 3601 1686 3665 Significat
1703 3601 1945 3666 populum
1961 3617 2088 3653 rom.
2111 3603 2165 3651 in
2188 3603 2314 3653 alios
2332 3623 2461 3669 quo-

1434 3697 1532 3744 que
1551 3693 1797 3730 senatores
1813 3673 2462 3735 animaduersurumffribu·

1435 3762 1512 3807 nis
1526 3760 1676 3821 enim,
1692 3760 1796 3824 lege
1819 3761 2050 3824 Pompeia
2072 3761 2167 3809 hoc
2194 3762 2303 3826 ipso
2327 3781 2460 3814 anuo

1433 3838 1557 3899 lata,
1581 3839 1758 3887 licebat
1782 3856 2137 3905 quemcumque
2163 3841 2372 3903 vellent,
2398 3844 2460 3892 ad

1432 3919 1679 3983 populum
1702 3917 1889 3966 trahere
1914 3919 2354 3969 condemnandum.

1511 4015 1558 4047 a.
1578 3998 1710 4047 Olim
1729 3998 1837 4047 erit.
1859 3998 1957 4048 Sed
1985 3999 2138 4048 Prisc.
2158 3998 2251 4049 lib.
2267 4001 2463 4058 xvm,

1435 4093 1547 4141 pag.
1568 4095 1590 4126 ι
1605 4078 1701 4125 155
1717 4111 1732 4135 ‚
1756 4077 1836 4125 ed.
1854 4075 2237 4142 Potachfiaen‘e.
2278 4077 2358 4125 Sic
2380 4077 2464 4125 de-

1439 4155 1554 4204 inde
1570 4190 1586 4215 ,
1612 4154 1852 4203 statuerit.
1877 4156 1926 4203 J.
1940 4156 2005 4203 V.
2023 4156 2081 4201 L.
2185 4195 2188 4198 Α

2118 4261 2224 4331 19.
