3044 4788
585 340 726 413 316
1230 344 1328 411 M.
1379 345 1457 411 Τ.
1511 343 2072 414 CICERONIS
2138 318 2146 325 ’

576 464 784 537 bellae
818 477 1281 562 reponuntur
1307 493 1322 536 ε
1353 478 1741 564 tempestas
1776 463 2067 537 sedatur
2090 491 2111 553 ς
2133 462 2510 537 Dolabella
2534 465 2730 537 Delo

578 573 1077 672 proficiscitur.
1108 578 1273 648 Non
1315 573 1612 661 dubito,
1656 575 1877 672 quin,
1929 576 2213 647 tametsi
2247 574 2486 646 nullus
2526 578 2609 645 in
2655 591 2730 647 te

578 708 830 757 sensus
859 684 1362 771 humanitatis,
1405 685 1606 756 nulla
1641 686 1827 756 ratio
1862 708 2212 781 umquam
2249 683 2384 756 fuit
2423 683 2726 782 religio-

577 802 729 885 nis,
770 821 971 867 nunc
1016 810 1256 867 tamen
1278 850 1298 884 ‚
1346 798 1420 867 in
1459 809 1662 869 metu
1698 797 2172 897 periculoque
2209 809 2374 881 tu0,
2420 809 2731 866 tuorum

575 906 710 977 tibi
731 905 1081 977 scelerum
1099 907 1341 977 veniat
1368 907 1442 976 in
1474 920 1818 978 mentem.
1847 912 2188 978 Potestne
2216 903 2352 976 tibi
2381 904 2528 975 ulla
2556 929 2730 1002 spes

577 1014 827 1087 salutis
875 1015 1256 1086 commoda
1299 1015 1621 1104 ostendi,
1667 1040 1897 1113 quum
1942 1014 2381 1103 recordaris,
2425 1017 2500 1084 in
2542 1013 2730 1085 deos

580 1122 1024 1195 immortales
1073 1149 1292 1222 quam
1351 1126 1656 1223 impius,
1712 1150 1935 1222 quam
2001 1124 2424 1212 sceleratus,
2496 1148 2731 1220 quam

579 1228 897 1304 nefarius
941 1231 1210 1306 fueris?
1244 1236 1754 1333 Apollinemne
1796 1250 1878 1306 tu
1914 1235 2205 1306 Delium
2238 1235 2547 1332 spoliare
2592 1258 2731 1304 au-

581 1366 705 1413 sus
737 1344 855 1414 es?
878 1344 1139 1417 ‚illine2
1183 1360 1266 1418 tu
1299 1345 1609 1444 templo,
1650 1359 1799 1415 tam
1833 1346 2137 1443 antiquo
2159 1399 2180 1432 ,
2243 1358 2390 1415 tam
2426 1357 2685 1414 sancto
2708 1400 2732 1429 ,

578 1469 726 1528 tam
747 1455 1083 1553 religioso
1096 1480 1355 1527 manus
1373 1458 1632 1553 impias
1649 1479 1730 1526 ac
1751 1456 2122 1552 sacrilegas
2138 1452 2397 1526 afferre
2418 1469 2736 1525 conatus

581 1565 706 1637 es?
742 1567 812 1635 Si
841 1568 914 1637 in
945 1569 1255 1665 pueritia
1278 1592 1433 1638 non
1460 1565 1572 1636 his
1601 1565 1875 1638 artibus
1903 1579 1975 1637 et
2000 1565 2395 1664 disciplinis
2427 1566 2734 1636 institu-

580 1690 696 1748 tus
740 1701 930 1766 era5‚
974 1692 1057 1748 ut
1092 1702 1212 1764 ea,
1258 1702 1419 1774 quae
1453 1676 1682 1748 literis
1725 1672 2063 1746 mandata
2102 1690 2273 1748 sunt
2293 1672 2348 1765 ³,
2408 1675 2737 1746 disceres

579 1799 799 1884 atque
851 1811 1327 1883 cognosceres
1368 1814 1385 1856 :
1434 1811 1529 1856 ne
1569 1802 1819 1883 postea
1855 1784 2191 1882 quidem,
2235 1789 2474 1883 ‘quum
2521 1786 2599 1855 in
2644 1809 2733 1856 ea

580 1896 737 1993 ipsa
773 1897 931 1967 loca
969 1896 1266 1983 venisti,
1305 1897 1603 1993 potuisti
1641 1897 1966 1992 accipere
2004 1894 2077 1966 id
2099 1952 2119 1985 ,
2157 1895 2363 1993 quod
2405 1910 2514 1966 est
2554 1920 2734 1992 pro-

584 2005 817 2077 ditum
850 2007 1218 2075 memoriae
1253 2029 1337 2077 ac
1378 2005 1649 2076 literis?
1689 2009 2043 2076 Latonam
2085 2028 2175 2076 ex
2216 2004 2438 2104 longo
2475 2030 2730 2077 errore

586 2128 661 2185 et
692 2110 882 2209 fuga,
901 2113 1291 2210 gravidam,
1310 2114 1542 2210 etjam
1576 2114 1666 2186 ad
1696 2113 2128 2213 pariendum
2148 2113 2513 2214 [vicinam]
2547 2129 2729 2186 tem·

585 2222 886 2322 poribus
919 2222 1183 2298 exactis
1203 2281 1222 2316 ,
1265 2224 1711 2323 confugisse‘*
1740 2226 2041 2315 Delum,
2074 2241 2294 2324 atque
2319 2224 2424 2296 ibi
2447 2224 2724 2324 Apolli-

581 2357 751 2406 nem
781 2336 1233 2434 Dia'namque
1250 2339 1647 2436 peperisse:
1671 2361 1820 2435 qua
1848 2362 1938 2409 ex
1953 2338 2305 2434 opinione
2334 2336 2724 2407 hominum

586 2444 705 2517 illa
754 2448 989 2518 insula
1030 2472 1285 2520 eorum
1329 2447 1637 2520 deorum
1690 2446 1939 2520 sacra5
1985 2461 2322 2546 putatur3
2378 2460 2728 2543 tantaque

583 2555 740 2651 ejus
781 2559 1167 2631 auctoritas
1202 2558 1566 2657 religionis
1609 2573 1683 2630 et
1712 2573 1855 2648 est,
1882 2574 1956 2630 et
1994 2582 2280 2656 semper
2314 2556 2450 2628 fuit
2471 2611 2492 2644 ,
2518 2570 2602 2627 ut
2629 2581 2726 2627 ne

583 2665 860 2740 Persae⁶
892 2668 1220 2765 quidem,
1251 2694 1484 2767 quum
1508 2669 1785 2742 bellum
1818 2673 1953 2740 toti
1982 2672 2270 2740 Graeciae
2287 2722 2306 2755 ,
2331 2667 2466 2739 diis
2493 2667 2728 2736 homi-

586 2777 950 2875 nibusque
979 2779 1441 2870 indixissent,
1482 2795 1558 2853 et
1598 2779 1795 2851 mille
1829 2791 2183 2854 numero‘7
2214 2780 2505 2851 navium
2542 2777 2726 2848 clas-

656 2980 706 3014 2.
726 2964 889 3016 Illinc.
924 2969 1100 3018 Cicero
1117 2983 1174 3021 nt
1196 2975 1428 3035 majorem
1441 2971 1610 3021 Verris

588 3045 641 3092 in
663 3044 761 3092 hoc
791 3047 977 3113 templo
1008 3049 1149 3098 furtis
1175 3051 1405 3099 invidiam
1432 3050 1607 3109 addat,

584 3122 647 3173 de
665 3123 859 3189 ingente
878 3127 1016 3175 clade
1035 3130 1206 3178 reticet
1218 3147 1364 3195 qnam
1377 3129 1611 3178 sexennio

586 3215 698 3253 ante
716 3209 916 3255 Verrem
932 3245 948 3270 ,
981 3208 1317 3272 Menophanes
1336 3208 1461 3256 Delo
1486 3207 1612 3255 intu-

585 3283 731 3343 lerat,
757 3297 891 3334 vasta
913 3289 1077 3335 omnin
1100 3304 1158 3337 ae
1193 3287 1382 3336 deserta
1414 3287 1611 3351 penitus

577 3363 883 3428 relinquens.
899 3367 1035 3414 Idem
1053 3377 1215 3415 tamen
1229 3368 1357 3416 hanc
1378 3368 1432 3414 in
1449 3367 1613 3414 Mani·

585 3440 713 3489 liam
741 3444 915 3502 refert,
952 3461 1100 3508 quam
1124 3445 1224 3494 ndi.

662 3520 713 3567 3.
739 3521 980 3569 Mandata
1000 3535 1127 3572 sune.
1163 3526 1335 3572 Poetss
1360 3515 1613 3571 discebant

590 3597 645 3645 in
683 3598 864 3666 scholis
906 3603 1044 3664 pueri
1057 3637 1072 3662 ,
1117 3613 1166 3650 et
1202 3619 1266 3650 ex
1304 3603 1363 3651 iis
1406 3602 1612 3651 deornm

588 3675 793 3726 fabulas.
814 3678 962 3740 Quod
984 3681 1048 3729 ad
1065 3681 1241 3730 Delum
1259 3693 1308 3730 et
1329 3683 1611 3746 Apollinem

594 3756 804 3819 pertinet
819 3792 835 3818 ,
866 3757 1050 3805 minuta
1070 3776 1277 3824 quaque
1293 3760 1429 3809 dabit
1456 3765 1614 3827 Span-

590 3832 739 3882 hemii
773 3834 1125 3884 eruditissimus
1158 3843 1532 3889 commentarius
1550 3841 1615 3889 ed

590 3912 782 3964 Gallim.
797 3913 966 3977 hymn.
986 3915 1037 3962 in
1057 3916 1234 3963 Delum
1250 3951 1267 3976 ‚
1295 3935 1365 3968 vs.
1386 3921 1452 3966 25
1460 3922 1504 3969 5.
1524 3923 1618 3967 Ve-

595 4008 703 4040 rum
727 4015 752 4033 «a
769 3992 861 4041 Cui
900 4008 999 4042 non
1028 3994 1189 4045 dictus
1214 3997 1368 4061 Hylas
1400 4016 1541 4065 puer,
1566 4010 1617 4048 et

596 4071 797 4121 Latonia
816 4073 965 4122 Delos
977 4076 1000 4123 ἓ
1022 4097 1048 4117 ›-

1770 2978 1820 3026 4.
1841 2970 1922 3018 Sic
1940 2970 2059 3020 edd.
2083 2986 2160 3036 pr.
2180 2980 2231 3018 et
2247 2968 2391 3017 multi
2408 2967 2553 3016 Mss.
2569 2965 2729 3015 Aldus

1698 3047 1917 3098 ediderat
1925 3048 2141 3115 ficgaekse.
2177 3049 2225 3097 J.
2236 3050 2300 3096 V.
2323 3050 2381 3097 1..

1768 3129 1816 3178 5.
1835 3130 2009 3176 Sacra.
2038 3127 2141 3175 1113·
2168 3126 2264 3175 diis
2287 3136 2492 3174 secuta.

1769 3208 1823 3257 ὃ.
1878 3211 2053 3256 Persae.
2089 3208 2167 3254 De
2205 3206 2282 3253 his
2329 3205 2470 3271 plura
2517 3203 2632 3251 vide
2671 3203 2724 3250 in

1697 3286 1884 3336 Herod.
1901 3288 1988 3345 VI,
2014 3300 2078 3348 97
2091 3320 2104 3334 .
2122 3312 2194 3322 —-
2217 3284 2339 3333 Diis.
2361 3286 2584 3348 Quorum
2603 3292 2724 3330 tem·

1698 3367 1779 3432 pla
1811 3369 1967 3415 Persae
1999 3365 2352 3426 incendebant,
2385 3363 2504 3412 deos
2528 3361 2726 3428 perieti-

1697 3446 1791 3495 bus
1813 3443 2003 3493 includi
2028 3444 2165 3492 nefas
2189 3444 2498 3491 arbitrantes.
2514 3440 2645 3489 Vide
2664 3440 2726 3489 de

1698 3527 1817 3588 Leg.
1839 3526 1919 3583 11,
1945 3523 2032 3571 26.
2051 3524 2273 3588 AEschyl.
2295 3525 2348 3571 in
2366 3524 2501 3572 Pers.
2527 3521 2727 3570 Deliaco

1699 3616 1860 3652 autem
1882 3617 1940 3649 ac
1973 3601 2187 3667 Ephesio
2222 3601 2408 3665 templo
2438 3617 2522 3649 eos
2555 3615 2728 3664 peper-

1700 3683 1822 3731 cisse
1864 3680 2013 3730 tradit
2059 3681 2346 3730 scholiastes
2385 3677 2726 3744 Aristophanis

1699 3763 1762 3810 ad
1801 3765 2005 3825 Pacem,
2052 3778 2097 3809 v.
2128 3769 2229 3823 409
2247 3794 2262 3815 ‚
2298 3758 2435 3823 qnod
2472 3759 2634 3808 Solem
2669 3772 2726 3804 ae

1699 3844 1885 3890 Lunam
1911 3842 2030 3890 deos
2057 3841 2267 3889 maxime
2290 3848 2656 3887 venerarentur.

1777 3938 1824 3984 7.
1838 3921 1977 3970 Mille
1992 3937 2207 3969 nantem.
2231 3920 2307 3966 De
2334 3918 2504 3965 harum
2524 3931 2727 3966 numero

1703 4003 1901 4049 navium
1922 4000 2035 4049 vide
2060 4001 2257 4048 Bosium
2286 3997 2348 4044 ad
2375 3995 2570 4044 Comei.
2600 3996 2725 4058 Nep.

1705 4080 1940 4129 Themist.
1960 4096 2010 4127 a.
2038 4078 2167 4126 mud
2187 4078 2332 4125 etiem
2347 4075 2616 4139 intelliges,
2643 4089 2726 4120 ro-
