3044 4788
628 469 743 555 IN
792 468 1245 537 VERREM
1295 468 1674 550 ACT.11‚
1727 466 1913 534 LlB.
1955 469 2054 533 ΙΙ.
2266 462 2406 559 475

274 613 428 677 ros,
462 587 1060 675 matresfamilias,
1095 588 1329 678 bona,
1364 588 1843 684 fortunasque
1874 611 2126 657 omnes
2164 584 2407 657 fuisse.

275 704 345 769 Is
378 701 617 795 igitur,
646 714 728 769 ut
755 697 1460 788 dic0,Timarchides
1482 701 1572 799 ¹in
1618 722 1873 769 omnes
1905 697 2262 781 civitateS‚
2297 721 2409 768 ac-

276 825 488 907 cepto
517 813 783 908 pretim
819 834 1153 883 censores
1189 810 1459 889 dimisit
1490 839 1505 881 ε
1545 809 1872 895 comitia,
1902 809 2038 879 isto
2068 822 2411 906 praetore,

275 943 693 1005 censorum,
723 945 813 990 ne
851 919 1234 992 simulandi
1272 919 1573 1017 quidem
1620 942 1873 1003 causa,
1900 915 2216 989 fuerunt.

370 1032 515 1099 LV.
541 1035 695 1100 Jam
724 1029 867 1101 hoc
907 1030 1531 1129 impudentissime
1565 1057 1579 1099 ε
1621 1030 1862 1128 palam
1893 1028 2182 1112 (licebat
2219 1033 2412 1099 enim

274 1139 605 1212 videlicet
642 1140 948 1239 legibus)
979 1141 1278 1241 singulis
1304 1140 1730 1213 censoribus
1768 1138 2077 1210 denarii¹
2113 1143 2413 1209 trecenti

276 1248 367 1319 ad
421 1265 729 1322 statuam
783 1255 1106 1349 praetoris
1168 1253 1499 1348 imperati
1553 1264 1747 1321 sunt.
1809 1254 2163 1320 Censores
2228 1271 2413 1318 cxxx

274 1355 445 1428 facti
471 1373 643 1430 sunt
671 1387 686 1429 ε
724 1364 1107 1458 pecuniam
1137 1362 1376 1433 illam²
1408 1360 1505 1433 ob
1541 1383 1920 1432 censuram
1950 1372 2202 1429 contra
2228 1359 2416 1454 leges

277 1471 461 1541 clam
520 1470 912 1561 dederunt3
960 1473 1113 1545 haec
1165 1474 1545 1546 denarium
1610 1498 1830 1542 xxx1x
1893 1471 2115 1542 millia
2180 1471 2413 1569 palam

277 1584 484 1653 salvis
531 1583 810 1681 legibus
859 1587 1327 1657 contulerunt
1375 1587 1447 1656 in
1513 1597 1846 1655 statuam.
1892 1585 2215 1652 Primum
2261 1606 2414 1677 quo

280 1705 552 1762 tantam
603 1695 1032 1791 pecuniam?
1087 1694 1374 1766 Deinde
1421 1691 1902 1791 quamobrem
1947 1715 2281 1761 censores
2326 1690 2415 1760 ad

279 1817 589 1874 statuam
624 1802 756 1874 tibi
791 1802 1301 1876 conferebant?
1325 1803 1526 1876 Ordo
1554 1798 1855 1899 aliquis³
1896 1825 2280 1871 censorum
2310 1815 2418 1871 est

278 1913 712 2010 collegium?
752 1939 980 2011 genus
1033 1914 1331 2012 aliquod
1381 1904 1811 1985 hominum?
1866 1936 2033 1981 nam
2091 1925 2218 1982 aut
2277 1935 2414 2008 pu-

276 2022 460 2094 blice
501 2025 820 2096 civitates
861 2028 1036 2097 istos
1090 2026 1406 2097 honores
1469 2022 1780 2111 habent3
1831 2035 1958 2092 aut
2015 2023 2412 2119 generatim

279 2131 643 2222 homines,
677 2148 761 2204 ut
799 2148 1147 2222 aratores,
1181 2150 1266 2206 ut
1304 2149 1739 2206 mercatores
1762 2188 1782 2219 ,
1834 2146 1916 2202 ut
1973 2131 2410 2202 navicularii.

281 2246 633 2314 Censores
668 2243 965 2341 quidem
992 2248 1121 2342 qui
1158 2247 1380 2343 magis
1403 2299 1423 2333 ‚
1456 2269 1678 2342 quam
1710 2241 1984 2313 aediles?
2029 2240 2149 2312 Ob
2186 2240 2414 2312 bene·
2481 2268 2486 2273 “

226 2411 233 2420 .
278 2353 568 2425 ficium?
618 2358 805 2452 Ergo
866 2355 1007 2429 hoc
1057 2354 1410 2441 fatebere,
1464 2354 1595 2427 abs
1650 2368 1717 2425 te
1777 2352 1929 2424 haec
1989 2354 2212 2450 petita
2261 2375 2412 2422 esse

279 2472 477 2558 (nam
516 2469 798 2561 empta⁴
838 2491 990 2537 non
1026 2465 1325 2539 audebis
1360 2464 1676 2557 dicere);
1714 2479 1785 2535 te
1813 2488 1938 2534 eos
1965 2466 2420 2557 magistratus

280 2572 739 2661 hominibuS,
781 2574 1160 2665 beneficii,
1209 2602 1362 2647 non
1402 2574 1819 2674 reipublicae
1862 2598 2113 2660 causa,
2159 2575 2421 2670 permi-

350 2821 452 2867 tv.
481 2834 529 2868 1.
573 2819 781 2868 Denan'c‘
822 2823 1024 2870 trecenti
1061 2826 1181 2891 (221
1232 2825 1297 2874 fr.

286 2914 349 2947 xo
374 2897 445 2964 c.)
463 2901 533 2947 Ut
556 2898 706 2948 habet
730 2902 991 2948 ueram.
1020 2903 1117 2951 Ius.
1136 2914 1299 2952 autem

1384 2824 1495 2872 dem
1517 2835 1720 2874 censura
1749 2841 1850 2874 nou
1890 2835 1964 2873 est
1999 2825 2252 2885 sejunctus
2292 2822 2418 2872 ordo

1385 2906 1450 2954 ab
1495 2905 1603 2954 aliie
1653 2906 1927 2955 ordinibus.
1970 2906 2071 2955 Cur
2109 2922 2227 2970 ergo
2267 2904 2418 2969 magis

281 2976 570 3026 «denarium
590 2995 755 3027 xmx
776 2979 925 3027 mini·
941 3001 965 3020 ι·
988 2979 1203 3046 (31,980
1217 2983 1301 3049 fr.)

281 3068 528 3106 coustant.

350 3153 400 3185 a.
436 3137 585 3185 Illam
610 3138 815 3186 refertur
848 3138 913 3186 ad
950 3140 1304 3198 narrationem,

280 3233 390 3282 cap.
420 3213 516 3277 53,
560 3217 622 3266 de
664 3219 920 3282 exquisitis
961 3235 1054 3284 pro
1093 3230 1300 3283 praeturn

280 3295 466 3359 pretiis.
490 3324 560 3333 —
589 3297 788 3347 Lauem.
815 3315 842 3346 e
876 3298 1022 3347 codd.
1045 3299 1300 3347 Pei-iniens.

280 3374 451 3421 aliam.
474 3376 643 3422 Minue
674 3387 815 3425 recte.

354 3455 402 3502 3.
425 3454 559 3501 Ordo
585 3455 779 3521 aliquis.
807 3457 927 3505 Nou
954 3457 1137 3505 civium
1158 3473 1302 3522 pecu-

280 3532 413 3580 liaris
434 3532 583 3590 ordo,
611 3550 834 3583 censore·
857 3547 1001 3595 sunu
1037 3547 1213 3602 utpote
1238 3554 1300 3585 ex

280 3612 510 3661 omuibus
531 3614 784 3664 ordinibus
813 3618 1020 3666 collecti.
1041 3619 1198 3682 Atqui
1216 3628 1300 3666 aut

280 3691 499 3740 civitates
524 3693 721 3757 publica
748 3695 964 3759 impensa
990 3697 1111 3744 istos
1141 3697 1302 3745 hono·

282 3786 359 3818 ree
379 3780 645 3819 statuarum
671 3772 924 3831 tribuunt3
960 3786 1044 3823 aut
1070 3775 1299 3839 privatim

279 3849 533 3898 bominum
579 3851 754 3898 classes
791 3848 944 3916 (gall.
974 3853 1057 3900 des
1093 3870 1304 3902 commu-

279 3930 477 3988 nautes,
512 3931 597 3979 des
628 3932 789 3998 corps)
805 3967 820 3991 ,
842 3944 898 3981 ut
929 3946 1165 3995 aratores,
1202 3947 1297 3984 etc.

281 4010 334 4059 si
352 4010 576 4076 publice,
603 4028 707 4061 nou
730 4011 936 4060 debebat
962 4030 989 4060 a
1020 4014 1305 4062 censoribus

283 4091 567 4139 nominatim
604 4090 752 4139 altere
798 4092 927 4154 exigi
969 4093 1208 4156 pecunia:
1260 4095 1301 4140 ei

280 4170 507 4234 privatim
526 4204 541 4233 ,
572 4187 671 4219 uon
713 4169 918 4220 debebat
944 4172 1116 4232 etiam,
1154 4172 1301 4235 siqui-

1386 3000 1612 3033 ceusores
1643 2986 1899 3033 conferant
1924 3001 2071 3049 quam
2096 2984 2299 3034 ediles?
2333 2985 2415 3031 Au

1387 3063 1703 3112 conferebant
1738 3064 1800 3110 ob
1835 3064 2146 3132 beneficium,
2190 3065 2225 3113 i.
2263 3080 2306 3111 e.
2348 3062 2416 3109 ob

1387 3158 1640 3190 censuram
1658 3176 1674 3203 ,
1697 3158 1840 3206 quem
1865 3142 1951 3190 ab·
1976 3152 2022 3190 te
2046 3158 2102 3190 ee
2128 3141 2416 3190 conditione

1388 3232 1700 3285 acceperunt,
1726 3231 1782 3268 ut
1799 3221 2092 3270 conferrent.
2114 3222 2166 3269 Si
2184 3219 2282 3268 hoc
2305 3221 2418 3267 sate-

1390 3301 1457 3348 ris
1474 3337 1490 3361 ,
1524 3301 1670 3348 etiam
1697 3299 1909 3348 fatebere
1936 3300 2040 3349 haec
2072 3299 2324 3347 denarium
2342 3309 2416 3346 tot

1389 3378 1542 3426 minin
1587 3379 1675 3427 abs
1724 3389 1772 3426 te
1817 3380 1969 3443 petite
2033 3379 2208 3436 fuisse3
2253 3387 2414 3439 empta

1389 3457 1611 3521 (censura
1632 3458 1882 3523 nimirum)
1909 3459 2080 3506 melius
2104 3455 2303 3505 diceres.
2321 3459 2418 3505 Ge-

1391 3539 1610 3587 ntouius
1635 3554 1755 3586 vero
1781 3538 1944 3585 locum
1970 3537 2108 3585 illum
2146 3537 2217 3584 sic
2248 3536 2420 3584 dietin-

1388 3618 1633 3682 gueudum
1653 3617 1882 3682 putabat:
1901 3616 2040 3665 Ordo
2058 3617 2231 3681 aliquis
2252 3632 2419 3664 censo-

1387 3713 1495 3745 rum
1534 3700 1649 3746 est?
1688 3696 1948 3761 collegium
1966 3698 1989 3743 Ρ
2027 3713 2180 3760 genus
2214 3695 2417 3759 aliquod

1385 3776 1677 3825 homiuum?
1703 3776 1800 3826 Sed
1833 3776 1902 3824 ita
1936 3775 2123 3823 laborat
2156 3787 2415 3824 structure.

1344 3916 1355 3924 ·
1390 3858 1625 3906 Preterea
1643 3858 1814 3907 Cicero
1836 3872 2050 3920 quaerere
2073 3872 2173 3903 uon
2202 3865 2418 3919 poteret,

1391 3952 1451 3983 eu
1478 3936 1739 4000 collegium
1760 3946 1882 3983 esset
1905 3950 2182 3983 censorum.
2203 3936 2271 3982 Ut
2289 3935 2417 3981 euim

1391 4016 1594 4081 collegia
1635 4016 1867 4065 dicuutur
1900 4014 2155 4062 consulum
2175 4049 2190 4072 ‚
2236 4024 2417 4078 preto-

1391 4111 1498 4143 rum
1514 4130 1528 4153 ,
1553 4107 1649 4144 etc.
1670 4094 1842 4158 quidni
1863 4094 2007 4141 etiam
2027 4092 2312 4140 censoribus
2326 4095 2348 4138 Ρ

1465 4183 1512 4228 4.
1545 4175 1742 4238 Empta.
1784 4172 1977 4220 Habent
2019 4183 2184 4236 erepta
2219 4175 2419 4220 Gruter.
