3044 4788
634 406 775 505 378
1276 410 1373 476 M.
1426 409 1502 475 T.
1557 408 2146 476 CICERONIS

720 532 934 602 LVII.
975 526 1171 619 Quid
1220 528 1432 625 ergo?
1481 526 1856 599 Rabonius
1908 528 2116 599 istam
2162 525 2352 597 diem
2389 528 2794 623 quomodo

620 640 1119 737 assequitur¹P
1159 642 1395 711 Nemo
1429 636 1765 709 Rabonio
1801 637 2150 709 molestus
2190 650 2328 722 est,
2374 660 2623 733 neque
2654 637 2792 711 ka·-

624 751 899 824 lendis²
939 747 1748 845 decembribuS,neque
1787 748 2028 835 nonis,
2058 771 2298 844 neque
2327 745 2605 833 idibus3
2650 748 2789 821 de-

625 866 852 960 nique
883 861 1254 956 aliquanto
1287 859 1363 929 in
1393 863 1844 957 provinciam
1875 859 2008 929 iste
2029 855 2511 955 proficiscitur
2533 859 2787 954 prius,

625 997 848 1070 quam
889 995 1075 1067 opus
1109 967 1452 1041 effectum
1490 985 1620 1041 est.
1659 976 2133 1066 Posteaquam
2159 992 2330 1040 reus
2365 966 2595 1041 factus
2630 984 2786 1056 est,

619 1084 859 1178 primo
886 1077 1225 1176 negabat³
1247 1105 1436 1179 opus
1460 1086 1537 1152 in
1571 1096 1949 1179 acceptum
1973 1079 2241 1151 referre
2263 1103 2513 1176 posse:
2536 1105 2779 1177 quum

620 1192 919 1263 instaret
967 1189 1369 1280 Rabonius,
1413 1196 1490 1262 in
1542 1217 1660 1265 me
1710 1217 2000 1264 causam
2047 1189 2501 1279 conferebat,
2560 1191 2779 1290 quod

623 1316 777 1372 tum
822 1300 1707 1399 codicemobsignassem.
1749 1305 1974 1375 Petit4
2001 1328 2042 1374 a
2084 1327 2202 1373 me
2239 1300 2654 1389 RaboniuS,
2700 1310 2778 1373 et

615 1413 885 1483 amicos
914 1411 1216 1509 allegat:
1249 1411 1453 1484 facile
1490 1417 1833 1511 impetrat
1864 1440 1881 1483 ε
1918 1416 2092 1497 iste,
2129 1412 2312 1511 quid
2346 1426 2623 1509 ageret,
2650 1437 2780 1483 ne·

543 1564 566 1578 ·
617 1521 909 1595 sciebat.
953 1525 1026 1594 Si
1066 1527 1141 1594 in
1179 1537 1560 1621 acceptum
1594 1550 1747 1595 non
1782 1526 2179 1612 retulisset,
2207 1522 2510 1622 putabat
2539 1547 2618 1593 se
2643 1522 2776 1593 ali·

552 1712 559 1718 ,
621 1632 802 1731 quid
843 1631 1328 1705 defensionis⁵
1363 1632 1811 1705 habiturum.
1842 1634 2253 1706 Rabonium
2291 1656 2512 1731 porro
2549 1632 2772 1703 intel·

623 1745 886 1843 ligebat
931 1770 1086 1815 rem
1128 1760 1357 1816 totam
1397 1770 1549 1816 esse
1595 1744 2121 1844 patefacturum
2162 1774 2178 1815 :
2221 1747 2543 1828 tametsi,
2588 1744 2775 1841 quid

619 1870 906 1955 poterat
932 1880 1086 1926 esse
1121 1857 1441 1951 apertius
1463 1911 1481 1942 ‚
1510 1882 1730 1954 quam
1768 1882 1966 1928 nunc
2001 1871 2144 1945 est,
2184 1871 2266 1925 ut
2301 1851 2499 1925 uno⁶
2522 1857 2773 1925 minus

622 1981 804 2039 teste
832 1964 1135 2037 haberet
1163 1965 1550 2038 Rabonio?
1578 1973 1781 2064 Opus
1809 1970 1883 2038 in
1908 1978 2292 2065 'acceptum
2318 1964 2563 2037 retulit
2593 1991 2769 2061 qua-

618 2075 958 2148 driennio
997 2089 1209 2172 post,
1254 2102 1474 2172 quam
1534 2076 1728 2148 diem
1781 2080 1987 2177 operi
2034 2077 2339 2149 dixerat.
2393 2082 2539 2145 Hac
2583 2100 2767 2147 con-

620 2184 961 2272 ditione7,
979 2188 1037 2254 si
1064 2186 1232 2282 quis
1261 2185 1352 2256 de
1377 2187 1656 2284 populo
1683 2188 2104 2285 redemptor
2130 2187 2574 2270 accessisset,
2613 2210 2763 2255 non

680 2389 833 2436 Lvn.
866 2404 909 2436 r.
935 2387 1190 2452 Quomodo
1221 2389 1510 2453 assequitur.
1533 2392 1571 2438 1.
1588 2409 1633 2439 e.

603 2466 860 2531 quomodo
880 2467 1071 2533 potuit,
1094 2469 1276 2532 exiguo
1308 2468 1396 2516 illo
1417 2480 1638 2535 tempore

605 2543 872 2610 praefinito,
893 2563 1020 2613 opus
1047 2548 1172 2595 illud
1197 2547 1408 2597 efficere.

1727 2392 1917 2440 nullum
1964 2390 2174 2457 apposui
2225 2390 2582 2454 redemptorem
2601 2423 2617 2446 ‚
2669 2400 2727 2436 ut
2746 2423 2763 2448 ,

1727 2484 1840 2535 post
1878 2471 2005 2519 diem
2034 2470 2360 2535 praestitutum
2388 2469 2554 2532 operi,
2599 2482 2700 2515 nou
2731 2483 2762 2513 a

1725 2551 1954 2599 Rabonio
1989 2551 2260 2614 acceperim
2295 2565 2448 2612 opus,
2478 2563 2569 2594 nec
2603 2547 2655 2593 in
2679 2561 2763 2592 ac·

680 2641 731 2676 a.
753 2628 1007 2677 Kalendis.
1036 2628 1300 2689 Kalendae,
1329 2645 1499 2689 nonae,
1526 2628 1638 2677 idus

605 2707 655 2755 h.
681 2707 720 2754 l.
748 2710 1078 2764 nominantur,
1103 2709 1217 2771 quia
1242 2709 1431 2766 omnia,
1460 2709 1512 2755 in
1533 2709 1638 2773 qui·

607 2785 700 2833 bus
725 2786 829 2834 dies
854 2789 951 2833 sint
980 2788 1273 2851 praestituti,
1296 2790 1421 2835 facn
1447 2790 1545 2835 sint
1574 2788 1637 2834 ad

604 2865 845 2912 rationem
867 2866 1088 2929 pecuniae
1115 2867 1208 2914 sub
1232 2868 1393 2915 usuris
1420 2867 1635 2916 colloca·

609 2953 696 3000 ιω,
742 2959 852 3006 quae
879 2944 921 2990 si
956 2944 1177 2993 kalendis
1212 2961 1318 2993 nou
1345 2944 1633 3003 solveretur,

603 3020 962 3087 prorogabunt
988 3024 1193 3078 ,solutio
1243 3024 1307 3071 ad
1361 3040 1539 3080 nonas,
1587 3036 1636 3072 et

601 3101 717 3152 inde
750 3101 813 3149 ad
850 3102 991 3161 idus,
1030 3119 1141 3167 quoe
1169 3113 1271 3151 erat
1304 3103 1476 3152 ultima
1507 3104 1632 3152 dies.

598 3183 681 3230 Sic
707 3197 858 3246 quum
887 3181 988 3229 dies
1015 3184 1156 3247 operi
1185 3182 1410 3230 faciendo
1440 3183 1638 3246 praesti·

598 3273 704 3312 tuta
729 3273 854 3311 esset
890 3260 988 3310 kal.
1020 3261 1243 3311 decemb.
1272 3271 1433 3309 tamen
1467 3277 1628 3324 neque

597 3341 694 3390 boc
722 3342 833 3401 die,
859 3357 1020 3404 neque
1055 3342 1229 3398 nonis,
1268 3355 1428 3402 neque
1464 3340 1629 3388 idibus

593 3421 691 3468 hoe
713 3436 842 3485 opus
866 3436 893 3467 a
922 3420 1149 3468 Rabonio
1170 3417 1469 3482 exigebatur.

673 3499 722 3546 3.
764 3499 1016 3562 Negabat.
1046 3499 1237 3562 Nempe
1264 3498 1518 3555 Rabonio,
1542 3499 1630 3561 qui

600 3576 696 3625 sibi
719 3586 914 3623 cautum
945 3578 1086 3625 vellet
1123 3577 1184 3625 de
1211 3576 1420 3641 pecunia
1447 3578 1489 3624 ei
1530 3588 1628 3625 tra·

601 3655 721 3717 dita,
733 3669 879 3718 quam
897 3656 1073 3703 Verres
1095 3672 1156 3703 ex
1180 3656 1277 3703 isto
1302 3654 1363 3702 de
1380 3655 1628 3704 locatione

598 3733 934 3792 lucrifecerat,
989 3735 1289 3797 omninoque
1353 3733 1415 3781 de
1478 3750 1627 3800 opere

601 3822 730 3861 reete
753 3811 952 3860 effecto.

669 3898 717 3949 4.
738 3889 880 3938 Petit.
906 3891 976 3938 Ut
1003 3888 1096 3936 sibi
1120 3889 1308 3939 codicis
1336 3892 1508 3940 faciam
1538 3909 1625 3956 po-

601 3981 836 4020 testatem.

667 4052 717 4098 5.
744 4048 869 4106 Alii,
909 4045 1246 4110 defensionum
1294 4050 1345 4096 J.
1373 4051 1434 4096 V.
1461 4052 1514 4097 L.
1552 4079 1624 4087 ——

594 4132 781 4195 Nempe
832 4127 1051 4178 dicturus
1099 4139 1200 4178 erat
1244 4130 1420 4180 Veroes
1443 4167 1456 4191 ,
1500 4132 1624 4181 adeo

1726 2642 1924 2694 ceptum
1946 2629 2211 2678 retulerim.
2239 2632 2307 2677 At
2336 2638 2473 2691 parte
2498 2626 2590 2674 alia
2619 2626 2760 2673 iutel-

1726 2709 1932 2773 ligebat,
1958 2719 2050 2756 etc.

1797 2790 1848 2836 6.
1885 2791 1991 2835 Uno
2019 2788 2194 2835 minus.
2221 2787 2287 2834 Ut
2307 2800 2504 2844 omnes,
2541 2784 2759 2832 detracto

1724 2883 1826 2915 uno
1866 2867 2131 2925 Rabonio,
2177 2877 2322 2916 testes
2357 2866 2410 2912 in
2448 2880 2500 2913 se
2537 2863 2755 2912 baberet.

1725 2974 1795 2984 —-
1847 2951 1947 2997 Pro
1996 2946 2228 3003 haberet,
2283 2944 2549 2991 Lambinus
2595 2942 2758 2990 mallet

1725 3026 1952 3075 haberem
1968 3063 1984 3085 ,
2024 3025 2205 3091 probat
2242 3024 2467 3086 Desjard.
2496 3034 2545 3071 et
2576 3022 2757 3086 recepit

1725 3105 1923 3156 Sebutz.

1799 3202 1845 3246 7.
1876 3187 1982 3232 Hac
2026 3183 2319 3232 condicione.
2367 3183 2417 3226 Si
2456 3180 2566 3246 quis
2603 3180 2757 3239 alius,

1725 3281 1868 3328 quam
1887 3265 2159 3322 Rabonius,
2185 3262 2281 3310 hoc
2303 3277 2431 3325 opus
2450 3259 2755 3317 redemisset,

1718 3360 1818 3393 nou
1849 3343 2141 3391 obtinuisset
2166 3358 2193 3389 a
2223 3351 2435 3405 praetore
2463 3350 2563 3387 tam
2592 3340 2750 3387 laxum

1719 3434 1925 3486 tempus,
1946 3421 1980 3468 i.
1999 3437 2043 3468 e.
2069 3419 2477 3485 quadriennium3
2497 3419 2586 3468 sed
2606 3435 2750 3467 nemo

1716 3499 1946 3556 accessit,
1988 3509 2042 3546 ut
2084 3499 2371 3557 redimeret;
2406 3495 2459 3544 ι’
2480 3499 2593 3562 quia
2631 3499 2752 3546 alios

1719 3577 1952 3629 deterruit
1996 3577 2210 3625 brevitas
2256 3577 2507 3642 temporis.
2544 3576 2602 3623 α’
2625 3579 2747 3639 Quia

1715 3657 1799 3705 alii
1835 3655 2106 3713 noluerunt·
2139 3658 2306 3704 venire
2345 3658 2394 3702 in
2425 3656 2592 3704 Verris
2623 3656 2745 3703 arbi·

1716 3736 1861 3784 trium
1884 3733 2069 3798 (mense
2094 3735 2474 3801 decembri,quo
2496 3751 2622 3802 opus
2640 3753 2747 3785 exe·

1716 3816 1889 3878 gissa,
1920 3828 2180 3881 praeturam
2202 3817 2363 3865 adhuc
2406 3816 2639 3865 urbanam
2669 3834 2748 3881 ge·

1716 3896 1888 3961 rentis)
1917 3914 1943 3943 a
1970 3914 2071 3961 quo
2102 3898 2220 3944 mire
2246 3898 2454 3945 fuissent
2472 3897 2666 3955 vexati,
2688 3914 2746 3944 eo

1715 3975 1849 4038 quod
1885 3977 2200 4024 existimasset
2238 3976 2453 4040 praedam
2480 3976 2574 4023 sibi
2602 3975 2743 4023 fuisse

1715 4066 1926 4120 ereptam
1954 4071 1980 4101 a
2010 4055 2334 4119 redemptore,
2357 4055 2441 4118 qui
2470 4055 2594 4102 alius
2622 4067 2740 4102 esset

1713 4150 1768 4179 ac
1800 4133 2072 4193 Rabonius,
2096 4134 2306 4199 ideoque
2327 4135 2447 4184 illud
2469 4152 2593 4198 opus
2616 4151 2744 4183 acer·
