3044 4788
582 451 718 518 DE
770 449 1567 518 VECTIGALIBUS
1619 453 1883 519 REIP.
1931 463 2088 532 ete„
2248 449 2373 520 551

259 572 426 635 facta
465 586 560 634 est
582 620 600 652 ,
634 593 895 634 omnem
928 592 1152 660 agrum
1192 570 1460 634 retinuit
1482 619 1500 651 ‚
1540 593 1620 634 eo
1647 571 1825 652 jure,
1863 588 1936 635 ut
1964 570 2218 636 easdem
2247 573 2380 635 Ro..

260 676 466 740 manis
503 676 804 763 deinceps
838 677 1246 764 persolveret.
1294 676 1525 763 Neque
1559 676 1694 739 illas
1730 677 1942 739 solum
1982 677 2216 759 tritici,
2271 677 2383 741 sed

260 797 328 845 et
367 780 625 862 hordei,
681 797 746 844 et
780 782 1179 845 minutarum
1213 781 1478 870 frugum
1520 782 1816 845 omniurn
1839 830 1857 863 ,
1890 782 2024 844 vini
2062 780 2382 869 denique,

261 886 419 966 olei,
458 885 698 966 melli5‚
727 901 845 948 etc.

348 990 639 1055 Alterum
672 1006 974 1078 praeterea
1006 991 1131 1052 fuit
1162 990 1343 1074 quasi
1377 989 1679 1077 vectiga13
1729 1006 2025 1079 emptum
2058 990 2205 1055 dico
2241 991 2382 1055 fru-

258 1111 556 1161 mentum
589 1112 654 1160 et
682 1096 1092 1174 aestimatum,
1130 1094 1258 1157 hoc
1286 1095 1354 1156 in
1387 1095 1675 1182 praetoris
1709 1096 2087 1183 provinciae,
2120 1094 2280 1160 illud
2313 1097 2383 1160 in

259 1202 483 1290 populi
507 1222 831 1264 annonam
853 1198 1060 1261 Sicilia
1084 1199 1431 1285 quotannis
1458 1213 1757 1286 praestare
1781 1201 2150 1288 cogebatur.
2170 1203 2386 1289 Empti

262 1308 570 1371 frumenti
597 1327 802 1394 genus
831 1304 1070 1392 duplex
1103 1305 1225 1368 fuit
1248 1327 1263 1368 τ
1290 1327 1529 1386 unum,
1558 1306 1899 1368 alterarum
1933 1307 2389 1390 decumarum3

261 1414 569 1491 alterum,
607 1409 786 1497 quod
817 1425 1120 1497 praeterea
1148 1410 1510 1474 civitatibus
1545 1410 1871 1496 {equaliter
1902 1429 2066 1475 esset
2091 1412 2392 1477 distribu-

263 1535 430 1581 tum.
457 1516 633 1580 nlius
671 1514 1013 1579 decumani
1045 1531 1303 1580 tantum
1327 1565 1345 1597 ‚
1383 1530 1702 1603 quantum
1739 1538 1815 1578 ex
1848 1517 2072 1603 primis
2102 1517 2389 1583 decumis

265 1624 541 1687 fuisset:
593 1620 786 1701 hujus
826 1621 1121 1709 imperati
1165 1622 1354 1691 tritici
1404 1620 1697 1685 modium
1747 1622 2119 1711 octingenta
2175 1624 2389 1688 millia.

267 1729 401 1793 Cic.
436 1729 505 1790 in
538 1728 713 1791 Verr.
745 1726 866 1790 lib.
890 1728 1022 1809 111,
1049 1750 1103 1791 c.
1134 1729 1239 1812 69.

351 1830 613 1897 Locatio
646 1828 1068 1895 decumarum
1107 1832 1172 1894 in
1218 1832 1467 1921 singula
1491 1832 1715 1921 jugera
1755 1830 1966 1895 fiebat.
2000 1831 2091 1894 Ex
2126 1833 2392 1921 singulis

258 1938 499 2026 jugeris
527 1959 669 2024 quae
700 1936 1082 2017 arabantur,
1112 1936 1449 1999 fructuum
1475 1958 1622 2023 pars
1650 1935 1896 2000 decima
1914 1985 1931 2016 ‚
1969 1934 2391 2000 decumarum

266 2043 563 2124 nomine,
599 2041 1075 2107 detrahebatur.
1108 2042 1276 2105 Hinc
1305 2042 1531 2131 jugera
1566 2040 1854 2129 profiteri
1894 2040 2218 2105 debebant
2256 2065 2396 2106 ara-

265 2167 460 2213 tores.
494 2149 648 2212 Haec
677 2148 836 2228 fuit,
874 2163 1083 2211 stante
1115 2147 1476 2235 republica,
1513 2147 1837 2235 vectigalis
1869 2148 2180 2211 frumenti
2210 2148 2394 2212 ratio.

267 2255 435 2319 Nam
463 2253 867 2316 frumentum
902 2250 1063 2316 illud
1095 2252 1275 2339 quod
1314 2252 1540 2316 Cicero
1582 2252 1652 2314 in
1684 2252 1900 2316 Pison.
1936 2275 2072 2340 cap.
2107 2251 2187 2317 35
2209 2301 2227 2333 ‚
2273 2253 2399 2315 ho-

269 2359 602 2424 norarium
639 2370 860 2441 vocat,
899 2380 1035 2422 non
1079 2356 1484 2447 pendebatur
1525 2356 1894 2446 reipublicae
1923 2379 1941 2438 3
1978 2356 2092 2421 sed
2128 2357 2400 2424 dabatur

270 2465 656 2555 praetoribus
683 2487 721 2527 a
753 2464 1147 2551 publicanis,
1195 2464 1464 2528 honoris
1495 2485 1716 2543 causa,
1762 2479 1827 2526 et
1863 2479 1939 2526 ut
1968 2464 2112 2526 illos
2148 2465 2269 2527 sibi
2301 2466 2396 2528 fa-

266 2586 490 2635 ventes
537 2570 604 2631 in
660 2568 882 2632 litibus
936 2569 1067 2631 suis
1123 2589 1274 2631 cum
1328 2566 1831 2654 provincialibus
1883 2567 2214 2631 haberent.
2268 2569 2396 2633 Sed

270 2673 693 2739 honorarium
736 2647 1386 2760 vinum‘'appellatur‚
1428 2671 1607 2758 quod
1640 2671 2012 2760 potentibus
2055 2672 2240 2754 viris,
2273 2673 2397 2737 ho-

273 2780 449 2845 noris
470 2779 689 2868 gratia,
706 2777 998 2841 offertur.
1020 2778 1179 2841 Cato
1198 2776 1279 2840 de
1298 2777 1670 2840 innocentia
1694 2800 1840 2841 sua:
1872 2777 2140 2859 «Quum
2169 2800 2396 2855 essem,

272 2884 523 2973 inquit,
579 2885 648 2946 in
707 2881 1038 2972 provincia
1087 2882 1329 2970 legatus
1386 2880 1800 2969 quamplures
1847 2881 1929 2945 ad
1974 2899 2279 2970 praetores
2334 2899 2399 2948 et

274 2989 571 3055 consules
597 2989 823 3051 vinum
856 2985 1279 3049 honorarium
1313 2984 1584 3067 dabant3
1617 3008 1978 3074 numquam
2007 2989 2252 3075 accepi,
2279 3011 2399 3053 nec

274 3095 557 3183 privatus
596 3089 856 3179 quidem
884 3121 933 3154 υ.
961 3089 1126 3154 Vide
1161 3082 1396 3155 Mutet.
1413 3090 1565 3154 Var.
1592 3090 1763 3154 Lect.
1799 3091 1958 3172 XII,
2000 3089 2060 3156 5.
2098 3093 2395 3157 Alterum

275 3222 353 3263 ex
388 3199 554 3288 agris
595 3195 997 3285 pendebatur
1027 3195 1298 3283 vectigal
1334 3196 1672 3284 scriptura.
1710 3195 1807 3258 Ex
1838 3196 2092 3282 pascuis
2125 3196 2400 3283 publicis

276 3304 684 3392 exigebatur:
710 3315 964 3365 montes
990 3300 1163 3363 enim
1196 3316 1260 3364 et
1290 3300 1424 3389 agri
1460 3299 1728 3365 culturae
1758 3300 2103 3384 inhabileS,
2137 3301 2308 3365 silvis
2337 3318 2402 3366 et
2450 3365 2455 3372 ,

277 3407 508 3475 salictis
538 3407 868 3495 impediti,
907 3405 1243 3494 pascendis
1274 3406 1574 3495 gregibus
1604 3406 2050 3488 elocabantur3
2075 3421 2141 3469 et
2167 3407 2395 3489 saltus,

278 3514 614 3581 communi
653 3514 946 3594 nomine,
981 3511 1082 3576 vel
1117 3534 1354 3599 pascua
1388 3512 1648 3600 publica
1683 3510 2189 3601 appellabantur.
2225 3543 2250 3568 ι
2274 3512 2401 3578 Sal-

278 3639 385 3685 tus
419 3635 547 3701 est,
578 3619 695 3685 ubi
730 3620 899 3683 silvae
933 3634 998 3682 et
1024 3617 1348 3705 pastiones
1380 3633 1606 3700 sunt»,
1637 3617 1852 3703 inquit
1875 3617 2125 3682 Festus,
2151 3618 2398 3683 Saltum

279 3711 607 3814 possidere
641 3727 774 3788 fere
806 3723 1128 3811 proverbii
1169 3723 1449 3811 speciem
1491 3723 1779 3787 obtinuit
1824 3722 1904 3786 de
1944 3721 2141 3788 divite
2186 3741 2398 3813 patre-

281 3829 576 3893 familias.

368 3935 614 3998 Pascua
641 3934 960 4014 ejusmodi
986 3935 1260 4021 plurima
1292 3958 1407 4022 per
1431 3952 1634 3999 totam
1664 3934 1910 3998 Italiam
1944 3949 2009 3998 et
2037 3935 2398 4022 provincias

280 4040 692 4133 possidebant
734 4041 1009 4105 Romani
1039 4023 1059 4104 ἷ
1099 4043 1415 4132 praecipua
1466 4041 1659 4104 Italiae
1696 4057 1879 4105 erant
1919 4041 1988 4102 in
2028 4040 2252 4127 Apulia
2271 4089 2289 4121 ‚
2338 4056 2403 4106 et

282 4148 505 4214 vicinis
539 4146 786 4237 Apuliae
815 4145 991 4212 locis.
1028 4145 1197 4212 Hinc
1220 4164 1485 4234 propter
1517 4145 2032 4233 magnitudinem
2070 4163 2401 4230 pastorum
