3044 4788
675 397 1073 470 ORATIO
1115 400 1322 468 PRO
1370 400 1439 468 S.
1482 398 1904 468 ROSCIO.
2225 398 2353 470 123

259 525 500 607 tiretur,
537 533 634 590 ut
666 520 944 590 malum
984 523 1216 591 civem
1260 524 1599 591 Roscium
1640 519 1856 591 fuisse
1894 516 2237 615 fingeret,
2276 535 2360 591 ut

249 657 389 703 eum
425 628 634 728 apud
674 627 1120 699 adversarios
1155 633 1473 701 occisum
1504 654 1659 701 esse
1693 628 1998 716 diceret3
2053 643 2136 698 ut
2162 627 2360 699 hisce

244 740 319 811 de
334 740 555 812 rebus
577 765 624 810 a
653 740 906 836 legatis
927 742 1432 811 Amerinorum
1460 740 1704 812 doceri
1727 746 1803 812 L.
1823 739 2085 811 Sullam
2109 762 2361 837 passus

243 877 366 922 non
411 855 532 922 sit.
585 853 930 947 Denique
976 854 1187 922 etiam
1234 850 1414 921 illud
1459 853 1810 948 suspicor,
1846 851 2149 920 omnino
2202 847 2359 918 haec

240 960 412 1030 bona
438 985 603 1031 non
632 963 954 1030 venisse:
982 959 1057 1029 id
1080 960 1281 1058 quod
1305 975 1579 1059 postea,
1601 963 1657 1031 si
1686 985 1817 1057 per
1840 970 2029 1047 vos',
2050 956 2357 1055 judiceS,

239 1070 498 1140 licitum
526 1072 696 1155 erit,
709 1072 1093 1166 aperietur.
1117 1073 1398 1168 Opinor
1429 1073 1629 1141 enim
1660 1095 1811 1141 esse
1836 1072 1913 1139 in
1937 1068 2118 1165 lege,
2133 1092 2355 1166 quam

237 1180 314 1251 ad
345 1179 550 1251 diem
583 1182 1195 1277 proscriptioneS,
1233 1179 1835 1274 venditionesque
1877 1177 2055 1248 fiant
2087 1207 2103 1250 ε
2143 1181 2355 1248 nimi-

241 1315 381 1360 rum
411 1289 512 1360 ad
547 1289 689 1359 kal.
710 1290 975 1382 junias.
1001 1288 1294 1384 Aliquot
1316 1304 1483 1387 post
1508 1313 1790 1360 menses
1816 1303 1889 1358 et
1918 1287 2141 1358 homo
2173 1291 2361 1359 occi·

244 1425 351 1468 sus
381 1413 532 1483 est,
580 1412 655 1468 et
699 1396 899 1466 bona
937 1401 1214 1467 venisse
1264 1397 1628 1469 dicuntur.
1670 1396 2000 1470 Profecto
2046 1412 2171 1468 aut
2207 1397 2358 1468 haec

242 1505 434 1576 bona
458 1510 538 1575 in
568 1505 849 1575 tabulas
892 1504 1220 1603 publicas
1249 1509 1448 1579 nulla
1481 1508 1856 1579 redierunt
1870 1503 1926 1594 3,
1959 1531 2237 1603 nosque
2269 1507 2359 1584 ab

250 1619 386 1686 isto
407 1613 766 1685 nebulone
782 1618 815 1666 4
837 1613 1134 1687 facetius
1158 1617 1544 1705 eludimur,
1570 1641 1788 1715 quam
1813 1631 2188 1713 putamus;
2215 1631 2364 1702 aut,

254 1729 312 1794 si
347 1723 742 1810 redierunt,
783 1723 1041 1794 tabulae
1071 1725 1379 1823 publicoe
1419 1742 1774 1825 corruptae
1805 1726 2045 1822 aliqua
2088 1729 2364 1796 ratione

252 1850 427 1904 sunt.
487 1838 670 1905 Nam
742 1835 897 1931 lege
957 1835 1252 1931 quidem
1311 1837 1505 1908 bona
1545 1841 1788 1909 venire
1845 1862 1995 1908 non
2041 1839 2363 1934 potuisse

249 1959 536 2016 constat.
572 1945 911 2040 Intelligo
943 1970 1059 2016 me
1088 1962 1255 2017 ante
1290 1963 1610 2045 tempuS,
1631 1947 1910 2043 judices
1930 2002 1948 2034 ,
1981 1947 2132 2017 haec
2161 1971 2361 2017 scru-

245 2059 397 2140 tari,
432 2070 511 2126 et
551 2055 1088 2152 propemodum
1126 2083 1360 2129 errare
1386 2113 1405 2145 ,
1448 2061 1621 2156 qui,
1670 2084 1896 2156 quum
1950 2060 2161 2156 capiti
2205 2062 2363 2128 Sex,

245 2169 464 2237 Roscii
523 2164 799 2235 mederi
849 2164 1144 2237 debeam
1167 2221 1186 2254 ,
1221 2164 1612 2240 rediviam⁵
1644 2193 1913 2240 curem.
1958 2173 2121 2240 Non
2165 2171 2357 2237 enim

243 2276 511 2347 laborat
541 2275 638 2345 de
670 2279 1014 2372 pecunia3
1046 2302 1193 2348 non
1229 2277 1443 2348 ullius
1475 2280 1827 2347 rationem
1861 2279 1971 2346 sui
2002 2275 2359 2346 commodi

243 2385 472 2473 ducit3
514 2385 725 2457 facile
758 2402 1140 2483 egestatem
1172 2413 1376 2459 suam
1408 2414 1483 2459 se
1511 2388 1824 2458 laturum
1864 2400 2067 2484 putat
2089 2441 2107 2473 ,
2149 2389 2205 2475 si
2232 2385 2366 2455 hac

241 2497 534 2593 indigna
566 2500 980 2593 suspicione
1009 2513 1080 2568 et
1104 2496 1275 2569 ficto
1305 2501 1604 2568 crimine
1635 2496 1979 2567 liberatus
2016 2498 2125 2563 sit.

336 2612 606 2677 Verum
647 2632 892 2703 quaeso
925 2632 964 2677 a
997 2607 1238 2694 vobiS,
1265 2608 1582 2704 judices,
1615 2622 1698 2677 ut
1726 2607 1874 2676 haec
1910 2629 2175 2702 pauca,
2207 2628 2367 2700 qum

246 2736 545 2808 restant,
571 2725 674 2793 ita
706 2720 1035 2807 audiatiS,
1052 2737 1136 2792 ut
1158 2725 1416 2820 partim
1448 2748 1563 2793 me
1596 2721 1837 2791 dicere
1865 2743 2000 2817 pro
2024 2721 2314 2815 meipso
2337 2715 2368 2758 ⁶

244 2834 552 2928 putetis»,
599 2834 862 2928 partim
898 2856 1032 2929 pro
1072 2835 1230 2901 Sex.
1260 2835 1542 2901 Roscio,
1578 2835 1753 2921 Quae
1792 2832 1983 2898 enim
2021 2827 2198 2897 mihi
2233 2830 2366 2925 ipsi

244 2941 537 3037 indigna
577 2955 654 3011 et
693 2940 1167 3012 intolerabilia
1207 2942 1569 3029 videntur,
1601 2966 1908 3038 quaeque
1944 2938 2034 3009 ad
2080 2963 2370 3021 omncS,

245 3054 385 3121 nisi
419 3051 921 3149 providemuS,
955 3051 1266 3123 arbitror
1299 3055 1697 3150 pertinere,
1738 3074 1819 3120 ea
1853 3074 1987 3148 pro
2022 3074 2139 3120 me
2170 3052 2326 3146 ipso
2348 3102 2370 3134 ‚

240 3245 465 3309 Apellam
509 3246 577 3294 nd
621 3262 699 3294 me
733 3246 946 3295 mitteret
961 3269 987 3288 n
1003 3282 1019 3306 ,
1065 3245 1120 3293 id
1159 3257 1261 3306 est,
1345 3246 1512 3311 paullo
1531 3258 1646 3311 post
1664 3255 1713 3292 et
1727 3244 2008 3293 «hominem
2030 3254 2330 3307 postremum
2347 3265 2370 3284 »-

240 3326 387 3372 minit.
1348 3337 1397 3374 et
1428 3341 1655 3374 «servum
1675 3324 2023 3388 nequissimum
2038 3345 2063 3364 a·
2085 3322 2311 3386 appellat.

309 3419 362 3451 ι.
391 3404 447 3450 sa·
460 3419 561 3467 per
580 3418 690 3449 vos.
718 3403 771 3449 Si
796 3419 873 3450 me
897 3405 1063 3454 audire
1087 3403 1259 3451 volue-
1419 3405 1469 3453 5.
1506 3402 1773 3451 Rediviam.
1814 3403 1979 3450 Rebus
2025 3403 2220 3461 majoris
2266 3418 2372 3450 mo-

239 3483 375 3539 ritis,
416 3498 473 3529 en
522 3496 634 3544 quae
671 3481 735 3528 ad
784 3496 978 3530 eausam
1018 3484 1259 3547 pertinere
1348 3486 1499 3530 menti
1536 3481 1791 3546 neglectis,
1821 3497 1985 3528 curam
2026 3481 2221 3529 levioris
2255 3483 2370 3530 muli

238 3572 386 3625 puto,
409 3561 561 3608 libere
584 3569 872 3608 nemmem.
1347 3563 1627 3626 suscipiam.
1681 3563 1833 3609 Porro
1886 3560 2203 3624 proverbium
2238 3573 2312 3609 eet
2352 3578 2365 3611 ε

309 3640 364 3688 3.
400 3640 555 3687 Nulla
577 3639 836 3688 redierunt.
863 3640 982 3688 Non
1006 3640 1058 3688 iu
1082 3641 1262 3690 tabulis
1348 3640 1556 3697 redivia,
1589 3655 1675 3687 seu
1715 3639 1952 3686 reluvium
1969 3673 1985 3699 ,
2032 3639 2232 3687 morbus
2265 3651 2362 3699 eat,

235 3718 476 3782 iunci-ipt-
499 3729 610 3765 nunt
625 3752 641 3776 ‚
667 3733 789 3782 quas
814 3718 970 3765 aenrii
995 3732 1261 3784 questores
1349 3736 1449 3784 quo
1471 3717 1709 3784 particula
1735 3720 1860 3765 eutis
1885 3718 2012 3766 cirea
2037 3735 2222 3781 ungues
2242 3718 2367 3783 digi-

235 3796 578 3856 navabant,
612 3809 664 3845 et
690 3798 744 3845 iu
770 3796 952 3861 quibus
979 3801 1262 3861 pecuniam,
1351 3810 1511 3847 torum
1535 3813 1584 3845 se
1611 3798 1825 3845 resolvit.
1854 3796 2002 3861 (Gall.
2029 3797 2207 3863 envie.)

235 3891 353 3939 qun
372 3891 433 3923 ex
458 3876 718 3939 publicatis
754 3875 903 3924 bouis
930 3875 1263 3940 redigebatur,
1419 3880 1470 3926 6.
1500 3881 1600 3925 Pro
1625 3892 1702 3923 me
1726 3876 1853 3939 ipso.
1880 3878 1997 3924 Meo
2015 3878 2230 3924 nomine.
2255 3879 2369 3925 Pru·

236 3954 540 4019 perscribere
586 3955 828 4003 solebant.
870 3981 941 3990 —
975 3955 1064 4004 Ed.
1101 3958 1229 4013 1480
1247 3991 1262 4015 ,
1351 3958 1520 4005 deuter
1560 3969 1751 4021 separat
1793 3973 1821 4003 a
1865 3972 2007 4004 causa
2048 3956 2217 4005 Roscii
2260 3970 2370 4018 quae

238 4033 413 4081 -nnlla
436 4035 624 4082 ntioue
651 4035 905 4084 redierunt
916 4054 956 4079 a.
1352 4038 1572 4101 gravior·
1610 4036 1828 4084 dicturus
1863 4048 1958 4093 αις
1985 4052 2055 4084 ne⁴
2072 4036 2202 4083 illius
2229 4032 2371 4080 saluti

317 4120 367 4167 4.
415 4113 679 4161 Nebulone.
716 4113 1043 4178 Chry-ogone
1059 4150 1074 4176 ,
1122 4129 1264 4179 quem
1355 4114 1537 4164 officiat
1568 4115 1768 4179 proprie
1795 4116 1998 4162 oratoris
2020 4112 2237 4165 audacia.
