<?xml version="1.0" encoding="UTF-8"?>
<!DOCTYPE html PUBLIC "-//W3C//DTD XHTML 1.0 Transitional//EN"
    "http://www.w3.org/TR/xhtml1/DTD/xhtml1-transitional.dtd">
<html xmlns="http://www.w3.org/1999/xhtml" xml:lang="en" lang="en">
 <head>
  <title>
</title>
<meta http-equiv="Content-Type" content="text/html;charset=utf-8" />
  <meta name='ocr-system' content='tesseract 3.04.00' />
  <meta name='ocr-capabilities' content='ocr_page ocr_carea ocr_par ocr_line ocrx_word'/>
</head>
<body>
  <div class='ocr_page' id='page_1' title='image "./mtciceronisquae09lemagoog/mtciceronisquae09lemagoog_0328.png"; bbox 0 0 3044 4788; ppageno 0'>
   <div class='ocr_carea' id='block_1_1' title="bbox 669 352 2163 478">
    <p class='ocr_par' dir='ltr' id='par_1_1' title="bbox 669 352 2163 478">
     <span class='ocr_line' id='line_1_1' title="bbox 669 352 2163 478; baseline 0.001 -3"><span class='ocrx_word' id='word_1_1' title='bbox 669 404 808 476; x_wconf 78' lang='lat'>288</span> <span class='ocrx_word' id='word_1_2' title='bbox 1301 407 1395 473; x_wconf 91' lang='lat' dir='ltr'>M.</span> <span class='ocrx_word' id='word_1_3' title='bbox 1442 406 1522 473; x_wconf 90' lang='lat' dir='ltr'>T.</span> <span class='ocrx_word' id='word_1_4' title='bbox 1575 352 2163 478; x_wconf 72' lang='lat' dir='ltr'>CICERONIS</span> 
     </span>
    </p>
   </div>
   <div class='ocr_carea' id='block_1_2' title="bbox 654 524 2829 3160">
    <p class='ocr_par' dir='ltr' id='par_1_2' title="bbox 654 524 2829 3160">
     <span class='ocr_line' id='line_1_2' title="bbox 665 524 2829 625; baseline 0.004 -28"><span class='ocrx_word' id='word_1_5' title='bbox 665 530 794 625; x_wconf 88' lang='lat' dir='ltr'>qui</span> <span class='ocrx_word' id='word_1_6' title='bbox 830 541 977 598; x_wconf 88' lang='lat' dir='ltr'>tam</span> <span class='ocrx_word' id='word_1_7' title='bbox 1006 524 1297 598; x_wconf 85' lang='lat' dir='ltr'>nefariis</span> <span class='ocrx_word' id='word_1_8' title='bbox 1335 525 1803 613; x_wconf 69' lang='lat' dir='ltr'>criminibus,</span> <span class='ocrx_word' id='word_1_9' title='bbox 1845 541 1992 597; x_wconf 89' lang='lat' dir='ltr'>tam</span> <span class='ocrx_word' id='word_1_10' title='bbox 2026 529 2276 599; x_wconf 88' lang='lat' dir='ltr'>multis</span> <span class='ocrx_word' id='word_1_11' title='bbox 2311 530 2622 604; x_wconf 89' lang='lat' dir='ltr'>testibus</span> <span class='ocrx_word' id='word_1_12' title='bbox 2665 537 2829 606; x_wconf 82' lang='lat' dir='ltr'>evi-</span> 
     </span>
     <span class='ocr_line' id='line_1_3' title="bbox 664 634 2828 738; baseline 0.003 -29"><span class='ocrx_word' id='word_1_13' title='bbox 664 655 826 715; x_wconf 84' lang='lat' dir='ltr'>ctus</span> <span class='ocrx_word' id='word_1_14' title='bbox 843 635 897 727; x_wconf 78' lang='lat'>³,</span> <span class='ocrx_word' id='word_1_15' title='bbox 927 662 1057 708; x_wconf 93' lang='lat' dir='ltr'>ora</span> <span class='ocrx_word' id='word_1_16' title='bbox 1077 635 1411 732; x_wconf 90' lang='lat' dir='ltr'>judicum</span> <span class='ocrx_word' id='word_1_17' title='bbox 1440 634 1847 735; x_wconf 84' lang='lat' dir='ltr'>adspicere,</span> <span class='ocrx_word' id='word_1_18' title='bbox 1874 651 2001 708; x_wconf 89' lang='lat' dir='ltr'>aut</span> <span class='ocrx_word' id='word_1_19' title='bbox 2031 662 2114 709; x_wconf 88' lang='lat' dir='ltr'>os</span> <span class='ocrx_word' id='word_1_20' title='bbox 2146 662 2355 709; x_wconf 88' lang='lat' dir='ltr'>suum</span> <span class='ocrx_word' id='word_1_21' title='bbox 2377 642 2664 738; x_wconf 89' lang='lat' dir='ltr'>populo</span> <span class='ocrx_word' id='word_1_22' title='bbox 2705 670 2828 715; x_wconf 91' lang='lat' dir='ltr'>ro-</span> 
     </span>
     <span class='ocr_line' id='line_1_4' title="bbox 664 744 2826 848; baseline 0.002 -29"><span class='ocrx_word' id='word_1_23' title='bbox 664 773 880 819; x_wconf 88' lang='lat' dir='ltr'>mano</span> <span class='ocrx_word' id='word_1_24' title='bbox 916 745 1303 818; x_wconf 87' lang='lat' dir='ltr'>ostendere</span> <span class='ocrx_word' id='word_1_25' title='bbox 1352 744 1668 818; x_wconf 65' lang='lat' dir='ltr'>anderen</span> <span class='ocrx_word' id='word_1_26' title='bbox 1726 750 1853 818; x_wconf 88' lang='lat' dir='ltr'>Est</span> <span class='ocrx_word' id='word_1_27' title='bbox 1903 745 2097 818; x_wconf 88' lang='lat' dir='ltr'>idem</span> <span class='ocrx_word' id='word_1_28' title='bbox 2143 752 2209 818; x_wconf 87' lang='lat' dir='ltr'>V</span> <span class='ocrx_word' id='word_1_29' title='bbox 2211 774 2441 837; x_wconf 67' lang='lat' dir='ltr'>erres»,</span> <span class='ocrx_word' id='word_1_30' title='bbox 2483 756 2615 848; x_wconf 92' lang='lat' dir='ltr'>qui</span> <span class='ocrx_word' id='word_1_31' title='bbox 2675 752 2826 824; x_wconf 88' lang='lat' dir='ltr'>fuit</span> 
     </span>
     <span class='ocr_line' id='line_1_5' title="bbox 664 855 2823 959; baseline 0.002 -29"><span class='ocrx_word' id='word_1_32' title='bbox 664 883 994 956; x_wconf 84' lang='lat' dir='ltr'>semper;</span> <span class='ocrx_word' id='word_1_33' title='bbox 1044 871 1126 927; x_wconf 88' lang='lat' dir='ltr'>ut</span> <span class='ocrx_word' id='word_1_34' title='bbox 1160 856 1252 928; x_wconf 89' lang='lat' dir='ltr'>ad</span> <span class='ocrx_word' id='word_1_35' title='bbox 1290 855 1706 927; x_wconf 86' lang='lat' dir='ltr'>audendum</span> <span class='ocrx_word' id='word_1_36' title='bbox 1744 857 2114 956; x_wconf 88' lang='lat' dir='ltr'>projectus</span> <span class='ocrx_word' id='word_1_37' title='bbox 2142 861 2199 947; x_wconf 68' lang='lat'>⁴,</span> <span class='ocrx_word' id='word_1_38' title='bbox 2253 862 2353 931; x_wconf 89' lang='lat' dir='ltr'>sic</span> <span class='ocrx_word' id='word_1_39' title='bbox 2387 876 2685 959; x_wconf 85' lang='lat' dir='ltr'>paratus</span> <span class='ocrx_word' id='word_1_40' title='bbox 2723 864 2823 934; x_wconf 88' lang='lat' dir='ltr'>ad</span> 
     </span>
     <span class='ocr_line' id='line_1_6' title="bbox 664 963 2820 1066; baseline 0.001 -25"><span class='ocrx_word' id='word_1_41' title='bbox 664 963 1206 1040; x_wconf 83' lang='lat' dir='ltr'>audiendum⁵:</span> <span class='ocrx_word' id='word_1_42' title='bbox 1246 980 1511 1064; x_wconf 80' lang='lat' dir='ltr'>praesto</span> <span class='ocrx_word' id='word_1_43' title='bbox 1556 983 1700 1055; x_wconf 89' lang='lat' dir='ltr'>est;</span> <span class='ocrx_word' id='word_1_44' title='bbox 1735 966 2163 1066; x_wconf 89' lang='lat' dir='ltr'>respondet;</span> <span class='ocrx_word' id='word_1_45' title='bbox 2208 967 2645 1042; x_wconf 87' lang='lat' dir='ltr'>defenditur.</span> <span class='ocrx_word' id='word_1_46' title='bbox 2703 977 2820 1044; x_wconf 86' lang='lat' dir='ltr'>Ne</span> 
     </span>
     <span class='ocr_line' id='line_1_7' title="bbox 662 1075 2816 1178; baseline 0 -28"><span class='ocrx_word' id='word_1_47' title='bbox 662 1082 805 1150; x_wconf 90' lang='lat' dir='ltr'>hoc</span> <span class='ocrx_word' id='word_1_48' title='bbox 829 1077 1126 1176; x_wconf 90' lang='lat' dir='ltr'>quidem</span> <span class='ocrx_word' id='word_1_49' title='bbox 1158 1075 1294 1148; x_wconf 89' lang='lat' dir='ltr'>sibi</span> <span class='ocrx_word' id='word_1_50' title='bbox 1328 1075 1590 1174; x_wconf 90' lang='lat' dir='ltr'>reliqui</span> <span class='ocrx_word' id='word_1_51' title='bbox 1629 1075 1834 1164; x_wconf 86' lang='lat' dir='ltr'>facit,</span> <span class='ocrx_word' id='word_1_52' title='bbox 1864 1093 1945 1148; x_wconf 88' lang='lat' dir='ltr'>ut</span> <span class='ocrx_word' id='word_1_53' title='bbox 1973 1079 2048 1148; x_wconf 90' lang='lat' dir='ltr'>in</span> <span class='ocrx_word' id='word_1_54' title='bbox 2082 1075 2305 1149; x_wconf 89' lang='lat' dir='ltr'>rebus</span> <span class='ocrx_word' id='word_1_55' title='bbox 2331 1081 2816 1178; x_wconf 68' lang='lat' dir='ltr'>turpissimis»,</span> 
     </span>
     <span class='ocr_line' id='line_1_8' title="bbox 660 1187 2814 1289; baseline 0.001 -28"><span class='ocrx_word' id='word_1_56' title='bbox 660 1214 892 1289; x_wconf 89' lang='lat' dir='ltr'>quum</span> <span class='ocrx_word' id='word_1_57' title='bbox 925 1187 1310 1261; x_wconf 90' lang='lat' dir='ltr'>manifesto</span> <span class='ocrx_word' id='word_1_58' title='bbox 1341 1202 1703 1276; x_wconf 88' lang='lat' dir='ltr'>teneatur,</span> <span class='ocrx_word' id='word_1_59' title='bbox 1740 1190 1798 1259; x_wconf 93' lang='lat' dir='ltr'>si</span> <span class='ocrx_word' id='word_1_60' title='bbox 1835 1192 2167 1277; x_wconf 82' lang='lat' dir='ltr'>reticeat,</span> <span class='ocrx_word' id='word_1_61' title='bbox 2200 1203 2272 1260; x_wconf 92' lang='lat' dir='ltr'>et</span> <span class='ocrx_word' id='word_1_62' title='bbox 2309 1188 2526 1279; x_wconf 90' lang='lat' dir='ltr'>absit,</span> <span class='ocrx_word' id='word_1_63' title='bbox 2557 1206 2814 1264; x_wconf 89' lang='lat' dir='ltr'>tamen</span> 
     </span>
     <span class='ocr_line' id='line_1_9' title="bbox 661 1296 2811 1400; baseline 0 -28"><span class='ocrx_word' id='word_1_64' title='bbox 661 1296 1179 1400; x_wconf 82' lang='lat' dir='ltr'>impudentiae⁶</span> <span class='ocrx_word' id='word_1_65' title='bbox 1216 1324 1361 1370; x_wconf 81' lang='lat' dir='ltr'>suae</span> <span class='ocrx_word' id='word_1_66' title='bbox 1409 1297 1812 1397; x_wconf 89' lang='lat' dir='ltr'>pudentem</span> <span class='ocrx_word' id='word_1_67' title='bbox 1863 1301 2139 1369; x_wconf 83' lang='lat' dir='ltr'>exitum</span> <span class='ocrx_word' id='word_1_68' title='bbox 2181 1304 2518 1396; x_wconf 82' lang='lat' dir='ltr'>quaesisse</span> <span class='ocrx_word' id='word_1_69' title='bbox 2558 1301 2811 1373; x_wconf 86' lang='lat' dir='ltr'>videa-</span> 
     </span>
     <span class='ocr_line' id='line_1_10' title="bbox 662 1407 2813 1506; baseline 0 -23"><span class='ocrx_word' id='word_1_70' title='bbox 662 1429 804 1484; x_wconf 87' lang='lat' dir='ltr'>tur.</span> <span class='ocrx_word' id='word_1_71' title='bbox 832 1416 1075 1483; x_wconf 87' lang='lat' dir='ltr'>Patior</span> <span class='ocrx_word' id='word_1_72' title='bbox 1096 1422 1150 1497; x_wconf 88' lang='lat'>⁷,</span> <span class='ocrx_word' id='word_1_73' title='bbox 1178 1409 1490 1506; x_wconf 81' lang='lat' dir='ltr'>judiceS,</span> <span class='ocrx_word' id='word_1_74' title='bbox 1527 1422 1601 1479; x_wconf 91' lang='lat' dir='ltr'>et</span> <span class='ocrx_word' id='word_1_75' title='bbox 1633 1432 1788 1478; x_wconf 90' lang='lat' dir='ltr'>non</span> <span class='ocrx_word' id='word_1_76' title='bbox 1826 1408 2133 1480; x_wconf 88' lang='lat' dir='ltr'>moleste</span> <span class='ocrx_word' id='word_1_77' title='bbox 2170 1407 2353 1495; x_wconf 87' lang='lat' dir='ltr'>fero,</span> <span class='ocrx_word' id='word_1_78' title='bbox 2384 1433 2504 1480; x_wconf 89' lang='lat' dir='ltr'>me</span> <span class='ocrx_word' id='word_1_79' title='bbox 2535 1410 2813 1484; x_wconf 88' lang='lat' dir='ltr'>laboris</span> 
     </span>
     <span class='ocr_line' id='line_1_11' title="bbox 662 1514 2812 1611; baseline 0 -19"><span class='ocrx_word' id='word_1_80' title='bbox 662 1527 844 1611; x_wconf 90' lang='lat' dir='ltr'>mei,</span> <span class='ocrx_word' id='word_1_81' title='bbox 872 1546 1000 1592; x_wconf 87' lang='lat' dir='ltr'>vos</span> <span class='ocrx_word' id='word_1_82' title='bbox 1034 1520 1322 1591; x_wconf 85' lang='lat' dir='ltr'>virtutis</span> <span class='ocrx_word' id='word_1_83' title='bbox 1360 1533 1612 1589; x_wconf 83' lang='lat' dir='ltr'>vestrae</span> <span class='ocrx_word' id='word_1_84' title='bbox 1646 1514 1967 1588; x_wconf 87' lang='lat' dir='ltr'>fructum</span> <span class='ocrx_word' id='word_1_85' title='bbox 2005 1542 2158 1589; x_wconf 90' lang='lat' dir='ltr'>esse</span> <span class='ocrx_word' id='word_1_86' title='bbox 2194 1518 2489 1589; x_wconf 88' lang='lat' dir='ltr'>laturos.</span> <span class='ocrx_word' id='word_1_87' title='bbox 2530 1524 2722 1592; x_wconf 87' lang='lat' dir='ltr'>Nam</span> <span class='ocrx_word' id='word_1_88' title='bbox 2751 1524 2812 1593; x_wconf 90' lang='lat' dir='ltr'>si</span> 
     </span>
     <span class='ocr_line' id='line_1_12' title="bbox 658 1626 2809 1725; baseline 0 -22"><span class='ocrx_word' id='word_1_89' title='bbox 658 1636 791 1703; x_wconf 88' lang='lat' dir='ltr'>iste</span> <span class='ocrx_word' id='word_1_90' title='bbox 818 1630 894 1702; x_wconf 92' lang='lat' dir='ltr'>id</span> <span class='ocrx_word' id='word_1_91' title='bbox 922 1629 1240 1715; x_wconf 86' lang='lat' dir='ltr'>fecisset,</span> <span class='ocrx_word' id='word_1_92' title='bbox 1279 1626 1480 1725; x_wconf 92' lang='lat' dir='ltr'>quod</span> <span class='ocrx_word' id='word_1_93' title='bbox 1504 1630 1746 1725; x_wconf 89' lang='lat' dir='ltr'>primo</span> <span class='ocrx_word' id='word_1_94' title='bbox 1779 1640 2157 1714; x_wconf 87' lang='lat' dir='ltr'>statuerat,</span> <span class='ocrx_word' id='word_1_95' title='bbox 2182 1642 2266 1697; x_wconf 91' lang='lat' dir='ltr'>ut</span> <span class='ocrx_word' id='word_1_96' title='bbox 2295 1652 2446 1698; x_wconf 91' lang='lat' dir='ltr'>non</span> <span class='ocrx_word' id='word_1_97' title='bbox 2481 1628 2809 1719; x_wconf 81' lang='lat' dir='ltr'>adesset3</span> 
     </span>
     <span class='ocr_line' id='line_1_13' title="bbox 656 1737 2809 1839; baseline 0.001 -25"><span class='ocrx_word' id='word_1_98' title='bbox 656 1747 900 1814; x_wconf 88' lang='lat' dir='ltr'>minus</span> <span class='ocrx_word' id='word_1_99' title='bbox 944 1738 1377 1838; x_wconf 83' lang='lat' dir='ltr'>aliquande,</span> <span class='ocrx_word' id='word_1_100' title='bbox 1421 1762 1644 1836; x_wconf 89' lang='lat' dir='ltr'>quam</span> <span class='ocrx_word' id='word_1_101' title='bbox 1686 1737 1864 1807; x_wconf 90' lang='lat' dir='ltr'>mihi</span> <span class='ocrx_word' id='word_1_102' title='bbox 1903 1761 2091 1835; x_wconf 88' lang='lat' dir='ltr'>opus</span> <span class='ocrx_word' id='word_1_103' title='bbox 2128 1753 2356 1826; x_wconf 87' lang='lat' dir='ltr'>esset,</span> <span class='ocrx_word' id='word_1_104' title='bbox 2405 1764 2809 1839; x_wconf 86' lang='lat' dir='ltr'>cognosce-</span> 
     </span>
     <span class='ocr_line' id='line_1_14' title="bbox 654 1848 2812 1951; baseline -0 -24"><span class='ocrx_word' id='word_1_105' title='bbox 654 1871 880 1941; x_wconf 86' lang='lat' dir='ltr'>retur,</span> <span class='ocrx_word' id='word_1_106' title='bbox 902 1851 1084 1951; x_wconf 89' lang='lat' dir='ltr'>quid</span> <span class='ocrx_word' id='word_1_107' title='bbox 1116 1875 1250 1947; x_wconf 86' lang='lat' dir='ltr'>ego</span> <span class='ocrx_word' id='word_1_108' title='bbox 1282 1852 1359 1919; x_wconf 90' lang='lat' dir='ltr'>in</span> <span class='ocrx_word' id='word_1_109' title='bbox 1380 1848 1516 1920; x_wconf 88' lang='lat' dir='ltr'>hac</span> <span class='ocrx_word' id='word_1_110' title='bbox 1544 1852 1998 1920; x_wconf 88' lang='lat' dir='ltr'>accusatione</span> <span class='ocrx_word' id='word_1_111' title='bbox 2017 1849 2504 1946; x_wconf 88' lang='lat' dir='ltr'>comparanda</span> <span class='ocrx_word' id='word_1_112' title='bbox 2532 1860 2812 1925; x_wconf 89' lang='lat' dir='ltr'>consti-</span> 
     </span>
     <span class='ocr_line' id='line_1_15' title="bbox 655 1958 2812 2061; baseline 0 -25"><span class='ocrx_word' id='word_1_113' title='bbox 655 1962 1077 2058; x_wconf 88' lang='lat' dir='ltr'>tuendaque</span> <span class='ocrx_word' id='word_1_114' title='bbox 1104 1958 1617 2031; x_wconf 86' lang='lat' dir='ltr'>elaborassem:</span> <span class='ocrx_word' id='word_1_115' title='bbox 1649 1973 1887 2030; x_wconf 86' lang='lat' dir='ltr'>vestra</span> <span class='ocrx_word' id='word_1_116' title='bbox 1917 1982 2091 2029; x_wconf 81' lang='lat' dir='ltr'>vero</span> <span class='ocrx_word' id='word_1_117' title='bbox 2126 1959 2283 2030; x_wconf 90' lang='lat' dir='ltr'>laus</span> <span class='ocrx_word' id='word_1_118' title='bbox 2320 1966 2560 2032; x_wconf 83' lang='lat' dir='ltr'>tenuis</span> <span class='ocrx_word' id='word_1_119' title='bbox 2588 1963 2812 2061; x_wconf 87' lang='lat' dir='ltr'>plane</span> 
     </span>
     <span class='ocr_line' id='line_1_16' title="bbox 657 2067 2812 2171; baseline -0 -25"><span class='ocrx_word' id='word_1_120' title='bbox 657 2089 877 2171; x_wconf 88' lang='lat' dir='ltr'>atque</span> <span class='ocrx_word' id='word_1_121' title='bbox 910 2070 1260 2156; x_wconf 86' lang='lat' dir='ltr'>obscura,</span> <span class='ocrx_word' id='word_1_122' title='bbox 1286 2067 1566 2163; x_wconf 89' lang='lat' dir='ltr'>judices</span> <span class='ocrx_word' id='word_1_123' title='bbox 1588 2123 1608 2155; x_wconf 91' lang='lat'>,</span> <span class='ocrx_word' id='word_1_124' title='bbox 1645 2082 1852 2140; x_wconf 89' lang='lat' dir='ltr'>esset.</span> <span class='ocrx_word' id='word_1_125' title='bbox 1889 2071 2148 2165; x_wconf 87' lang='lat' dir='ltr'>Neque</span> <span class='ocrx_word' id='word_1_126' title='bbox 2186 2071 2382 2140; x_wconf 90' lang='lat' dir='ltr'>enim</span> <span class='ocrx_word' id='word_1_127' title='bbox 2419 2070 2561 2144; x_wconf 93' lang='lat' dir='ltr'>hoc</span> <span class='ocrx_word' id='word_1_128' title='bbox 2592 2097 2637 2144; x_wconf 90' lang='lat' dir='ltr'>a</span> <span class='ocrx_word' id='word_1_129' title='bbox 2672 2099 2812 2145; x_wconf 87' lang='lat' dir='ltr'>vo-</span> 
     </span>
     <span class='ocr_line' id='line_1_17' title="bbox 655 2178 2809 2279; baseline 0.003 -27"><span class='ocrx_word' id='word_1_130' title='bbox 655 2182 768 2252; x_wconf 91' lang='lat' dir='ltr'>bis</span> <span class='ocrx_word' id='word_1_131' title='bbox 795 2178 1113 2279; x_wconf 90' lang='lat' dir='ltr'>populus</span> <span class='ocrx_word' id='word_1_132' title='bbox 1143 2203 1488 2249; x_wconf 89' lang='lat' dir='ltr'>romanus</span> <span class='ocrx_word' id='word_1_133' title='bbox 1525 2186 1930 2277; x_wconf 78' lang='lat' dir='ltr'>exspectat,</span> <span class='ocrx_word' id='word_1_134' title='bbox 1969 2203 2211 2275; x_wconf 89' lang='lat' dir='ltr'>neque</span> <span class='ocrx_word' id='word_1_135' title='bbox 2244 2205 2334 2250; x_wconf 92' lang='lat' dir='ltr'>eo</span> <span class='ocrx_word' id='word_1_136' title='bbox 2369 2196 2611 2278; x_wconf 87' lang='lat' dir='ltr'>potest</span> <span class='ocrx_word' id='word_1_137' title='bbox 2648 2210 2809 2258; x_wconf 85' lang='lat' dir='ltr'>esse</span> 
     </span>
     <span class='ocr_line' id='line_1_18' title="bbox 658 2287 2809 2386; baseline 0.001 -22"><span class='ocrx_word' id='word_1_138' title='bbox 658 2303 1083 2378; x_wconf 81' lang='lat' dir='ltr'>contentuS,</span> <span class='ocrx_word' id='word_1_139' title='bbox 1113 2294 1174 2361; x_wconf 92' lang='lat' dir='ltr'>si</span> <span class='ocrx_word' id='word_1_140' title='bbox 1202 2287 1729 2361; x_wconf 85' lang='lat' dir='ltr'>condemnatus</span> <span class='ocrx_word' id='word_1_141' title='bbox 1765 2294 1856 2361; x_wconf 91' lang='lat' dir='ltr'>sit</span> <span class='ocrx_word' id='word_1_142' title='bbox 1882 2293 1973 2377; x_wconf 89' lang='lat' dir='ltr'>is,</span> <span class='ocrx_word' id='word_1_143' title='bbox 1995 2290 2124 2386; x_wconf 90' lang='lat' dir='ltr'>qui</span> <span class='ocrx_word' id='word_1_144' title='bbox 2162 2289 2409 2363; x_wconf 86' lang='lat' dir='ltr'>adesse</span> <span class='ocrx_word' id='word_1_145' title='bbox 2443 2293 2809 2383; x_wconf 86' lang='lat' dir='ltr'>noluerit;</span> 
     </span>
     <span class='ocr_line' id='line_1_19' title="bbox 656 2399 2810 2498; baseline 0.003 -25"><span class='ocrx_word' id='word_1_146' title='bbox 656 2417 733 2473; x_wconf 91' lang='lat' dir='ltr'>et</span> <span class='ocrx_word' id='word_1_147' title='bbox 777 2407 834 2473; x_wconf 93' lang='lat' dir='ltr'>si</span> <span class='ocrx_word' id='word_1_148' title='bbox 876 2399 1098 2474; x_wconf 86' lang='lat' dir='ltr'>fortes</span> <span class='ocrx_word' id='word_1_149' title='bbox 1137 2400 1418 2473; x_wconf 87' lang='lat' dir='ltr'>fueritis</span> <span class='ocrx_word' id='word_1_150' title='bbox 1453 2403 1530 2471; x_wconf 91' lang='lat' dir='ltr'>in</span> <span class='ocrx_word' id='word_1_151' title='bbox 1572 2426 1660 2472; x_wconf 92' lang='lat' dir='ltr'>eo</span> <span class='ocrx_word' id='word_1_152' title='bbox 1684 2456 1705 2490; x_wconf 89' lang='lat'>,</span> <span class='ocrx_word' id='word_1_153' title='bbox 1766 2425 1991 2498; x_wconf 89' lang='lat' dir='ltr'>quem</span> <span class='ocrx_word' id='word_1_154' title='bbox 2028 2427 2248 2474; x_wconf 89' lang='lat' dir='ltr'>nemo</span> <span class='ocrx_word' id='word_1_155' title='bbox 2289 2405 2383 2473; x_wconf 91' lang='lat' dir='ltr'>sit</span> <span class='ocrx_word' id='word_1_156' title='bbox 2416 2429 2633 2477; x_wconf 86' lang='lat' dir='ltr'>ausus</span> <span class='ocrx_word' id='word_1_157' title='bbox 2671 2406 2810 2479; x_wconf 89' lang='lat' dir='ltr'>de-</span> 
     </span>
     <span class='ocr_line' id='line_1_20' title="bbox 660 2511 2804 2613; baseline 0.002 -29"><span class='ocrx_word' id='word_1_158' title='bbox 660 2512 975 2585; x_wconf 86' lang='lat' dir='ltr'>fendere.</span> <span class='ocrx_word' id='word_1_159' title='bbox 1014 2517 1174 2584; x_wconf 89' lang='lat' dir='ltr'>Imo</span> <span class='ocrx_word' id='word_1_160' title='bbox 1198 2537 1371 2584; x_wconf 86' lang='lat' dir='ltr'>vero</span> <span class='ocrx_word' id='word_1_161' title='bbox 1403 2511 1588 2584; x_wconf 86' lang='lat' dir='ltr'>adsit</span> <span class='ocrx_word' id='word_1_162' title='bbox 1608 2567 1627 2599; x_wconf 93' lang='lat'>,</span> <span class='ocrx_word' id='word_1_163' title='bbox 1660 2511 2144 2609; x_wconf 79' lang='lat' dir='ltr'>respondeat3</span> <span class='ocrx_word' id='word_1_164' title='bbox 2179 2514 2480 2585; x_wconf 88' lang='lat' dir='ltr'>summis</span> <span class='ocrx_word' id='word_1_165' title='bbox 2508 2514 2804 2613; x_wconf 69' lang='lat' dir='ltr'>opibus»,</span> 
     </span>
     <span class='ocr_line' id='line_1_21' title="bbox 657 2622 2802 2720; baseline 0.001 -24"><span class='ocrx_word' id='word_1_166' title='bbox 657 2648 945 2697; x_wconf 89' lang='lat' dir='ltr'>summo</span> <span class='ocrx_word' id='word_1_167' title='bbox 965 2623 1206 2694; x_wconf 90' lang='lat' dir='ltr'>studio</span> <span class='ocrx_word' id='word_1_168' title='bbox 1235 2624 1910 2720; x_wconf 88' lang='lat' dir='ltr'>potentissimorum</span> <span class='ocrx_word' id='word_1_169' title='bbox 1933 2622 2319 2694; x_wconf 90' lang='lat' dir='ltr'>hominum</span> <span class='ocrx_word' id='word_1_170' title='bbox 2347 2622 2802 2716; x_wconf 82' lang='lat' dir='ltr'>defendatur3</span> 
     </span>
     <span class='ocr_line' id='line_1_22' title="bbox 657 2724 2802 2832; baseline -0 -24"><span class='ocrx_word' id='word_1_171' title='bbox 657 2750 885 2808; x_wconf 87' lang='lat' dir='ltr'>certet</span> <span class='ocrx_word' id='word_1_172' title='bbox 910 2759 1067 2804; x_wconf 88' lang='lat' dir='ltr'>mea</span> <span class='ocrx_word' id='word_1_173' title='bbox 1101 2733 1470 2829; x_wconf 87' lang='lat' dir='ltr'>diligentia</span> <span class='ocrx_word' id='word_1_174' title='bbox 1495 2757 1665 2803; x_wconf 91' lang='lat' dir='ltr'>cum</span> <span class='ocrx_word' id='word_1_175' title='bbox 1691 2724 1981 2801; x_wconf 82' lang='lat' dir='ltr'>illorum</span> <span class='ocrx_word' id='word_1_176' title='bbox 2008 2734 2340 2802; x_wconf 88' lang='lat' dir='ltr'>omnium</span> <span class='ocrx_word' id='word_1_177' title='bbox 2367 2734 2802 2832; x_wconf 78' lang='lat' dir='ltr'>cupiditate3</span> 
     </span>
     <span class='ocr_line' id='line_1_23' title="bbox 656 2845 2799 2940; baseline 0.001 -26"><span class='ocrx_word' id='word_1_178' title='bbox 656 2859 891 2916; x_wconf 88' lang='lat' dir='ltr'>vestra</span> <span class='ocrx_word' id='word_1_179' title='bbox 925 2845 1293 2940; x_wconf 86' lang='lat' dir='ltr'>integritas</span> <span class='ocrx_word' id='word_1_180' title='bbox 1331 2866 1498 2913; x_wconf 90' lang='lat' dir='ltr'>cum</span> <span class='ocrx_word' id='word_1_181' title='bbox 1535 2846 1740 2913; x_wconf 89' lang='lat' dir='ltr'>istius</span> <span class='ocrx_word' id='word_1_182' title='bbox 1775 2845 2438 2939; x_wconf 81' lang='lat' dir='ltr'>pecunia3testium</span> <span class='ocrx_word' id='word_1_183' title='bbox 2459 2862 2799 2917; x_wconf 90' lang='lat' dir='ltr'>constan-</span> 
     </span>
     <span class='ocr_line' id='line_1_24' title="bbox 654 2952 2799 3052; baseline 0.002 -28"><span class='ocrx_word' id='word_1_184' title='bbox 654 2959 754 3024; x_wconf 91' lang='lat' dir='ltr'>tia</span> <span class='ocrx_word' id='word_1_185' title='bbox 786 2977 954 3022; x_wconf 88' lang='lat' dir='ltr'>cum</span> <span class='ocrx_word' id='word_1_186' title='bbox 990 2952 1182 3024; x_wconf 87' lang='lat' dir='ltr'>illius</span> <span class='ocrx_word' id='word_1_187' title='bbox 1217 2966 1696 3050; x_wconf 87' lang='lat' dir='ltr'>patronorum</span> <span class='ocrx_word' id='word_1_188' title='bbox 1728 2952 1945 3023; x_wconf 89' lang='lat' dir='ltr'>minis</span> <span class='ocrx_word' id='word_1_189' title='bbox 1978 2967 2198 3050; x_wconf 88' lang='lat' dir='ltr'>atque</span> <span class='ocrx_word' id='word_1_190' title='bbox 2232 2958 2558 3052; x_wconf 89' lang='lat' dir='ltr'>potentia</span> <span class='ocrx_word' id='word_1_191' title='bbox 2593 2984 2609 3028; x_wconf 91' lang='lat'><strong>:</strong></span> <span class='ocrx_word' id='word_1_192' title='bbox 2643 2972 2799 3028; x_wconf 91' lang='lat' dir='ltr'>tum</span> 
     </span>
     <span class='ocr_line' id='line_1_25' title="bbox 654 3060 2798 3160; baseline 0.003 -27"><span class='ocrx_word' id='word_1_193' title='bbox 654 3062 953 3133; x_wconf 87' lang='lat' dir='ltr'>demum</span> <span class='ocrx_word' id='word_1_194' title='bbox 985 3060 1105 3131; x_wconf 92' lang='lat' dir='ltr'>illa</span> <span class='ocrx_word' id='word_1_195' title='bbox 1140 3063 1327 3133; x_wconf 81' lang='lat' dir='ltr'>victa</span> <span class='ocrx_word' id='word_1_196' title='bbox 1359 3061 1832 3149; x_wconf 85' lang='lat' dir='ltr'>videbuntur,</span> <span class='ocrx_word' id='word_1_197' title='bbox 1870 3088 2101 3160; x_wconf 89' lang='lat' dir='ltr'>quum</span> <span class='ocrx_word' id='word_1_198' title='bbox 2138 3065 2214 3133; x_wconf 91' lang='lat' dir='ltr'>in</span> <span class='ocrx_word' id='word_1_199' title='bbox 2248 3068 2798 3139; x_wconf 87' lang='lat' dir='ltr'>contentionem</span> 
     </span>
    </p>
   </div>
   <div class='ocr_carea' id='block_1_3' title="bbox 653 3257 2800 3879">
    <p class='ocr_par' dir='ltr' id='par_1_3' title="bbox 653 3257 2800 3879">
     <span class='ocr_line' id='line_1_26' title="bbox 658 3257 2800 3325; baseline 0 -14"><span class='ocrx_word' id='word_1_200' title='bbox 658 3263 827 3312; x_wconf 80' lang='lat' dir='ltr'>nutius</span> <span class='ocrx_word' id='word_1_201' title='bbox 876 3269 1037 3307; x_wconf 74' lang='lat' dir='ltr'>nutem</span> <span class='ocrx_word' id='word_1_202' title='bbox 1091 3272 1427 3322; x_wconf 82' lang='lat' dir='ltr'>responsurum</span> <span class='ocrx_word' id='word_1_203' title='bbox 1474 3257 1684 3321; x_wconf 76' lang='lat' dir='ltr'>accipit,</span> <span class='ocrx_word' id='word_1_204' title='bbox 1770 3258 1855 3322; x_wconf 86' lang='lat' dir='ltr'>qui</span> <span class='ocrx_word' id='word_1_205' title='bbox 1878 3258 2091 3306; x_wconf 67' lang='lat' dir='ltr'>audaciae</span> <span class='ocrx_word' id='word_1_206' title='bbox 2108 3268 2181 3306; x_wconf 81' lang='lat' dir='ltr'>est</span> <span class='ocrx_word' id='word_1_207' title='bbox 2200 3260 2457 3309; x_wconf 75' lang='lat' dir='ltr'>eminentis</span> <span class='ocrx_word' id='word_1_208' title='bbox 2474 3276 2531 3308; x_wconf 80' lang='lat' dir='ltr'>ac</span> <span class='ocrx_word' id='word_1_209' title='bbox 2549 3262 2800 3325; x_wconf 63' lang='lat' dir='ltr'>projecit.</span> 
     </span>
     <span class='ocr_line' id='line_1_27' title="bbox 656 3336 2798 3407; baseline -0.001 -17"><span class='ocrx_word' id='word_1_210' title='bbox 656 3342 796 3407; x_wconf 80' lang='lat' dir='ltr'>quasi</span> <span class='ocrx_word' id='word_1_211' title='bbox 832 3355 922 3404; x_wconf 85' lang='lat' dir='ltr'>per</span> <span class='ocrx_word' id='word_1_212' title='bbox 955 3338 1275 3386; x_wconf 75' lang='lat' dir='ltr'>Hortensium</span> <span class='ocrx_word' id='word_1_213' title='bbox 1309 3336 1580 3383; x_wconf 77' lang='lat' dir='ltr'>orationem</span> <span class='ocrx_word' id='word_1_214' title='bbox 1619 3338 1685 3384; x_wconf 82' lang='lat' dir='ltr'>sit</span> <span class='ocrx_word' id='word_1_215' title='bbox 1843 3339 1894 3388; x_wconf 86' lang='lat'>5.</span> <span class='ocrx_word' id='word_1_216' title='bbox 1922 3337 2250 3388; x_wconf 79' lang='lat' dir='ltr'>Audiendum.</span> <span class='ocrx_word' id='word_1_217' title='bbox 2283 3339 2500 3387; x_wconf 86' lang='lat' dir='ltr'>Subaud.</span> <span class='ocrx_word' id='word_1_218' title='bbox 2521 3343 2687 3388; x_wconf 80' lang='lat' dir='ltr'>omnia</span> <span class='ocrx_word' id='word_1_219' title='bbox 2705 3342 2798 3388; x_wconf 68' lang='lat' dir='ltr'>sihi</span> 
     </span>
     <span class='ocr_line' id='line_1_28' title="bbox 655 3415 2797 3482; baseline -0.002 -12"><span class='ocrx_word' id='word_1_220' title='bbox 655 3421 915 3469; x_wconf 77' lang='lat' dir='ltr'>habiturus</span> <span class='ocrx_word' id='word_1_221' title='bbox 930 3419 1131 3474; x_wconf 78' lang='lat' dir='ltr'>Verres,</span> <span class='ocrx_word' id='word_1_222' title='bbox 1165 3427 1215 3464; x_wconf 82' lang='lat' dir='ltr'>et</span> <span class='ocrx_word' id='word_1_223' title='bbox 1239 3415 1443 3463; x_wconf 78' lang='lat' dir='ltr'>adnotat</span> <span class='ocrx_word' id='word_1_224' title='bbox 1468 3432 1606 3464; x_wconf 85' lang='lat' dir='ltr'>reum</span> <span class='ocrx_word' id='word_1_225' title='bbox 1628 3417 1682 3464; x_wconf 88' lang='lat' dir='ltr'>iu</span> <span class='ocrx_word' id='word_1_226' title='bbox 1774 3417 1963 3478; x_wconf 76' lang='lat' dir='ltr'>objecta</span> <span class='ocrx_word' id='word_1_227' title='bbox 1985 3416 2164 3481; x_wconf 79' lang='lat' dir='ltr'>probra</span> <span class='ocrx_word' id='word_1_228' title='bbox 2188 3432 2201 3466; x_wconf 90' lang='lat'>:</span> <span class='ocrx_word' id='word_1_229' title='bbox 2226 3419 2312 3481; x_wconf 87' lang='lat' dir='ltr'>qui</span> <span class='ocrx_word' id='word_1_230' title='bbox 2338 3431 2600 3482; x_wconf 68' lang='lat' dir='ltr'>promptus</span> <span class='ocrx_word' id='word_1_231' title='bbox 2640 3432 2713 3469; x_wconf 79' lang='lat' dir='ltr'>est</span> <span class='ocrx_word' id='word_1_232' title='bbox 2737 3420 2797 3466; x_wconf 83' lang='lat' dir='ltr'>ad</span> 
     </span>
     <span class='ocr_line' id='line_1_29' title="bbox 653 3496 2796 3563; baseline 0.001 -18"><span class='ocrx_word' id='word_1_233' title='bbox 653 3498 841 3560; x_wconf 79' lang='lat' dir='ltr'>J‘udicio</span> <span class='ocrx_word' id='word_1_234' title='bbox 873 3507 1054 3553; x_wconf 74' lang='lat' dir='ltr'>tacere,</span> <span class='ocrx_word' id='word_1_235' title='bbox 1086 3508 1135 3545; x_wconf 78' lang='lat' dir='ltr'>et</span> <span class='ocrx_word' id='word_1_236' title='bbox 1169 3512 1259 3560; x_wconf 83' lang='lat' dir='ltr'>per</span> <span class='ocrx_word' id='word_1_237' title='bbox 1284 3506 1546 3558; x_wconf 81' lang='lat' dir='ltr'>patronum</span> <span class='ocrx_word' id='word_1_238' title='bbox 1573 3507 1680 3543; x_wconf 71' lang='lat' dir='ltr'>tan·</span> <span class='ocrx_word' id='word_1_239' title='bbox 1770 3496 1966 3561; x_wconf 78' lang='lat' dir='ltr'>quidvis</span> <span class='ocrx_word' id='word_1_240' title='bbox 1983 3496 2218 3561; x_wconf 83' lang='lat' dir='ltr'>probrum</span> <span class='ocrx_word' id='word_1_241' title='bbox 2234 3497 2547 3560; x_wconf 80' lang='lat' dir='ltr'>audiendum,</span> <span class='ocrx_word' id='word_1_242' title='bbox 2561 3502 2648 3563; x_wconf 83' lang='lat' dir='ltr'>qui</span> <span class='ocrx_word' id='word_1_243' title='bbox 2662 3499 2796 3547; x_wconf 83' lang='lat' dir='ltr'>nullo</span> 
     </span>
     <span class='ocr_line' id='line_1_30' title="bbox 658 3574 2301 3642; baseline -0.002 -14"><span class='ocrx_word' id='word_1_244' title='bbox 658 3576 915 3628; x_wconf 79' lang='lat' dir='ltr'>tummodo</span> <span class='ocrx_word' id='word_1_245' title='bbox 946 3576 1263 3642; x_wconf 78' lang='lat' dir='ltr'>respondere.</span> <span class='ocrx_word' id='word_1_246' title='bbox 1285 3577 1432 3633; x_wconf 78' lang='lat' dir='ltr'>Vere,</span> <span class='ocrx_word' id='word_1_247' title='bbox 1469 3574 1556 3623; x_wconf 77' lang='lat' dir='ltr'>sed</span> <span class='ocrx_word' id='word_1_248' title='bbox 1583 3592 1683 3624; x_wconf 79' lang='lat' dir='ltr'>non</span> <span class='ocrx_word' id='word_1_249' title='bbox 1772 3574 1960 3640; x_wconf 82' lang='lat' dir='ltr'>pudore</span> <span class='ocrx_word' id='word_1_250' title='bbox 1985 3576 2301 3626; x_wconf 78' lang='lat' dir='ltr'>suffunditur.</span> 
     </span>
     <span class='ocr_line' id='line_1_31' title="bbox 653 3654 2795 3722; baseline -0 -17"><span class='ocrx_word' id='word_1_251' title='bbox 653 3667 765 3706; x_wconf 76' lang='lat' dir='ltr'>erae</span> <span class='ocrx_word' id='word_1_252' title='bbox 789 3655 870 3703; x_wconf 71' lang='lat' dir='ltr'>hic</span> <span class='ocrx_word' id='word_1_253' title='bbox 895 3654 1044 3705; x_wconf 84' lang='lat' dir='ltr'>Iocus.</span> <span class='ocrx_word' id='word_1_254' title='bbox 1840 3655 1892 3703; x_wconf 84' lang='lat'>6.</span> <span class='ocrx_word' id='word_1_255' title='bbox 1923 3655 2261 3719; x_wconf 78' lang='lat' dir='ltr'>Impudentioe.</span> <span class='ocrx_word' id='word_1_256' title='bbox 2292 3655 2476 3719; x_wconf 84' lang='lat' dir='ltr'>Aliquo</span> <span class='ocrx_word' id='word_1_257' title='bbox 2508 3655 2678 3705; x_wconf 72' lang='lat' dir='ltr'>saltem</span> <span class='ocrx_word' id='word_1_258' title='bbox 2706 3670 2795 3722; x_wconf 84' lang='lat' dir='ltr'>pu-</span> 
     </span>
     <span class='ocr_line' id='line_1_32' title="bbox 731 3731 2794 3799; baseline 0 -15"><span class='ocrx_word' id='word_1_259' title='bbox 731 3736 781 3784; x_wconf 81' lang='lat'>3.</span> <span class='ocrx_word' id='word_1_260' title='bbox 809 3733 1068 3783; x_wconf 62' lang='lat' dir='ltr'>Scholion.</span> <span class='ocrx_word' id='word_1_261' title='bbox 1101 3749 1247 3783; x_wconf 81' lang='lat' dir='ltr'>anon.</span> <span class='ocrx_word' id='word_1_262' title='bbox 1276 3744 1324 3781; x_wconf 82' lang='lat' dir='ltr'>et</span> <span class='ocrx_word' id='word_1_263' title='bbox 1351 3731 1548 3797; x_wconf 68' lang='lat' dir='ltr'>quidum</span> <span class='ocrx_word' id='word_1_264' title='bbox 1577 3750 1674 3784; x_wconf 72' lang='lat' dir='ltr'>scr.</span> <span class='ocrx_word' id='word_1_265' title='bbox 1774 3733 1911 3782; x_wconf 83' lang='lat' dir='ltr'>doris</span> <span class='ocrx_word' id='word_1_266' title='bbox 1935 3735 2142 3799; x_wconf 75' lang='lat' dir='ltr'>vestigio</span> <span class='ocrx_word' id='word_1_267' title='bbox 2170 3734 2508 3799; x_wconf 79' lang='lat' dir='ltr'>impudentem</span> <span class='ocrx_word' id='word_1_268' title='bbox 2533 3736 2686 3784; x_wconf 70' lang='lat' dir='ltr'>vitam</span> <span class='ocrx_word' id='word_1_269' title='bbox 2710 3736 2794 3784; x_wconf 88' lang='lat' dir='ltr'>ob·</span> 
     </span>
     <span class='ocr_line' id='line_1_33' title="bbox 655 3813 1915 3879; baseline -0.001 -15"><span class='ocrx_word' id='word_1_270' title='bbox 655 3815 742 3864; x_wconf 86' lang='lat' dir='ltr'>lib.</span> <span class='ocrx_word' id='word_1_271' title='bbox 762 3813 1019 3862; x_wconf 76' lang='lat' dir='ltr'>convictus.</span> <span class='ocrx_word' id='word_1_272' title='bbox 1042 3817 1074 3863; x_wconf 85' lang='lat' dir='ltr'><strong>J</strong></span> <span class='ocrx_word' id='word_1_273' title='bbox 1079 3817 1158 3864; x_wconf 67' lang='grc' dir='ltr'>Ν.</span> <span class='ocrx_word' id='word_1_274' title='bbox 1178 3816 1232 3862; x_wconf 91' lang='lat' dir='ltr'>L.</span> <span class='ocrx_word' id='word_1_275' title='bbox 1255 3839 1325 3850; x_wconf 90' lang='lat'>—</span> <span class='ocrx_word' id='word_1_276' title='bbox 1344 3813 1600 3877; x_wconf 68' lang='lat' dir='ltr'>vulga-um</span> <span class='ocrx_word' id='word_1_277' title='bbox 1620 3826 1679 3862; x_wconf 82' lang='lat' dir='ltr'>ut</span> <span class='ocrx_word' id='word_1_278' title='bbox 1765 3825 1915 3879; x_wconf 71' lang='lat' dir='ltr'>tegat.</span> 
     </span>
    </p>
   </div>
   <div class='ocr_carea' id='block_1_4' title="bbox 656 3891 2791 4118">
    <p class='ocr_par' dir='ltr' id='par_1_4' title="bbox 656 3891 2791 4118">
     <span class='ocr_line' id='line_1_34' title="bbox 657 3891 2791 3959; baseline -0 -16"><span class='ocrx_word' id='word_1_279' title='bbox 657 3894 1022 3959; x_wconf 67' lang='lat' dir='ltr'>exquisitior-em</span> <span class='ocrx_word' id='word_1_280' title='bbox 1043 3904 1094 3941; x_wconf 82' lang='lat' dir='ltr'>et</span> <span class='ocrx_word' id='word_1_281' title='bbox 1117 3891 1215 3940; x_wconf 88' lang='lat' dir='ltr'>hoc</span> <span class='ocrx_word' id='word_1_282' title='bbox 1239 3908 1383 3940; x_wconf 78' lang='lat' dir='ltr'>sensu</span> <span class='ocrx_word' id='word_1_283' title='bbox 1405 3908 1507 3940; x_wconf 88' lang='lat' dir='ltr'>uon</span> <span class='ocrx_word' id='word_1_284' title='bbox 1529 3893 1677 3941; x_wconf 80' lang='lat' dir='ltr'>semel</span> <span class='ocrx_word' id='word_1_285' title='bbox 1841 3911 1889 3955; x_wconf 86' lang='lat'>7.</span> <span class='ocrx_word' id='word_1_286' title='bbox 1909 3892 2094 3942; x_wconf 77' lang='lat' dir='ltr'>Patior.</span> <span class='ocrx_word' id='word_1_287' title='bbox 2105 3895 2454 3942; x_wconf 68' lang='lat' dir='ltr'>Verumtamen</span> <span class='ocrx_word' id='word_1_288' title='bbox 2471 3893 2662 3959; x_wconf 78' lang='lat' dir='ltr'>gaudeo</span> <span class='ocrx_word' id='word_1_289' title='bbox 2675 3897 2791 3942; x_wconf 83' lang='lat' dir='ltr'>Ver-</span> 
     </span>
     <span class='ocr_line' id='line_1_35' title="bbox 658 3970 2790 4025; baseline -0.001 -1"><span class='ocrx_word' id='word_1_290' title='bbox 658 3983 994 4024; x_wconf 79' lang='lat' dir='ltr'>occurrentem</span> <span class='ocrx_word' id='word_1_291' title='bbox 1012 3970 1281 4020; x_wconf 78' lang='lat' dir='ltr'>defendunt</span> <span class='ocrx_word' id='word_1_292' title='bbox 1300 3974 1468 4021; x_wconf 70' lang='lat' dir='ltr'>Groev.</span> <span class='ocrx_word' id='word_1_293' title='bbox 1487 3973 1677 4021; x_wconf 80' lang='lat' dir='ltr'>Ernest.</span> <span class='ocrx_word' id='word_1_294' title='bbox 1770 3990 1872 4021; x_wconf 81' lang='lat' dir='ltr'>rem</span> <span class='ocrx_word' id='word_1_295' title='bbox 1895 3989 1998 4021; x_wconf 88' lang='lat' dir='ltr'>uon</span> <span class='ocrx_word' id='word_1_296' title='bbox 2024 3973 2201 4022; x_wconf 75' lang='lat' dir='ltr'>abiisse</span> <span class='ocrx_word' id='word_1_297' title='bbox 2221 3988 2235 4022; x_wconf 72' lang='grc' dir='ltr'>ε</span> <span class='ocrx_word' id='word_1_298' title='bbox 2267 3975 2338 4022; x_wconf 76' lang='lat' dir='ltr'>sic</span> <span class='ocrx_word' id='word_1_299' title='bbox 2357 3976 2487 4023; x_wconf 87' lang='lat' dir='ltr'>euim</span> <span class='ocrx_word' id='word_1_300' title='bbox 2509 3976 2701 4025; x_wconf 72' lang='lat' dir='ltr'>laudem</span> <span class='ocrx_word' id='word_1_301' title='bbox 2727 3976 2790 4023; x_wconf 80' lang='lat' dir='ltr'>fe·</span> 
     </span>
     <span class='ocr_line' id='line_1_36' title="bbox 656 4054 2788 4118; baseline -0 -16"><span class='ocrx_word' id='word_1_302' title='bbox 656 4055 805 4106; x_wconf 66' lang='lat' dir='ltr'>beck.</span> <span class='ocrx_word' id='word_1_303' title='bbox 1770 4068 1931 4100; x_wconf 78' lang='lat' dir='ltr'>remus</span> <span class='ocrx_word' id='word_1_304' title='bbox 1945 4087 1960 4111; x_wconf 91' lang='lat'>‚</span> <span class='ocrx_word' id='word_1_305' title='bbox 1980 4067 2072 4116; x_wconf 83' lang='lat' dir='ltr'>ego</span> <span class='ocrx_word' id='word_1_306' title='bbox 2101 4070 2165 4102; x_wconf 85' lang='lat' dir='ltr'>ex</span> <span class='ocrx_word' id='word_1_307' title='bbox 2189 4070 2294 4102; x_wconf 75' lang='lat' dir='ltr'>mea</span> <span class='ocrx_word' id='word_1_308' title='bbox 2317 4054 2568 4118; x_wconf 74' lang='lat' dir='ltr'>diligentia</span> <span class='ocrx_word' id='word_1_309' title='bbox 2582 4090 2597 4116; x_wconf 93' lang='lat'>,</span> <span class='ocrx_word' id='word_1_310' title='bbox 2617 4071 2706 4103; x_wconf 73' lang='lat' dir='ltr'>vos</span> <span class='ocrx_word' id='word_1_311' title='bbox 2732 4071 2788 4102; x_wconf 83' lang='lat' dir='ltr'>ex</span> 
     </span>
    </p>
   </div>
   <div class='ocr_carea' id='block_1_5' title="bbox 735 4129 2791 4202">
    <p class='ocr_par' dir='ltr' id='par_1_5' title="bbox 735 4129 2791 4202">
     <span class='ocr_line' id='line_1_37' title="bbox 735 4129 2791 4202; baseline 0 -18"><span class='ocrx_word' id='word_1_312' title='bbox 735 4143 787 4191; x_wconf 74' lang='grc'>4.</span> <span class='ocrx_word' id='word_1_313' title='bbox 808 4131 1076 4193; x_wconf 74' lang='lat' dir='ltr'>Proiectus.</span> <span class='ocrx_word' id='word_1_314' title='bbox 1102 4133 1179 4180; x_wconf 82' lang='lat' dir='ltr'>De</span> <span class='ocrx_word' id='word_1_315' title='bbox 1206 4147 1265 4180; x_wconf 83' lang='lat' dir='ltr'>eo</span> <span class='ocrx_word' id='word_1_316' title='bbox 1293 4146 1470 4195; x_wconf 82' lang='lat' dir='ltr'>nempe</span> <span class='ocrx_word' id='word_1_317' title='bbox 1501 4129 1683 4178; x_wconf 79' lang='lat' dir='ltr'>dicitur</span> <span class='ocrx_word' id='word_1_318' title='bbox 1769 4131 2044 4197; x_wconf 77' lang='lat' dir='ltr'>integritate</span> <span class='ocrx_word' id='word_1_319' title='bbox 2070 4143 2240 4183; x_wconf 74' lang='lat' dir='ltr'>vestra.</span> <span class='ocrx_word' id='word_1_320' title='bbox 2278 4135 2473 4184; x_wconf 80' lang='lat' dir='ltr'>Summa</span> <span class='ocrx_word' id='word_1_321' title='bbox 2501 4151 2611 4185; x_wconf 88' lang='lat' dir='ltr'>cum</span> <span class='ocrx_word' id='word_1_322' title='bbox 2638 4134 2791 4202; x_wconf 77' lang='lat' dir='ltr'>digui-</span> 
     </span>
    </p>
   </div>
  </div>
 </body>
</html>
