3044 4788
643 425 753 515 IN
802 426 1229 495 VERREM
1278 425 1491 493 Aer.
1546 424 1652 510 11,
1701 425 1887 491 Lm.
1938 424 2033 491 11.
2261 424 2393 517 491

277 557 581 617 statuam
611 546 767 640 ejus
798 571 838 618 a
860 545 1462 617 Taurominitanis
1489 568 1643 614 esse
1677 543 2028 640 dejectam
2049 598 2068 631 ,
2098 567 2319 640 quam
2348 547 2405 615 si

278 656 548 726 nullam
599 680 944 753 umquam
988 658 1295 755 positam
1342 652 1886 724 arbitrarentur.
1944 654 2408 751 Tyndaritani

280 764 689 860 dejecerunt
723 767 797 836 in
832 765 1032 853 foro;
1071 779 1143 837 et
1170 764 1421 836 eadem
1458 764 1550 835 de
1579 789 1791 835 causa
1817 789 2090 862 equum
2119 767 2408 834 inanem

280 876 747 971 reliquerunt.
784 877 1179 962 Leontinis,
1205 878 1463 946 misera
1500 878 1579 944 in
1616 876 1900 946 civitate
1935 890 2152 972 atque
2188 876 2412 959 inani,

281 1001 522 1056 tamen
564 987 808 1075 istius,
855 991 934 1057 in
985 988 1393 1083 gymnasie,
1451 998 1682 1056 statua
1725 984 2001 1081 dejecta
2047 1001 2171 1057 est.
2228 989 2411 1056 Nam

280 1096 456 1193 quid
496 1120 629 1193 ego
677 1097 766 1168 de
818 1098 1274 1195 Syracusanis
1322 1097 1600 1192 loquar,
1638 1097 1837 1193 quod
1895 1122 2047 1168 non
2087 1112 2197 1168 est
2244 1120 2414 1193 pro-

280 1208 519 1304 prium
552 1211 1206 1304 Syracusanorum,
1250 1205 1376 1276 sed
1411 1220 1484 1277 et
1520 1205 1806 1276 illorum
1847 1230 2234 1277 commune
2250 1210 2305 1291 4,
2345 1219 2416 1275 et

281 1330 685 1386 conventus
727 1316 957 1405 illius,
1010 1340 1092 1388 ac
1129 1302 1360 1413 prope
1405 1317 1629 1385 totius
1665 1317 2092 1411 provinciae?
2142 1328 2414 1412 quanta

278 1426 452 1498 illuc
494 1427 882 1499 multitudo
906 1482 924 1514 ,
970 1442 1241 1524 quanta
1279 1427 1386 1497 vis
1428 1425 1813 1495 hominum
1852 1427 2271 1496 convenisse
2314 1425 2418 1495 di-

284 1534 583 1607 cebatur
625 1551 815 1624 tum,
856 1561 1089 1634 quum
1128 1550 1373 1607 statuae
1419 1550 1591 1607 sunt
1625 1534 1817 1605 illius
1859 1535 2152 1630 dejectae
2195 1551 2413 1633 atque

285 1648 581 1716 eversae?
618 1661 689 1717 at
721 1672 871 1744 quo
918 1647 1126 1718 loco?
1162 1642 1681 1717 celeberrimo⁵
1722 1669 1804 1715 ac
1840 1644 2415 1740 religiosissimo:

286 1770 452 1826 ante
509 1759 744 1854 ipsum
800 1758 1124 1855 Serapim
1151 1810 1169 1841 ,
1227 1759 1299 1826 in
1358 1758 1596 1853 primo
1654 1753 1855 1824 aditu
1911 1753 2419 1852 vestibuloque

287 1863 555 1962 templi.
606 1865 823 1953 Quod
852 1868 989 1936 nisi
1020 1864 1353 1935 Metellus
1382 1864 1524 1935 hoc
1565 1879 1711 1935 tam
1746 1866 2058 1961 graviter
2096 1864 2423 1962 egisset⁶‚

287 1992 504 2073 atque
546 1975 737 2046 illam
777 2001 929 2047 rem
974 1977 1279 2073 imperio
1327 1973 1712 2070 edictoque
1743 1974 2270 2071 prohibuisset3
2311 2000 2426 2048 ve-

286 2086 574 2182 stigium
616 2097 1014 2156 statuarum
1075 2086 1277 2155 istius
1316 2089 1390 2153 in
1432 2098 1586 2155 tota
1635 2084 1870 2156 Sicilia
1907 2086 2193 2156 nullum
2236 2100 2424 2158 esset

287 2196 639 2267 relictum.

385 2310 621 2405 Atque
670 2331 805 2405 ego
861 2307 1003 2376 hoc
1054 2330 1208 2376 uon
1251 2329 1532 2393 vereor,
1569 2330 1661 2375 ne
1713 2304 1891 2402 quid
1946 2304 2211 2376 horum
2268 2329 2419 2377 non

288 2415 508 2487 modo
544 2417 902 2513 impulsu,
944 2441 1195 2488 verum
1240 2418 1540 2488 omnino
1583 2415 1900 2486 adventu
1945 2439 2109 2486 meo
2156 2416 2422 2488 factum

289 2550 442 2597 esse
477 2524 828 2595 videatur.
854 2528 1117 2597 Omnia
1155 2531 1284 2597 ista
1319 2515 1487 2596 ante
1517 2524 1702 2595 facta
1732 2540 1935 2610 sunt,
1970 2552 2121 2597 non
2156 2527 2418 2615 modo,

291 2660 510 2733 quam
564 2660 696 2733 ego
750 2637 1095 2725 Siciliam,
1156 2661 1406 2708 verum
1449 2637 1666 2707 etiam
1712 2659 1930 2732 quam
1969 2638 2101 2706 iste
2151 2636 2424 2707 Italiam

293 2747 761 2845 attingerem:
801 2746 978 2817 dum
1018 2774 1152 2846 ego
1186 2751 1261 2818 in
1308 2746 1541 2818 Sicilia
1569 2771 1769 2836 sum,
1812 2747 2009 2817 nulla
2044 2762 2277 2818 statua
2307 2746 2427 2819 de-

286 2857 475 2953 jecta
513 2872 638 2928 est.
685 2862 1159 2954 Posteaquam
1197 2859 1394 2928 illinc
1435 2857 1761 2944 discessi,
1802 2882 1963 2954 quae
1991 2873 2163 2929 sunt
2189 2873 2425 2955 gesta,

296 2971 728 3063 cognoscite.

388 3082 669 3149 LXVII.
702 3079 1349 3175 Centuripinorum
1374 3091 1665 3149 senatus
1699 3077 2054 3166 decrevit,
2093 3081 2432 3178 populus·

294 3213 438 3285 que
461 3189 707 3283 jussit,
744 3202 861 3275 ut,
899 3213 1061 3285 quae
1104 3201 1352 3257 statuae
1390 3191 1466 3259 C.
1501 3190 1742 3259 Verris
1779 3192 2034 3286 ipsius,
2071 3204 2142 3260 et
2170 3193 2425 3287 patris,

297 3312 371 3398 ef
411 3297 580 3385 filii,
618 3313 855 3369 essent
881 3353 900 3387 ,
946 3322 1064 3369 eas
1105 3313 1498 3394 quaestores
1537 3297 2027 3370 demoliendas
2072 3299 2428 3388 locarent;

297 3401 621 3504 dumque
658 3434 741 3479 ea
785 3407 1159 3481 demolitio
1195 3408 1436 3497 fieret,
1475 3425 1843 3481 senatores
1881 3436 1974 3481 ne
2008 3436 2153 3479 xxx
2187 3414 2430 3485 minus

370 3605 417 3653 4.
451 3597 730 3646 Commune.
758 3599 914 3661 Quam
942 3599 1180 3647 ultionem
1207 3614 1320 3645 etun

294 3675 392 3726 illis
412 3677 791 3725 communicavit
816 3688 863 3725 et
889 3678 1066 3725 civium
1091 3693 1320 3726 romano-

294 3772 404 3803 rum
421 3767 690 3803 conventus
704 3789 718 3813 ,
741 3767 791 3803 et
812 3767 912 3804 tota
936 3757 1210 3820 provincia.

1407 3614 1517 3662 pag.
1545 3600 1643 3656 184
1671 3615 1782 3664 sqq.
1814 3599 1947 3647 Male
1975 3599 2058 3647 alii
2082 3599 2282 3664 quidam
2315 3603 2433 3652 dant

1406 3681 1591 3727 Iovem.

1478 3758 1527 3806 6.
1550 3756 1760 3822 Egissee.
1788 3758 1907 3805 Tam
1931 3774 2095 3807 severe
2129 3775 2232 3807 sese
2261 3761 2313 3808 in
2340 3763 2431 3811 hae

370 3836 416 3883 5.
456 3834 786 3888 celeberrimo.
830 3837 945 3897 Quo
987 3836 1157 3883 notior
1195 3847 1321 3884 esset

295 3912 463 3961 Verris
488 3913 700 3963 infamia.
725 3939 796 3948 —·
821 3913 1209 3977 Rele'gae'osissimo.
1250 3917 1320 3962 Ut

297 3990 615 4054 dejiciendae,
658 3992 756 4038 nisi
798 3991 1057 4039 maximam
1098 3993 1164 4040 ob
1210 4008 1319 4039 cau·

298 4086 424 4130 sam,
462 4081 634 4118 statua
665 4086 767 4118 non
801 4071 1099 4120 viderentur.
1139 4073 1213 4119 De
1245 4073 1322 4120 Se·

1407 3853 1458 3885 re
1483 3836 1750 3885 habuisset.

1479 3933 1526 3976 7.
1542 3916 1743 3963 Italiam
1766 3917 2044 3983 attingeret.
2070 3919 2235 3979 Quum
2257 3920 2347 3969 iste
2369 3938 2431 3969 ex

1407 3995 1659 4060 provincia
1701 4012 1784 4043 sua
1821 3996 2091 4045 decederet.
2135 3997 2283 4046 Dedit
2318 4001 2437 4058 Em,

1407 4090 1466 4123 ex
1485 4073 1599 4121 edd.
1620 4086 1739 4122 vett.
1766 4074 1883 4123 Non
1909 4075 2290 4139 improbandum
2322 4079 2435 4126 atti-

299 4151 480 4215 npidis
514 4150 698 4215 templo
728 4150 829 4199 vid.
852 4152 1077 4201 cremer.
1113 4153 1321 4217 Dionys.
1404 4153 1498 4217 gie.
1522 4156 1571 4202 J.
1593 4155 1658 4201 V.
1691 4155 1747 4201 1..
