3044 4788
637 386 780 471 430
1270 384 1365 450 M.
1410 384 1488 449 T.
1546 381 2141 452 CICERONIS

637 530 956 605 prorsus,
976 503 1178 600 quod
1205 499 1565 573 dubitari⁸
1602 517 1870 600 posset,
1900 502 2079 573 nihil
2108 501 2439 575 habebat.
2462 509 2795 597 Deinde,

636 643 866 714 quum
908 616 999 687 de
1043 614 1373 686 Heraclio
1418 616 1804 712 cogitaret,
1844 628 1915 686 et
1957 602 2162 686 istius
2196 615 2576 689 libidinem
2617 643 2796 693 nos-

637 743 778 815 set;
823 724 1489 799 commodissimum
1525 726 1804 821 putavit
1837 747 1988 796 esse
2033 723 2126 796 de
2168 726 2539 823 provincia
2594 730 2792 801 clam

636 838 855 909 abire.
894 840 1150 931 Itaque
1190 831 1405 904 fecit:
1452 834 1822 931 profectus
1863 848 1972 904 est
2001 834 2381 931 Rhegium.

734 949 991 1018 XXIII.
1034 942 1251 1033 Quod
1286 941 1413 1013 ubi
1448 942 1776 1013 auditum
1808 958 1952 1030 est,
1984 958 2282 1015 aestuare
2320 945 2421 1015 illi
2443 1000 2463 1032 ,
2500 949 2633 1043 qui
2667 948 2792 1020 de·

639 1059 894 1129 derant
951 1058 1331 1154 pecuniam
1391 1080 1406 1122 :
1467 1068 1723 1151 putare
1767 1053 1949 1124 nihil
1997 1057 2106 1151 agi
2164 1078 2418 1152 posse,
2476 1056 2790 1130 absente

634 1167 1196 1263 Epicrate.‹Nam
1227 1163 1602 1234 Heraclius
1620 1175 1807 1233 tum¹
1842 1161 2168 1252 affuerat,
2193 1189 2427 1260 quum
2459 1167 2786 1264 primum

637 1277 786 1346 dati
813 1289 984 1345 sunt
995 1272 1307 1370 judices:
1340 1273 1432 1344 de
1459 1274 1634 1360 hoc,
1656 1277 1815 1369 qui,
1837 1287 2220 1369 antequam
2239 1275 2328 1365 ‘in
2354 1276 2476 1370 jus
2500 1276 2785 1349 aditum

637 1402 855 1473 esset,
904 1400 1293 1482 antequam
1345 1382 1663 1481 denique
1718 1387 1994 1453 mentio
2049 1388 2555 1457 controversiae
2595 1386 2786 1459 facta

638 1512 861 1584 esset,
900 1495 1372 1582 discessisset,
1405 1492 1762 1592 putabant
1784 1492 1977 1569 „nihil
2016 1496 2128 1591 agi
2162 1517 2396 1591 posse.
2430 1500 2788 1570 Homines

638 1608 1000 1705 Rhegium
1043 1603 1630 1704 proficiscuntur,
1667 1606 2070 1701 Epicratem
2110 1608 2558 1678 conveniunt
2590 1638 2607 1680 ε
2652 1608 2788 1680 de-

637 1731 1046 1790 monstrant
1080 1714 1157 1785 id
1174 1770 1193 1804 ,
1234 1712 1436 1811 quod
1463 1714 1582 1784 ille
1619 1712 1890 1784 sciebat
1909 1767 1928 1798 ,
1963 1739 2040 1785 se
2065 1719 2207 1785 H-S
2235 1741 2423 1785 Lxxx
2449 1715 2738 1788 dedisse
2762 1746 2782 1785 ε

636 1844 899 1928 rogant
940 1852 1140 1913 eum,
1183 1840 1266 1895 ut
1308 1823 1380 1895 id
1399 1836 1454 1911 ²,
1498 1824 1702 1921 quod
1747 1823 1838 1894 ab
1889 1826 2062 1921 ipsis
2110 1824 2374 1897 abisset
2419 1830 2783 1924 pecuniae,

637 1955 883 2027 curet3
921 1937 1013 2008 ab
1058 1959 1210 2007 sese
1234 1932 1263 1978 ³
1303 1949 1583 2021 caveat,
1624 1933 2236 2031 quemadmodum
2270 1936 2478 2022 velit3
2538 1936 2633 2009 de
2663 1940 2785 2009 illa

634 2040 1038 2119 hereditate
1107 2068 1274 2115 cum
1344 2047 1678 2141 Epicrate
1749 2046 2119 2116 neminem
2193 2072 2346 2118 esse
2423 2064 2779 2119 acturum.

635 2159 1001 2254 Epicrates
1047 2155 1380 2224 homines
1421 2154 1668 2225 multis
1712 2152 1952 2226 verbis
1994 2180 2037 2225 a
2081 2180 2156 2228 se
2201 2158 2388 2229 male
2440 2174 2784 2258 acceptos

635 2266 925 2336 dimisit.
988 2264 1325 2336 Redeunt
1377 2263 1477 2335 illi
1526 2264 1802 2361 Rhegio
1856 2270 2235 2363 Syracusas
2283 2293 2299 2336 ε
2352 2271 2777 2365 queri‘cum

636 2377 920 2463 multis,
961 2378 1060 2448 ita
1103 2391 1185 2448 ut
1222 2374 1343 2466 fit,
1382 2377 1777 2476 incipiunt,
1808 2380 1942 2448 H—S
1975 2402 2162 2448 Lxxx
2200 2403 2586 2451 nummum
2627 2379 2780 2452 fru-

636 2503 782 2560 stra
819 2487 1120 2562 dedisse.
1160 2494 1300 2561 Res
1339 2488 1797 2588 percrebruit
1840 2514 1857 2558 :
1897 2489 1975 2558 in
2019 2513 2146 2559 ore
2186 2504 2405 2587 atque
2441 2513 2779 2562 sermone

610 2602 965 2686 ,omnium
1007 2600 1229 2695 coepit
1266 2622 1441 2670 esse.
1491 2604 1756 2670 Verres
1791 2597 2012 2669 refert
2049 2599 2286 2670 illam⁴
2324 2622 2526 2671 suam
2567 2604 2776 2698 Syra-

633 2733 972 2780 cusanam
1016 2736 1031 2778 :
1078 2710 1176 2777 ait
1214 2733 1291 2778 se
1333 2708 1516 2779 velle
1563 2709 1656 2779 de
1701 2708 1838 2779 illis
1873 2712 2027 2778 H-S
2073 2734 2258 2779 Lxxx
2301 2733 2776 2807 cognoscere:

634 2818 938 2890 advocat
994 2816 1283 2888 multos.
1345 2819 1622 2889 Dicunt
1677 2817 1909 2888 Bidini
1953 2818 2284 2890 Volcatio
2328 2844 2405 2891 se
2453 2820 2776 2908 dedisse3

636 2926 815 2997 illud
852 2951 1003 2996 non
1033 2924 1313 2997 addunt
1335 2982 1354 3015 ,
1405 2929 1613 3022 jussu
1649 2930 1872 2999 istius.
1916 2930 2323 3001 Volcatium
2361 2947 2572 3002 vocat
2604 2960 2620 3001 ε
2653 2957 2774 3030 pe-

633 3040 925 3132 cuniam
976 3034 1232 3108 referri
1281 3039 1609 3138 imperat.
1657 3038 2027 3111 Voloetius
2080 3044 2324 3113 animo
2367 3043 2775 3138 aequissimo

637 3172 975 3219 nummos
1027 3145 1275 3232 affert,
1320 3153 1448 3246 qui
1506 3147 1690 3218 nihil
1733 3148 2181 3238 amitteret53
2250 3149 2486 3222 reddit
2541 3153 2778 3251 inspe-

634 3259 999 3331 ctantibus
1047 3256 1336 3329 multis:
1379 3258 1610 3330 Bidini
1657 3285 1997 3333 nummos
2039 3259 2396 3333 auferunt.

701 3533 751 3578 8.
770 3530 898 3589 Alii,
918 3552 943 3571 α
960 3530 1199 3594 disputari
1214 3550 1255 3576 ιι.
1278 3531 1326 3577 J.
1340 3530 1399 3579 V.
1420 3531 1475 3576 1..
1743 3534 1805 3580 tis
1834 3532 2044 3596 amplius
2074 3532 2136 3580 ab
2165 3534 2275 3598 ipso
2297 3533 2567 3597 quidquam
2594 3536 2775 3601 petitu·

698 3609 892 3655 xxm.
921 3623 967 3655 x.
1000 3610 1135 3658 Tum.
1174 3609 1368 3656 Manat.
1404 3605 1573 3656 lamb.
1605 3620 1654 3655 et
1742 3627 1865 3659 rum.

630 3689 722 3735 Ms
760 3686 949 3733 Francii
977 3698 1175 3735 -tamen
1187 3708 1230 3733 ι».
1815 3699 1864 3747 4.
1879 3687 2047 3755 Refert
2068 3691 2223 3740 illam.
2249 3693 2409 3740 heus
2430 3692 2514 3740 ine
2538 3692 2774 3741 lambino

704 3782 751 3813 ο.
787 3763 917 3823 Alii,
954 3777 1051 3812 «ut
1076 3765 1169 3814 sibi
1193 3764 1247 3811 id
1265 3785 1305 3811 ιι.
1333 3766 1466 3813 J.v.
1485 3767 1543 3814 1..
1743 3779 1793 3817 et
1823 3761 2156 3820 Hotomanno'
2176 3783 2439 3836 corruptus
2466 3771 2686 3831 videtur,
2723 3783 2772 3819 et

703 3846 752 3892 3.
783 3843 864 3892 Ab
884 3859 1001 3890 sese.
1028 3844 1200 3907 Exiget
1226 3859 1254 3889 a
1277 3842 1447 3906 seipsis
1467 3845 1653 3892 cautio-
1742 3847 2026 3896 addendum
2041 3865 2145 3897 ene
2164 3852 2402 3899 rationem
2415 3863 2609 3915 putant.
2625 3852 2772 3908 Male,

627 3941 767 3981 nem,
802 3921 994 3986 qualem
1034 3921 1130 3986 ipsi
1177 3922 1491 3970 commodum
1530 3923 1652 3984 criu
1742 3938 1799 3975 ut
1816 3927 2020 3991 opinor-3
2039 3945 2151 3977 nam
2170 3931 2312 3979 focile
2336 3930 2581 3995 intellig-⁸
2596 3933 2638 3980 si
2657 3948 2769 3981 enn-

627 4014 822 4068 parntos
849 4017 951 4047 esse
976 4017 1027 4048 se
1043 4034 1058 4059 ,
1098 4001 1267 4063 quavi·
1296 4001 1550 4059 contione,
1586 4018 1655 4049 re-
1743 4005 1943 4054 tilemm
1960 4018 2044 4056 ant
2066 4008 2278 4059 fabulam
2302 4009 2580 4059 subaudiat.

624 4081 912 4149 promittere
935 4080 1171 4128 neminem
1194 4079 1390 4128 nomine
1408 4079 1654 4129 heredita·
1818 4087 1864 4134 5.
1890 4087 1986 4149 Qui
2011 4085 2138 4136 nihil
2159 4090 2415 4138 amitteret.
2436 4090 2638 4155 Quippe
2662 4106 2770 4154 que
