3044 4788
645 451 694 522 6
1460 453 1977 525 SYNOPSIS.

725 574 779 626 ι’
796 579 1001 628 Cau-m
1025 592 1131 625 non
1154 575 1318 636 fuisse,
1341 590 1432 625 cur
1457 577 1660 626 Navius
1682 595 1712 626 a
1731 587 1941 643 praetore
1962 574 2255 641 postularet,
2274 586 2331 624 ut
2347 573 2479 623 bona
2505 576 2564 624 Ρ.
2588 576 2794 640 Quintii

646 665 936 731 possideret.

719 750 778 802 α’
813 755 888 802 Ex
913 752 1076 801 edicto
1099 750 1238 800 mum
1260 767 1319 800 ea
1342 751 1743 818 honapossidere
1763 767 1868 800 non
1892 752 2128 817 potuisse.

718 840 778 895 δ’
801 839 918 890 Non
943 839 1239 904 possedisse.

714 930 775 978 ln
796 929 1182 979 conam-tons
1205 926 1355 991 igitur
1375 926 1531 992 prima
1553 938 1691 990 parte
1705 926 1942 991 probatur
1954 942 2148 975 causam
2164 942 2269 975 non
2293 924 2458 985 fnisse,
2477 941 2566 974 cnr
2583 926 2796 976 Naevius

645 1016 942 1083 postularet,
978 1011 1031 1063 1⁰
1052 1016 1209 1079 Ipsius
1230 1015 1387 1063 Naevii
1407 1015 1716 1075 testimonio,
1748 1015 1857 1080 qui,
1870 1030 2023 1079 quum
2055 1024 2250 1080 tempus
2280 1024 2330 1062 et
2356 1014 2522 1062 locum
2554 1015 2796 1065 habuerit

645 1103 926 1169 appellandi
946 1102 1140 1166 Quintii
1163 1102 1224 1150 de
1250 1103 1484 1169 pecunia,
1507 1119 1662 1167 quum
1686 1104 1867 1151 ferveat
1892 1101 2119 1160 avaritia,
2147 1111 2242 1149 etc.
2276 1102 2480 1152 biennio
2512 1113 2678 1152 tamen
2701 1104 2795 1152 de·

644 1192 805 1240 bitum
824 1191 1014 1239 nullum
1036 1190 1179 1256 petiit
1193 1227 1209 1255 ,
1239 1206 1260 1239 r
1276 1207 1320 1252 1,
1348 1207 1428 1241 n.
1450 1190 1509 1239 2⁰
1531 1191 1763 1254 Ejusdem
1784 1191 1941 1239 Naevii
1962 1190 2270 1238 confessione
2286 1222 2301 1249 ,
2324 1191 2410 1254 qui
2438 1207 2565 1255 saepe
2584 1207 2794 1239 revoca-

647 1290 726 1327 tus
754 1278 819 1343 ad
840 1279 1083 1341 judicium
1106 1280 1168 1328 de
1201 1296 1253 1327 re
1287 1280 1566 1343 pecuniaria
1586 1314 1602 1338 ,
1642 1278 1954 1328 conditiones
1979 1278 2274 1341 aequissimas
2303 1280 2610 1343 repudiavit,
2637 1290 2794 1344 atque

646 1378 811 1431 aperte
838 1368 1088 1415 confessus
1114 1377 1187 1415 est
1216 1366 1339 1415 nihil
1362 1366 1457 1415 sibi
1481 1383 1510 1414 a
1532 1368 1742 1430 Quintio
1765 1366 1962 1424 deberi,
2000 1366 2078 1414 13.
2107 1363 2164 1413 3⁰
2182 1365 2325 1416 Nuda
2350 1378 2399 1414 et
2425 1366 2639 1430 simplici
2663 1377 2792 1414 tem-

643 1454 781 1518 poris
810 1454 1124 1504 discussione.
1152 1455 1386 1519 QuintIus
1417 1457 1589 1502 Romae
1615 1470 1716 1503 non
1741 1455 1834 1501 fuit
1867 1470 1970 1518 quo
1997 1453 2078 1502 die
2104 1454 2436 1502 vadimonium
2457 1456 2640 1502 factum
2665 1454 2794 1502 dicit

642 1541 859 1591 Νωνίου.
903 1542 959 1599 4⁰
995 1542 1161 1591 Officii
1203 1544 1411 1591 ratione.
1437 1541 1638 1590 Etiamsi
1678 1542 1912 1606 Quintius
1950 1543 2289 1592 vadimonium
2333 1543 2648 1601 deseruisset,
2681 1558 2792 1590 non

644 1631 884 1678 continuo
908 1630 1081 1679 debuit
1097 1631 1301 1680 Νωνίου
1320 1630 1451 1678 bona
1477 1630 1626 1690 socii,
1651 1631 1796 1678 amici
1814 1663 1830 1691 ,
1862 1630 2025 1679 affinis
2055 1631 2361 1696 proscribere
2381 1645 2396 1679 :
2426 1647 2535 1695 quae
2568 1632 2794 1695 proscri-

641 1717 753 1782 ptio
774 1718 1081 1768 acerbissima
1103 1731 1176 1769 est
1205 1719 1425 1767 omnium
1450 1718 1811 1781 calamitatum,
1844 1723 2020 1775 14·18.
2038 1721 2187 1768 Hunc
2218 1718 2384 1769 locum
2405 1730 2610 1767 exornat
2634 1718 2791 1766 vehe-

644 1822 782 1856 mens
799 1819 851 1857 et
871 1808 1118 1873 pathetica
1140 1805 1476 1871 amplificatio.
1488 1788 1503 1805 ⁸

716 1897 779 1945 In
801 1895 1016 1945 secunda
1042 1906 1181 1961 parte
1211 1895 1504 1954 ostenditur,
1527 1910 1588 1944 ex
1624 1895 1791 1945 edicto
1824 1897 2051 1960 pretoris
2073 1895 2204 1944 bona
2237 1897 2293 1945 P.
2323 1896 2517 1960 Quintii
2544 1893 2794 1960 possideri

645 1982 787 2031 nullo
808 1983 961 2033 modo
988 1985 1222 2048 potuisse3
1239 1983 1374 2047 quod
1387 1982 1626 2050 probatur
1652 2000 1714 2032 ex
1740 1983 1858 2048 ipsis
1875 1983 2027 2032 edicti
2052 1983 2232 2043 verbis,
2252 1999 2429 2047 19-27.
2457 1979 2509 2032 ι’
2526 1984 2640 2031 Non
2656 1983 2794 2030 enim

642 2069 866 2119 latitasse
890 2072 1151 2135 Quintium
1167 2107 1183 2133 ,
1224 2088 1385 2137 neque
1428 2073 1679 2120 absentem
1704 2071 1903 2136 judicio
1943 2089 2044 2120 non
2087 2071 2336 2136 ‹idem-uns
2356 2072 2520 2138 finisse
2535 2105 2552 2127 ‚
2601 2072 2795 2136 quippe

644 2173 801 2220 quum
822 2154 1108 2224 alphenus,
1130 2159 1236 2225 ejus
1259 2171 1570 2225 procurator,
1605 2159 1799 2207 libellos
1829 2160 1989 2208 Naevii
2019 2159 2279 2222 dejecerit,
2314 2160 2648 2208 vadimonium
2666 2176 2794 2225 pro·

646 2246 857 2306 miserit,
883 2263 975 2312 19,
1003 2264 1097 2309 no,
1134 2264 1225 2298 ar.
1261 2244 1321 2297 α’
1343 2249 1461 2297 Non
1494 2247 1596 2297 dici
1635 2265 1784 2313 posse
1817 2249 1990 2298 Naevio
2015 2266 2183 2314 parem
2210 2250 2528 2298 certationem
2552 2265 2663 2295 cum
2691 2249 2795 2296 Al-

647 2333 816 2401 pheno
842 2335 999 2402 Marti„
1011 2337 1200 2386 fautore
1224 2352 1328 2385 non
1349 2337 1524 2396 fuisse,
1545 2337 1680 2402 quod
1709 2348 1828 2387 tunc
1853 2338 2062 2385 Mariani
2091 2338 2484 2398 dominarentur;
2504 2354 2658 2402 quum
2679 2339 2794 2403 ipse

652 2423 853 2473 Naevius
878 2425 1154 2494 istisUetiam
1180 2427 1375 2483 faveret,
1394 2436 1444 2474 et
1467 2425 1532 2474 ad
1544 2427 1781 2474 victorem
1798 2436 1986 2475 tantum
2006 2426 2189 2474 Sullam
2209 2426 2539 2491 transfugerit,
2560 2442 2643 2474 αα.
2669 2427 2795 2476 3“8ἰ

650 2513 854 2562 Naevius
877 2528 941 2561 ex
970 2514 1136 2563 edicto
1154 2514 1298 2563 -boua
1322 2514 1519 2576 Quintii
1546 2515 1871 2579 possedisset,
1905 2515 2082 2579 querit
2106 2514 2349 2562 cur-bona
2385 2531 2487 2563 non
2512 2515 2761 2565 venierint
2776 2551 2792 2573 ‚

647 2615 737 2648 cur
756 2603 905 2650 ceteri
930 2602 1195 2651 creditores
1223 2617 1329 2650 non
1354 2602 1674 2651 convenerint
1689 2637 1704 2662 ,
1727 2600 1814 2654 23.
1858 2599 1916 2659 4’
1942 2602 2159 2652 Additur
2180 2600 2438 2667 Narratio,
2459 2620 2556 2668 qua
2582 2603 2795 2652 docetur

648 2688 873 2738 Navium
882 2690 1016 2752 jam,
1047 2701 1307 2755 antequam
1336 2689 1627 2756 postulasset
1645 2725 1663 2753 ,
1680 2703 1736 2739 ut
1762 2690 1894 2739 bona
1921 2692 2115 2754 Quintii
2140 2691 2431 2756 possideret,
2456 2671 2597 2740 sssum
2616 2692 2676 2740 de
2694 2709 2794 2741 suo

650 2778 809 2828 fundo
835 2795 925 2844 per
953 2781 1051 2827 vim
1080 2779 1370 2841 ejiciendum
1388 2776 1603 2841 curasse,
1621 2781 1759 2846 quod
1776 2791 1849 2828 est
1875 2791 2046 2828 contra
2070 2783 2296 2845 praetoris
2316 2781 2548 2839 edictum,
2571 2791 2756 2843 2447.

721 2865 945 2914 Tertium
969 2877 1093 2928 erat,
1115 2878 1171 2916 ut
1202 2866 1613 2916 demonstraretur
1638 2867 1864 2915 Nerium
1890 2866 2020 2915 bona
2048 2868 2243 2931 Quintii
2269 2884 2332 2916 ne
2369 2867 2641 2933 possedisse
2675 2870 2796 2931 qui-

649 2952 777 3002 dem.
800 2955 984 3001 Verum
1022 2963 1158 3002 totus
1188 2954 1271 3002 hic
1312 2954 1454 3003 locus
1481 2954 1733 3003 intercidit
1769 2970 1867 3002 una
1902 2970 2016 3002 cum
2040 2955 2186 3004 initio
2210 2954 2568 3017 conclusionis,
2601 2954 2656 3001 in
2690 2972 2795 3019 qua

650 3040 876 3107 superius
905 3041 1034 3090 dicta
1060 3044 1337 3091 summatim
1370 3054 1731 3103 enumerantur,
1760 3044 1827 3091 28
1845 3078 1859 3103 ‚
1887 3059 1975 3106 ²9·

719 3128 944 3192 Denique
976 3129 1029 3177 in
1053 3130 1420 3180 Paneas-rmus
1447 3131 1628 3192 judicis
1659 3131 2041 3179 misericordiam
2073 3130 2284 3179 maxime
2310 3141 2590 3180 commovet
2617 3146 2644 3178 a
2678 3147 2794 3195 per-

650 3233 770 3266 sona
789 3217 1007 3281 Quintii,
1043 3220 1173 3267 senis
1200 3228 1249 3267 et
1283 3219 1477 3284 inopis,
1510 3229 1563 3267 et
1593 3218 1656 3266 ab
1689 3217 1906 3280 ejusdem
1932 3219 2328 3268 innocentissima
2358 3219 2494 3280 vita;
2529 3219 2592 3267 ab
2619 3218 2798 3267 adver-

649 3306 762 3355 sarii
784 3323 1020 3372 persona,
1057 3308 1152 3356 viri
1171 3308 1389 3373 potentis
1405 3342 1421 3368 ,
1445 3307 1713 3373 voluptarii
1741 3319 1791 3357 et
1813 3307 2004 3372 iniqui;
2032 3319 2328 3373 rogaturque
2343 3308 2500 3371 judex
2515 3343 2530 3368 ,
2551 3320 2610 3357 ut
2630 3324 2794 3372 quum

649 3395 826 3444 veritas
863 3412 977 3444 cum
1006 3395 1214 3459 Quintio
1244 3405 1432 3461 pugnet
1452 3431 1468 3459 ,
1492 3396 1605 3462 plus
1637 3397 1742 3457 ejus
1772 3396 1939 3461 inopia
1963 3395 2026 3444 ad
2047 3396 2424 3445 misericordiam
2455 3413 2604 3462 qnam
2628 3397 2793 3444 Naevii

648 3498 771 3546 opes
799 3482 862 3531 ad
890 3483 1223 3532 crudelitatem
1251 3484 1466 3543 valeant,
1510 3494 1561 3532 et
1585 3494 1642 3532 ut
1666 3500 1811 3548 quam
1838 3485 2270 3545 existimationem,
2310 3501 2454 3550 quam
2483 3485 2793 3533 honestatem

648 3570 703 3617 in
719 3569 964 3632 judicium
982 3569 1226 3630 attulerit,
1252 3587 1358 3618 eam
1375 3570 1520 3619 liceat
1544 3571 1592 3618 ei
1617 3587 1780 3620 secum
1807 3588 1871 3620 ex
1892 3573 1989 3620 hoc
2011 3572 2202 3634 judicio
2230 3574 2429 3634 efferre,
2465 3575 2559 3632 30,
2589 3575 2618 3621 3
2634 3589 2678 3622 1.

719 3656 931 3706 Dicendi
956 3657 1204 3707 character
1222 3658 1415 3707 subtilis
1439 3669 1536 3720 est;
1553 3676 1776 3726 persaepe
1793 3671 1957 3710 tamen
1979 3659 2148 3727 figuris
2165 3672 2216 3710 et
2231 3661 2720 3730 amplificationibus,
2739 3673 2791 3710 et

649 3745 784 3810 quasi
801 3744 1010 3806 iuvenili
1037 3746 1289 3796 Ciceronis
1316 3746 1540 3798 ubertate
1564 3748 1796 3799 luxuriat.

1427 3966 2001 3997 -—---0-——-—-
