3044 4788
649 448 780 520 150
1278 452 1376 517 M.
1420 452 1498 517 T.
1553 451 2114 519 CICERONIS

632 568 1112 666 confugiunt;
1157 569 1274 640 hic
1313 568 1406 639 ab
1433 568 1707 640 arbitro
1735 568 1827 640 ad
1857 569 2179 666 judicem
2212 575 2455 642 venire
2491 588 2605 642 est
2636 596 2779 643 au-

637 706 759 752 sus
781 678 839 724 ²⁵
873 701 889 748 t
933 683 1062 775 qui
1104 679 1334 775 quum
1369 678 1460 749 de
1490 679 1626 749 hac
1657 684 2001 776 pecunia,
2054 679 2157 751 de
2186 678 2593 751 tabularum
2622 679 2778 752 fide

636 788 991 861 arbitrum
1015 791 1325 886 sumpsit
1340 843 1359 876 ,
1385 789 1738 885 judicavit
1759 789 1898 860 sibi
1914 794 2295 888 pecuniam
2325 816 2472 861 non
2492 790 2775 862 deberi.

635 905 793 971 Jam
837 897 996 968 duae
1037 913 1274 996 partes
1312 922 1542 970 causae
1586 915 1760 980 sunt
1813 897 2159 972 confectae
2194 926 2210 968 ε
2253 924 2777 971 annumerasse

637 1033 792 1079 sese
822 1023 1069 1104 negat;
1102 1032 1497 1105 expensum
1535 1010 1779 1080 tulisse
1813 1035 1959 1080 non
1991 1009 2198 1097 dicit,
2225 1035 2456 1106 quum
2491 1009 2776 1081 tabulas

635 1141 789 1188 non
824 1121 1098 1190 recitat.
1135 1118 1524 1214 Reliquum
1552 1133 1690 1204 est,
1726 1133 1805 1188 ut
1833 1120 2254 1216 stipulatum
2280 1116 2342 1160 ¹⁶
2370 1145 2444 1191 se
2472 1144 2626 1190 esse
2665 1119 2779 1190 di-

639 1241 787 1298 cat:
822 1242 1160 1324 praeterea
1193 1229 1412 1315 enim,
1435 1226 2053 1325 quemadmodum
2081 1243 2350 1300 certam
2385 1231 2775 1324 pecuniam

642 1349 887 1433 petere
929 1338 1198 1432 possit,
1253 1361 1405 1405 non
1453 1340 1759 1433 reperio,
1813 1339 2211 1435 Stipulatus
2243 1338 2363 1408 es?
2395 1336 2568 1408 ubi?
2617 1363 2774 1434 quo

638 1444 793 1516 die?
823 1471 974 1541 quo
1009 1446 1383 1543 tempore?
1407 1471 1559 1542 quo
1585 1462 1935 1543 praesente
1955 1449 1985 1518 Ξ)
2009 1451 2172 1544 quis
2204 1447 2682 1545 spopondisse
2711 1459 2769 1524 3⁷

633 1567 826 1626 me¹⁷
871 1555 1099 1627 dicit?
1146 1581 1384 1628 nemo.

734 1671 818 1737 V.
872 1672 1004 1737 Hic
1045 1679 1221 1763 ego¹
1261 1670 1319 1737 si
1352 1665 1576 1737 finem
1618 1665 1873 1737 faciam
1908 1666 2234 1754 dicendi,
2287 1668 2455 1737 satis
2490 1665 2663 1737 fidei
2699 1682 2774 1737 et

635 1773 1023 1871 diligentiae
1057 1801 1233 1846 meae
1255 1831 1273 1862 ,
1306 1779 1474 1846 satis
1503 1800 1733 1847 causae
1766 1791 1837 1847 et
1870 1779 2398 1864 controversiae,
2427 1779 2596 1846 satis
2630 1775 2778 1847 for·

636 1886 848 1956 mulae
873 1902 945 1956 et
966 1890 1368 1983 sponsioni,
1391 1892 1560 1957 satis
1580 1891 1793 1958 etiam
1812 1887 2042 1984 judici
2067 1886 2318 1957 fecisse
2351 1885 2618 1970 videar,
2636 1912 2773 1957 cur

634 1994 1039 2066 secundum
1063 2000 1407 2067 Roscium
1429 1996 1737 2093 judicari
1765 1997 2044 2068 debeat.
2076 1999 2389 2067 Pecunia
2413 1999 2634 2094 petita
2660 2011 2774 2066 est

633 2118 864 2192 certa3
899 2130 1066 2174 cum
1102 2110 1307 2176 tertia
1332 2122 1535 2203 parte
1563 2111 1859 2205 sponsio
1893 2106 2078 2178 facta
2114 2122 2242 2177 est.
2274 2111 2438 2177 Haec
2459 2111 2771 2204 pecunia

639 2237 929 2284 necesse
963 2229 1100 2300 est,
1136 2230 1261 2286 aut
1294 2214 1457 2286 data
1478 2227 1535 2302 ²,
1561 2231 1688 2287 aut
1719 2241 2032 2314 expensa
2059 2218 2234 2303 lata,
2266 2230 2392 2286 aut
2432 2215 2773 2312 stipulata

639 2325 753 2393 sit.
794 2328 1051 2394 Datam
1085 2350 1235 2398 non
1263 2351 1416 2399 esse
1444 2329 1757 2399 Fannius
1789 2325 2213 2413 confitetur3
2244 2349 2630 2424 expensam
2664 2325 2772 2394 la·

640 2571 703 2619 lis
730 2571 899 2635 religio
928 2581 1030 2619 est:
1065 2571 1318 2619 detrahere
1349 2570 1539 2635 aliquid
1566 2587 1655 2635 po·

639 2657 762 2707 test,
797 2660 846 2697 et
869 2650 1130 2714 adjicere».

714 2730 795 2775 15.
817 2731 911 2777 Est
926 2747 1092 2778 ausus.
1116 2730 1282 2792 Quum
1309 2739 1468 2776 tamen
1485 2729 1660 2776 malam

644 2822 837 2855 eausam
865 2807 1089 2868 haberet3
1117 2825 1231 2857 nam
1255 2807 1393 2856 malae
1422 2825 1579 2856 cansae
1598 2806 1662 2855 ad

640 2885 873 2934 arbitrum
907 2887 1082 2935 melior
1109 2899 1182 2937 est
1218 2887 1438 2936 conditio
1455 2922 1470 2948 ,
1508 2899 1566 2937 ut
1599 2904 1663 2945 ex

639 2964 818 3011 Seneca
833 2960 1063 3014 (vidimus.

717 3045 797 3091 ιθ.
819 3043 1127 3107 sumtuum.
1151 3043 1411 3107 Sapuzacio
1429 3032 1512 3092 ‘ent
1537 3060 1657 3100 cou-

643 3134 828 3171 tractus
870 3123 1078 3170 verbalis
1121 3135 1350 3171 eonstaus
1394 3123 1659 3187 interroga-

642 3204 778 3251 tione
815 3213 865 3250 et
889 3217 1102 3266 congrua
1133 3201 1197 3249 ad
1229 3202 1657 3266 interruptionem

641 3283 988 3348 responsione,
1032 3298 1128 3347 qua
1172 3274 1388 3330 nascitur
1421 3279 1659 3345 obligatio

640 3381 751 3427 quae
793 3364 973 3412 dieitur
1016 3363 1309 3418 verborum,
1347 3371 1398 3409 et
1433 3376 1544 3425 quae
1587 3371 1659 3408 est

635 3446 792 3491 stricti
813 3444 952 3503 juris.
977 3442 1140 3489 Instit.
1163 3443 1266 3501 111,
1296 3442 1377 3487 16.

717 3540 794 3584 ¹7·
817 3527 915 3571 Me.
938 3522 1104 3571 Roscii
1127 3521 1327 3568 nomine
1351 3519 1587 3582 loquitur.

709 3605 772 3650 V.
807 3617 853 3649 1.
893 3602 982 3649 Hie
1006 3617 1112 3666 ego.
1140 3603 1327 3646 Desunt
1364 3615 1477 3646 sane
1509 3598 1660 3647 multa

637 3696 745 3745 qnae
783 3681 847 3727 ad
881 3681 1000 3727 eerti
1030 3680 1363 3728 conditionem
1400 3697 1462 3727 ex
1493 3680 1655 3743 stipu-

634 3761 735 3807 lato
762 3760 1023 3822 pertinent.

709 3856 761 3887 a.
800 3841 907 3885 Aac
930 3839 1069 3886 data.
1109 3837 1298 3885 Iudicat
1334 3849 1430 3885 tres
1468 3837 1656 3900 obliga-

639 3922 819 3975 tiones,
862 3918 1038 3980 quibus
1080 3927 1263 3964 eertum
1311 3919 1409 3980 peti
1463 3918 1655 3980 possit,

633 4004 730 4054 Re.
759 3997 1049 4047 Nominibus
1067 4006 1113 4043 et
1140 3996 1479 4057 stipulatione.
1502 3997 1655 4042 Porro

634 4092 851 4143 expensa
877 4075 982 4122 Iaca
1007 4073 1189 4122 dicitur
1215 4074 1417 4137 pecunia
1456 4090 1540 4120 seu
1570 4089 1654 4120 ex-

625 4157 883 4223 pensilate'o
904 4189 919 4216 ,
955 4170 1104 4218 quum
1141 4154 1251 4216 quis
1283 4154 1539 4216 pecuniam
1566 4154 1654 4201 alii

1748 2570 2046 2627 numerabat,
2067 2586 2344 2633 nomenque
2366 2570 2511 2628 illius,
2538 2570 2619 2617 cni
2642 2570 2770 2619 hane

1748 2651 2003 2714 pecuniam
2025 2661 2243 2697 mutuam
2262 2648 2485 2708 dederat,
2505 2650 2558 2695 in
2576 2650 2770 2698 tabulas

1747 2730 1984 2779 referebat
2001 2747 2114 2778 cum
2132 2745 2317 2781 summa
2339 2745 2484 2792 quarn
2503 2745 2771 2794 expensam

1748 2809 1939 2858 tulerat.
1995 2813 2085 2857 11ae
2131 2808 2310 2856 tabulae
2355 2807 2637 2855 domestica:
2656 2844 2672 2867 ,
2714 2811 2768 2858 in

1743 2889 1936 2949 ,iudicio
1996 2888 2201 2953 prolatae
2220 2923 2236 2946 ,
2283 2886 2428 2935 fidem
2483 2888 2725 2938 faciebant
2752 2906 2768 2939 :

1750 2984 1901 3032 quum
1921 2978 2082 3016 autem
2104 2963 2324 3016 debitum
2348 2965 2472 3013 illud
2500 2979 2772 3031 acceperat,

1743 3059 1848 3105 tum
1873 3056 2126 3110 aeeeptum
2146 3046 2199 3092 in
2219 3045 2389 3092 iisdem
2422 3044 2598 3092 tabulis
2637 3045 2769 3093 sere-

1743 3127 1828 3175 bat
1853 3140 1868 3175 :
1894 3125 2010 3173 inde
2037 3125 2239 3189 expensi
2274 3135 2323 3171 et
2362 3125 2551 3187 accepti
2585 3124 2768 3173 tabule

1744 3206 2046 3254 dicebantur.
2084 3207 2203 3253 nec
2237 3214 2341 3251 erat
2379 3204 2538 3251 mutui
2579 3216 2769 3252 eontu-

1744 3285 1894 3333 hendi
1933 3285 2170 3347 obligatio
2200 3300 2311 3347 quae
2342 3284 2614 3331 nomim'bus
2640 3285 2760 3332 olim

1745 3364 1851 3412 {ieri
1885 3364 2153 3412 dicebatur.
2194 3364 2350 3410 Aliter
2390 3365 2766 3412 contrahebatur

1746 3444 1965 3492 debitum
1999 3454 2085 3493 aut
2120 3442 2486 3507 chirographis,
2524 3456 2609 3491 aut
2647 3460 2763 3507 syn·

1746 3523 1967 3587 graphis,
2000 3530 2084 3568 aut
2117 3522 2337 3569 testibus.
2373 3521 2763 3585 chirographum

1747 3613 1875 3663 erat,
1891 3616 2043 3665 quum
2080 3600 2272 3648 debitor
2294 3617 2379 3648 sua
2406 3618 2551 3649 manu
2579 3601 2763 3648 scribe-

1746 3691 1817 3729 ret
1862 3694 1910 3730 et
1958 3681 2260 3743 subsignaret
2306 3680 2493 3729 tabulas
2516 3718 2531 3742 ‚
2582 3680 2764 3743 quibus

1742 3760 2008 3809 testabatur
2025 3777 2074 3808 se
2099 3770 2286 3807 tantum
2305 3761 2522 3823 pecuniae
2539 3771 2761 3807 mutuum

1744 3842 2013 3903 accepisse:
2031 3840 2305 3903 syngrapha
2330 3856 2358 3887 a
2387 3840 2645 3887 tabellione
2668 3856 2763 3903 pu-

1744 3918 1874 3966 blico
1904 3920 2083 3983 scripta
2110 3928 2214 3965 erat
2249 3929 2298 3965 et
2332 3935 2359 3964 a
2394 3919 2594 3966 testibus
2634 3920 2763 3965 obsi·

1746 4009 1903 4060 gnata.
1968 4000 2042 4045 Ex
2095 3997 2272 4044 tabulis
2324 4013 2463 4060 agere
2511 3997 2763 4046 dicebatur

1744 4078 1971 4135 creditor,
1993 4093 2146 4140 quum
2175 4076 2362 4123 tabulas
2387 4078 2573 4140 accepti
2601 4089 2650 4125 et
2675 4096 2762 4124 ex·

1741 4156 1878 4219 pensi
1905 4154 2208 4220 producebat
2237 4166 2285 4202 et
2322 4156 2582 4216 recitabat,
2617 4167 2669 4203 ut
2693 4157 2761 4203 ait
