3044 4788
648 394 791 479 488
1302 399 1396 464 Μ.
1450 399 1524 464 Τ.
1582 397 2141 466 CICERONIS

643 517 783 587 rias
800 570 819 602 ‚
842 530 925 586 ut
954 516 1182 587 multo
1217 517 1601 588 maluerint
1627 515 1717 587 de
1740 540 1875 589 suo
1896 510 2138 588 more⁸
2160 514 2504 586 decedere
2520 571 2544 604 ,
2562 540 2801 612 quam

643 623 737 696 de
774 626 917 697 tuis
958 624 1285 697 moribus
1323 651 1475 697 non
1513 626 1801 698 dicere?
1852 623 2365 701 Confitendum
2413 641 2523 696 est
2564 628 2804 723 igitur

646 736 779 808 tibi
819 740 1251 824 necessario,
1290 738 1568 809 Siculos
1612 738 1940 809 inimicos
1981 761 2172 825 esse,
2214 735 2680 833 quiquidem
2724 754 2802 810 ct

642 852 721 919 in
756 865 845 921 -te
895 851 1303 946 gravissima
1352 850 1713 945 postulata
1758 847 2175 920 consulibus
2215 847 2581 921 ediderint
2594 860 2653 935 9,
2723 864 2801 922 et

646 982 804 1044 me,
857 972 939 1028 ut
994 957 1182 1027 hanc
1239 981 1526 1029 causam
1552 1014 1572 1047 ,
1630 959 2025 1056 salutisque
2077 984 2222 1031 suae
2282 958 2794 1031 defensionem

646 1070 1126 1166 susciperem,
1168 1066 1661 1156 obsecrarint;
1708 1071 1838 1166 qui
1881 1093 2114 1165 quum
2161 1094 2202 1140 a
2254 1084 2566 1166 praetore
2610 1095 2792 1167 pro·

647 1177 1121 1265 biberentur,
1173 1201 1215 1248 a
1259 1192 1581 1275 quatuor
1615 1178 2100 1277 quaestoribus
2125 1191 2188 1224 ¹⁰
2226 1179 2788 1279 impedirentur,

642 1288 971 1361 omnium
1000 1289 1257 1377 minas,
1295 1304 1513 1386 atque
1538 1292 1785 1361 omnia
1811 1291 2169 1388 pericula,
2194 1314 2332 1388 pro
2360 1290 2596 1362 salute
2623 1315 2789 1375 sua,

642 1398 825 1473 levia
864 1398 1243 1489 duxerint3
1286 1402 1415 1498 qui
1452 1403 1694 1499 priore
1730 1402 2016 1472 actione
2053 1403 2150 1473 ita
2182 1401 2600 1473 testimonia
2627 1426 2788 1497 gra·

641 1512 825 1583 viter
850 1513 1467 1609 vehementerque
1487 1511 1832 1601 dixerint,
1853 1526 1933 1583 ut
1946 1518 2416 1585 Artemonem
2445 1516 2782 1583 Centuri-

640 1624 896 1719 pinum
935 1622 1287 1719 legatum,
1339 1636 1414 1694 et
1451 1620 1745 1719 publice
1778 1633 1832 1665 ¹¹
1879 1636 2174 1707 testem,
2217 1625 2305 1712 Q.
2354 1626 2788 1693 Hortensius

643 1746 1163 1831 accusatorem,
1206 1757 1359 1803 non
1402 1745 1659 1803 testem
1702 1755 1855 1804 esse
1899 1730 2192 1804 diceret.
2242 1732 2524 1803 Etenim
2578 1731 2702 1803 ille
2722 1742 2779 1775 ¹²

644 1868 873 1940 quum
921 1856 1222 1942 propter
1265 1843 1611 1914 virtutem
1661 1856 1733 1912 et
1778 1840 2001 1915 fidem
2034 1867 2203 1914 cum
2232 1840 2620 1928 Androne,
2649 1841 2781 1914 ho·

637 1955 835 2027 mine
869 1953 1378 2025 honestissimo
1425 1967 1498 2025 et
1541 1953 1969 2039 certissimo,
2027 1967 2184 2023 tum
2219 1954 2435 2023 etiam
2479 1965 2782 2049 propter

642 2064 1170 2161 eloquentiam,
1219 2064 1495 2159 legatus
1550 2087 1592 2133 a
1640 2064 1786 2133 suis
1831 2061 2109 2135 civibus
2163 2062 2435 2134 electus
2493 2076 2641 2145 est,
2693 2077 2781 2133 ut

640 2188 886 2272 posset
928 2172 1191 2243 multas
1234 2174 1442 2243 istius
1480 2186 1554 2247 et
1589 2175 1818 2245 varias
1867 2174 2159 2269 injurias
2202 2195 2423 2270 quam
2473 2174 2778 2269 apertis-

639 2286 816 2357 sime
853 2280 1059 2355 vobis
1100 2281 1663 2379 planissimeque
1704 2282 2083 2380 explicare.

733 2399 944 2467 LXV.
975 2394 1331 2465 Dixerunt
1354 2392 1709 2479 Halesini,
1757 2394 2178 2465 Catinenses
2199 2447 2218 2479 ‚
2243 2389 2703 2489 Tyndaritani
2726 2402 2773 2474 ¹,

636 2512 1045 2590 Ennenses,
1079 2502 1575 2592 HerbitenseS,
1605 2506 2123 2601 Agyrinense5‚
2147 2504 2578 2577 Netineuses
2598 2556 2621 2586 ,
2658 2505 2773 2573 Se-

631 2616 926 2716 gestani.
956 2619 1353 2688 Numerare
1373 2636 1630 2685 omnes
1650 2638 1801 2684 non
1823 2626 1931 2684 est
1948 2637 2240 2685 necesse
2266 2641 2282 2683 ε
2320 2615 2539 2698 scitis,
2557 2637 2771 2710 quam

636 2726 845 2797 multi
874 2738 949 2795 et
975 2747 1197 2820 quam
1232 2723 1461 2794 multa
1492 2727 1736 2820 priore
1765 2723 2050 2794 actione
2086 2722 2400 2796 dixerint
2430 2752 2446 2795 ε
2483 2749 2677 2795 nunc
2700 2739 2772 2796 et

634 2834 775 2922 illi,
837 2847 910 2904 et
955 2832 1214 2928 reliqui
1267 2831 1537 2905 dicent.
1602 2837 1876 2904 Omnes
1921 2833 2241 2931 denique
2300 2834 2446 2907 hoc
2505 2837 2585 2906 in
2647 2835 2772 2907 hac

637 2966 853 3017 causa
899 2941 1343 3038 intelligent,
1387 2942 1531 3018 hoc
1570 2943 1817 3014 animo
1853 2967 2011 3017 esse
2056 2945 2371 3030 Sicu105,
2416 2960 2542 3032 ut,
2605 2948 2670 3018 si
2706 2953 2771 3018 in

633 3059 856 3127 istum
882 3050 1459 3124 animadversum
1486 3076 1637 3123 non
1663 3053 1756 3125 sit
1772 3106 1792 3141 ,
1817 3051 1957 3126 sibi
1974 3053 2489 3151 relinquendas
2515 3053 2767 3128 domos

630 3190 716 3237 ac
754 3163 958 3238 sedes
992 3187 1186 3251 suaS,
1246 3178 1320 3234 et
1352 3188 1441 3235 ex
1477 3164 1716 3236 Sicilia
1749 3162 2290 3254 decedendum,
2331 3181 2551 3262 atque
2593 3168 2765 3241 adeo

628 3273 1059 3376 fugiendum
1095 3295 1250 3344 esse
1289 3271 1755 3344 arbitrentur.
1800 3278 1948 3344 Hos
1984 3273 2322 3345 homines
2361 3289 2443 3346 tu
2477 3300 2761 3374 persua-

701 3508 750 3553 8.
773 3506 850 3552 De
864 3519 953 3552 suo
973 3517 1121 3551 more.
1144 3502 1377 3551 laniati·
1392 3512 1442 3549 et
1463 3502 1654 3565 patien-
1819 3518 1839 3549 1
1855 3518 1898 3551 1.
1924 3503 2134 3551 Publice.
2170 3502 2283 3551 Su-
2317 3503 2532 3552 civitatis
2563 3506 2761 3555 nonin.

628 3589 709 3636 tie
749 3585 804 3633 in
836 3582 1105 3632 tolerandis
1138 3596 1452 3629 romanorum
1493 3579 1652 3644 mgi-
1817 3596 1897 3629 12.
1924 3585 1971 3629 A
1998 3580 2131 3644 vulg.
2158 3581 2295 3630 abest
2324 3583 2650 3634 illm—Can
2669 3590 2757 3636 Aa·

626 3675 863 3715 stratuum
883 3661 1075 3720 injuriis
1093 3659 1459 3711 oblivisci.Vid.
1471 3675 1585 3723 sup.
1602 3662 1651 3711 3.
1743 3660 1899 3709 &one
1917 3661 2126 3709 refertur
2141 3675 2256 3710 cum
2275 3662 2454 3711 electu
2477 3676 2564 3714 est.

698 3761 753 3807 9.
784 3742 866 3792 Sic
910 3741 1151 3789 Gruterus
1187 3756 1216 3787 ο
1256 3739 1404 3787 codd.
1443 3739 1583 3789 Fabr.
1603 3751 1652 3788 et
1807 3741 1961 3788 va.
2006 3754 2051 3788 1.
2088 3740 2430 3804 Tyndaritani.
2462 3742 2712 3807 Tyndari·
2741 3761 2762 3793 ι

629 3821 838 3873 Metelli.
864 3822 1025 3868 Anto·
1062 3839 1086 3861 α
1108 3818 1399 3875 ediderunt,
1428 3817 1650 3867 obsecra·
1695 3839 1702 3842 ·
1737 3818 1937 3869 Castore
1966 3831 2016 3868 et
2033 3821 2258 3883 Polluce,
2281 3823 2632 3887 qui‘l'yudnrei
2660 3822 2749 3871 filii
2757 3863 2764 3875 .

627 3913 773 3961 runt,
800 3900 1078 3954 duxerunt,
1103 3906 1201 3945 etc.
1224 3917 1251 3937 ι·
1277 3899 1326 3945 J.
1347 3898 1412 3943 V.
1443 3899 1497 3945 L.
1736 3899 1952 3950 condita.
1968 3901 2114 3950 Unde
2128 3900 2215 3950 sn.
2228 3902 2489 3960 Imm,
2505 3919 2634 3964 207:
2651 3907 2771 3954 -cae

701 3997 783 4030 xo.
835 3981 882 4028 A
937 3985 1151 4041 quatuor
1196 3974 1534 4038 qumoon‘bus.
1604 3978 1649 4025 Δ
1735 3979 1970 4045 minoque
2014 3983 2208 4030 Iacone
2245 3982 2493 4047 Tyndari·
2537 3983 2767 4033 attollat

629 4061 824 4111 duobu-
842 4055 1035 4115 Verris,
1060 4053 1266 4104 'dnobus
1292 4055 1481 4106 Metelli
1518 4071 1649 4120 quo·
1736 4075 1840 4108 aaa
1859 4082 1904 4108 υ.
1939 4062 2014 4109 De
2046 4062 2219 4111 ceteris
2249 4061 2456 4111 urbibus
2488 4065 2632 4112 conf.
2659 4062 2762 4112 Ind-

627 4139 855 4190 storibns.
873 4134 989 4183 vid.
1012 4151 1119 4199 sup·
1143 4141 1189 4188 6.
1740 4141 1922 4201 Geogr.
1945 4167 2013 4177 —-
2053 4142 2174 4190 Hoc.
2205 4139 2465 4191 Schiitzim
2492 4142 2626 4193 delet
2651 4142 2740 4191 hoc
2755 4175 2771 4200 ,
