3044 4788
631 447 773 534 364
1261 459 1361 525 M.
1407 457 1483 522 Τ.
1539 455 2134 525 CICERONIS

626 589 964 672 oportere
991 598 1066 648 se
1098 577 1376 672 jurare;
1414 575 1736 661 facturos
1773 601 1925 648 esse
1945 629 1965 663 ,
2007 572 2208 671 quod
2252 587 2505 643 contra
2535 572 2786 670 legem

626 684 1038 755 Corneliam
1096 701 1317 772 esset,
1373 693 1534 782 qua'e
1590 688 2079 784 proscriptum
2131 686 2364 779 juvari
2419 697 2706 753 vetaret
2721 698 2782 755 9.

624 798 1024 891 Impetrant
1042 847 1062 880 ,
1094 807 1177 863 ut
1203 819 1296 864 ne
1317 796 1568 890 jurent
1598 821 1614 864 :
1653 794 1776 866 dat
1801 794 1914 864 his
1941 796 2484 892 possessionem.
2521 792 2609 863 Id
2636 819 2783 891 ego

625 928 781 974 non
816 902 1307 1002 reprehendo:
1338 907 1608 976 etenim
1628 916 1690 949 ¹⁰
1719 920 1871 977 erat
1896 908 2256 1001 iniquum,
2280 903 2558 974 homini
2597 929 2780 1002 pro-

624 1016 895 1109 scripto
911 1067 930 1101 ‚
950 1018 1231 1110 egenti,
1257 1014 1348 1086 de
1365 1014 1700 1087 fraternis
1726 1015 1943 1087 bonis
1970 1012 2368 1111 quidquam
2386 1012 2584 1100 dari;
2617 1028 2693 1084 at
2711 1026 2733 1058 ¹
2753 1025 2775 1057 ¹

582 1214 593 1225 q
626 1122 745 1192 ille
772 1121 1097 1212 libertus,
1124 1128 1375 1197 nisiex
1398 1142 1831 1198 testamento
1862 1128 2147 1224 patroni
2174 1126 2508 1219 jurasset,
2535 1126 2781 1196 scelus

549 1276 561 1288 ·
630 1257 706 1303 se
739 1230 1099 1305 facturum
1135 1236 1644 1309 arbitrabatur.
1686 1243 1939 1333 Itaque
1982 1237 2047 1306 ei
2068 1239 2328 1306 Verres
2370 1237 2780 1331 possessio-

629 1367 796 1412 nem
842 1343 1256 1418 hereditatis
1294 1363 1506 1445 negat
1554 1373 1631 1419 se
1681 1347 2058 1434 daturum,
2087 1372 2193 1417 ¹ne
2238 1361 2484 1444 posset
2524 1362 2780 1445 patro-

628 1463 878 1526 num¹²
909 1480 1123 1526 suurn
1153 1460 1646 1555 proscriptum⁴
1662 1457 1946 1552 juvare3
1975 1455 2190 1527 simul
2213 1470 2296 1527 ut
2315 1470 2504 1526 esset
2526 1480 2780 1553 poena,

630 1562 833 1661 quod
869 1564 1161 1638 alterius
1197 1569 1485 1666 patroni
1521 1581 1957 1638 testamento
1994 1564 2588 1663 obtemperasset.
2627 1570 2783 1636 Das

620 1678 1149 1770 possessionem
1195 1680 1296 1764 ei,
1340 1678 1468 1774 qui
1515 1702 1669 1748 non
1719 1677 1985 1772 jin-avit
2022 1704 2038 1746 :
2081 1675 2406 1747 concedo
2445 1703 2461 1745 ε
2509 1690 2777 1773 praeto-

610 1786 810 1855 *rium
856 1801 984 1858 est.
1019 1785 1291 1858 Adimis
1317 1801 1398 1858 tu
1434 1789 1540 1874 ei,
1585 1790 1710 1884 qui
1750 1788 2021 1882 juravit
2056 1813 2073 1855 :
2108 1811 2259 1883 quo
2302 1778 2780 1881 exemplo‘ss?

622 1898 1115 1994 Proscriptum
1135 1898 1361 1993 juvat.
1394 1902 1546 1968 Lex
1573 1913 1720 1985 est;
1760 1921 1978 1995 poena
2011 1910 2143 1968 est.
2184 1895 2380 1987 Quid
2418 1895 2510 1967 ad
2560 1921 2730 1966 eum
2752 1950 2777 1981 ,

623 2009 751 2103 qui
804 2006 922 2102 jus
966 2005 1184 2078 dicit?
1230 2010 1495 2077 Utrum
1545 2005 2056 2105 reprehendis,
2107 2005 2309 2104 quod
2368 2020 2775 2105 patronum

618 2113 915 2209 juvabat
958 2140 1164 2204 eum,
1206 2118 1335 2213 qui
1381 2131 1540 2189 tum
1582 2122 1660 2189 in
1702 2119 2002 2188 miseriis
2038 2130 2235 2205 erat3
2280 2141 2375 2186 an
2419 2113 2618 2213 quod
2649 2115 2774 2185 =al-

622 2226 845 2295 terius
880 2230 1167 2322 patroni
1204 2231 1475 2299 mortui
1501 2229 1951 2300 voluntatem
1994 2225 2504 2313 conservabat,
2545 2251 2587 2296 a
2613 2250 2776 2322 quo

621 2354 988 2404 summum
1050 2333 1488 2418 beneficium
1534 2338 1959 2436 acceperat?
2019 2342 2283 2410 Utrum
2337 2336 2604 2408 horum
2653 2360 2772 2406 re—

623 2441 1067 2540 prehendis?
1106 2452 1201 2519 Et
1255 2448 1396 2521 hoc
1450 2464 1605 2521 tum
1663 2449 1751 2520 de
1800 2449 1971 2521 sella
2010 2450 2119 2519 vir
2163 2453 2486 2546 optimus
2539 2446 2770 2518 dixit:

618 2583 653 2619 α
680 2556 926 2652 Equiti
959 2573 1294 2645 romano,
1329 2573 1478 2630 tam
1510 2559 1854 2658 locupleti
1879 2558 2382 2647 ,libertinus14
2412 2561 2504 2628 sit
2539 2556 2770 2626 homo

621 2663 934 2737 «heresP
960 2697 995 2733 >v
1066 2671 1132 2737 Ο
1171 2667 1580 2740 modestum
1628 2668 1999 2756 ordinem,
2062 2666 2261 2765 quod
2311 2666 2510 2737 illinc
2558 2669 2772 2735 vivus

625 2774 972 2847 surrexit!
1002 2783 1303 2849 Possum
1327 2794 1662 2851 sexcenta
1680 2777 1965 2849 decreta
1991 2775 2338 2877 proferre,
2363 2777 2441 2846 in
2466 2773 2771 2872 quibuS,

623 2900 711 2955 ut
737 2910 872 2983 ego
895 2884 954 2930 ¹⁵
988 2890 1372 2986 pecuniam
1410 2915 1564 2962 non
1607 2888 1845 2961 dicam
1888 2889 2402 2973 intercessisse,
2444 2889 2605 2982 ipsa
2637 2883 2763 2954 de·

1741 3113 2112 3194 tum-pertinet,
2138 3125 2224 3173 sed
2250 3125 2314 3173 sd
2344 3138 2432 3172 eos
2460 3123 2550 3187 qui
2586 3120 2649 3170 de
2684 3136 2773 3185 pn·

1741 3207 1886 3257 blicis
1911 3207 2058 3256 rebus
2073 3205 2315 3268 judicant.

699 3137 750 3186 9.
769 3123 894 3171 Aliis
919 3122 1109 3189 placet,
1132 3126 1299 3192 juvari
1322 3141 1482 3179 vetat.
1504 3129 1653 3177 Male.

702 3217 780 3252 ιο.
809 3202 1017 3252 Etem'm.
1045 3206 1207 3254 ironis
1228 3218 1303 3255 est
1321 3207 1598 3256 vehemens.

704 3298 784 3330 ιι.
814 3283 941 3342 Alii,
968 3295 1035 3332 et.
1052 3285 1103 3334 J.
1120 3286 1188 3334 V.
1213 3287 1269 3333 1..

703 3377 782 3409 ια.
819 3364 1106 3411 Patr-onum.
1142 3365 1322 3412 Servus
1361 3364 1444 3411 ille
1485 3364 1656 3413 ambo-

626 3456 735 3488 rum
752 3440 1111 3490 Treboniomm
1138 3442 1318 3499 suerat,
1355 3454 1406 3490 et
1429 3442 1492 3489 ab
1518 3455 1656 3491 utro·

626 3533 722 3582 que
756 3523 1075 3570 manumissus
1092 3556 1109 3584 ‚
1152 3532 1413 3585 utrumque
1445 3521 1658 3570 habebat

627 3607 911 3660 patronum.

705 3677 784 3723 13.
806 3675 912 3737 Quo
935 3677 1175 3742 exemplo.
1201 3677 1348 3724 Omni
1372 3677 1655 3726 hereditatis

623 3765 763 3818 parte
807 3747 1048 3815 deiectum
1090 3756 1319 3803 libertum
1355 3755 1506 3805 edicit
1534 3761 1655 3805 Ver-

627 3848 704 3879 res
731 3845 747 3892 3
778 3847 878 3895 quo
915 3844 1078 3880 sutem
1117 3833 1225 3894 jure
1246 3835 1269 3880 ?
1321 3836 1537 3900 Nempe,
1585 3837 1656 3886 ait

629 3913 831 3968 Verres,
849 3909 985 3974 quod
997 3911 1067 3958 sic
1079 3911 1222 3972 jubet
1241 3913 1467 3964 Cornelis
1484 3916 1569 3963 lex
1595 3915 1657 3963 de

630 3991 935 4054 proscriptis.
963 3991 1032 4039 At
1065 4008 1210 4054 poena
1245 4004 1316 4041 est
1344 3994 1435 4042 hac
1466 3995 1570 4058 lege
1595 3995 1655 4041 il·

632 4069 757 4128 lata,
797 4069 1060 4136 respondet
1087 4071 1290 4131 Cicer03
1329 4085 1378 4121 et
1412 4075 1558 4134 hujus
1582 4073 1655 4121 rei

631 4149 848 4212 cognitio
881 4167 980 4198 non
1006 4151 1069 4199 sd
1097 4161 1143 4199 ts
1176 4153 1370 4202 civilem
1402 4153 1654 4217 magistra·

1822 3298 1903 3343 14.
1963 3284 2252 3334 Liberdnus.
2308 3280 2561 3331 Invidiosa
2616 3280 2776 3329 ontio

1743 3366 1886 3413 Verri
1912 3363 2092 3411 afficta.
2123 3363 2254 3410 Nota
2292 3360 2535 3410 libertinos
2574 3358 2775 3407 eosdem

1744 3460 1848 3491 esse
1873 3459 1931 3491 sc
1963 3442 2187 3497 liberem,-
2216 3438 2304 3488 sed
2340 3440 2407 3488 its
2443 3449 2502 3486 ut
2527 3437 2778 3487 liber-eiam

1744 3521 1994 3579 absolute,
2038 3518 2234 3566 libertus
2271 3528 2434 3565 autem
2479 3516 2672 3564 dicatur
2707 3530 2778 3562 re-

1742 3608 1910 3663 spectu
1953 3596 2015 3644 ad
2053 3596 2308 3645 dominum
2344 3596 2433 3660 qui
2459 3612 2571 3644 enm
2601 3611 2775 3643 manu·

1741 3678 1890 3725 misit.
1916 3677 1981 3727 V.
2017 3692 2064 3739 g.
2093 3678 2212 3724 Tiro
2248 3674 2452 3723 libertus
2482 3674 2772 3732 Ciceronis,

1741 3766 1841 3805 eto.
1868 3755 2227 3803 Libertinorum
2260 3752 2410 3814 ordo,
2441 3765 2497 3802 ut
2531 3753 2659 3801 infra
2692 3751 2773 3798 di-

1744 3838 1889 3884 citur.

1823 3916 1902 3964 15.
1934 3916 1999 3962 Ue
2021 3929 2129 3978 ego.
2157 3912 2392 3980 Etiamsi,
2433 3912 2657 3975 quamvis
2682 3926 2777 3976 ego

1747 4008 1794 4044 te
1813 3995 2019 4061 pecunia
2049 4002 2337 4056 corruptum
2367 3989 2460 4038 hac
2489 3992 2541 4038 in
2561 4007 2611 4037 re
2632 3992 2777 4039 fuisse

1747 4091 1848 4122 non
1877 4073 2085 4122 dixerim
2102 4106 2116 4129 ,
2148 4071 2264 4119 satis
2286 4086 2374 4134 per
2393 4087 2445 4116 se
2470 4086 2544 4116 τω
2569 4070 2674 4134 ipsa
2702 4071 2775 4117 lo·

1744 4154 1931 4217 quitur,
1959 4162 2006 4198 et
2028 4150 2178 4199 edicti
2197 4149 2430 4213 iniquitas
2449 4149 2690 4201 ostendit.
