3044 4788
673 344 765 387 xx
1461 314 1997 387 PRAEFATIO

671 442 807 510 nisi
858 440 948 508 sit
984 440 1091 506 vir
1127 436 1535 522 bonuS,·de
1578 441 1902 508 oratoria:
1948 438 2309 536 dignitatis
2350 440 2575 537 gradu
2612 441 2836 535 deji-·

670 553 878 617 citur.
913 547 1216 637 Quintil.
1244 552 1416 632 XII,
1455 572 1509 616 1.
1539 551 1781 636 Quum
1802 563 2040 619 autem
2072 553 2367 620 «omnis
2394 554 2798 645 arrogantia

667 655 912 727 odiosa
947 673 1088 738 est,
1119 672 1271 726 tum
1306 656 1421 725 illa
1452 659 1721 753 ingenii
1759 672 1977 753 atque
2015 657 2447 754 eloquentiae
2485 661 2798 729 maxime

665 767 1159 837 molestissima
1183 797 1237 834 ι).
1275 767 1682 863 Diviu.cap.
1721 793 1744 836 1
1769 792 1824 837 1.
1854 768 2047 838 Nihil
2085 767 2403 864 denique
2435 767 2791 838 declama-

669 878 846 947 toria
876 876 1306 974 loquacitate
1342 876 1610 962 levius,
1641 877 1819 947 nihil
1858 879 2363 975 contemptius.
2397 880 2671 947 Verum
2702 902 2792 947 an

667 989 802 1055 tria
837 985 985 1056 haec
1015 1000 1209 1056 recte
1247 990 1323 1054 in
1345 988 1695 1057 Cicerone
1727 986 2376 1084 reprehendantur,
2405 987 2649 1082 paullo
2681 986 2790 1057 di-

664 1096 994 1192 ligentius
1031 1112 1140 1166 est
1170 1097 1768 1192 investigandum.
1815 1103 1912 1173 Ac
1953 1101 2265 1193 primum
2301 1095 2394 1166 de
2425 1095 2794 1176 moribuS,

666 1204 863 1301 quod
906 1206 1005 1275 rei
1045 1220 1259 1301 caput
1297 1221 1422 1276 est.

761 1319 844 1383 In
866 1314 1216 1409 ejusmodi
1237 1313 1923 1411 reprehensionibus
1937 1368 1956 1398 ,
1982 1339 2143 1409 quae
2157 1314 2580 1410 gravissimae
2599 1328 2793 1395 sunt,

668 1422 845 1494 illud
893 1424 967 1492 in
1008 1424 1258 1520 primis
1291 1420 1764 1518 quaerendum
1801 1437 2023 1519 puto,
2067 1448 2226 1519 quae
2264 1426 2353 1492 sit
2391 1424 2533 1491 vita
2566 1422 2796 1506 illius,

664 1534 791 1628 qui
829 1532 1128 1602 alienam
1176 1532 1447 1626 arguit,
1508 1556 1667 1626 quae
1705 1555 1991 1600 morum
2036 1535 2381 1627 gravitas;
2447 1556 2608 1628 quae
2652 1532 2790 1603 ho-

666 1642 915 1726 minis,
945 1644 1071 1736 qui
1110 1642 1458 1735 arguitur,
1500 1641 1948 1710 existimatio.
1982 1646 2120 1710 Ista
2157 1643 2213 1710 si
2247 1641 2527 1710 valeant
2568 1641 2643 1709 in
2678 1640 2794 1712 his

662 1752 918 1836 rebuS,
943 1765 1016 1819 et
1039 1750 1151 1819 vel
1185 1747 1644 1819 mediocriter
1679 1748 2251 1837 considerentur,
2281 1754 2518 1819 omnis
2556 1749 2670 1818 illa
2699 1751 2792 1821 de

665 1858 988 1929 moribus
1018 1859 1384 1928 Ciceronis
1415 1861 1768 1928 accusatio
1807 1859 1987 1954 quin
2022 1872 2433 1944 evanescat,
2476 1884 2630 1928 non
2684 1877 2795 1931 est

664 1968 863 2063 quod
902 1966 1299 2038 dubitetur.

760 2081 1137 2147 Orationes
1184 2075 1341 2146 duae
1386 2091 1557 2146 sunt
1595 2078 1671 2145 in
1715 2078 2133 2146 Ciceronem
2174 2080 2269 2145 ita
2306 2078 2643 2171 geminae,
2695 2080 2793 2146 ita

663 2186 799 2257 sibi
842 2187 1147 2271 simileS‚
1206 2199 1286 2255 ut
1329 2210 1416 2255 ex
1458 2184 1706 2255 eadem
1754 2209 1872 2254 eas
1917 2181 2206 2254 officina
2251 2190 2591 2256 exsistere
2637 2210 2789 2255 non

660 2299 903 2393 inepte
915 2294 1344 2390 judicaveris
1368 2324 1382 2365 ε
1409 2310 1480 2365 et
1512 2319 1758 2365 rursus
1793 2296 1892 2364 ita
1927 2294 2411 2382 vehementes,
2431 2311 2513 2366 ut
2538 2320 2791 2365 earum

660 2407 1043 2503 scriptores
1083 2407 1324 2500 potius
1363 2407 1698 2499 quaesisse
1733 2405 2136 2490 videantur,
2185 2406 2258 2475 in
2304 2430 2525 2501 quem
2571 2431 2791 2477 omne

659 2517 854 2586 virus
901 2514 1301 2586 acerbitatis
1349 2539 1492 2584 suae
1540 2514 2010 2585 declamando
2060 2531 2516 2602 evomerent,
2569 2541 2791 2612 quam

661 2624 991 2696 habuisse
1018 2629 1307 2721 penitus
1339 2638 1596 2694 notum
1632 2627 1978 2721 aliquem,
2017 2626 2284 2696 nedum
2320 2628 2743 2697 Ciceronem
2766 2680 2786 2709 ,

660 2738 735 2805 in
786 2759 1004 2833 quem
1057 2747 1162 2803 tot
1210 2733 1462 2830 putida
1506 2733 1780 2827 jacere,
1836 2734 2026 2804 salva
2079 2737 2230 2804 veri
2278 2733 2787 2818 similitudine,

659 2849 1052 2941 potuerint.
1089 2844 1329 2913 Altera
1360 2842 1651 2913 brevior
1687 2843 2000 2913 Sallustii
2039 2848 2334 2914 nomine
2367 2842 2787 2914 circumfer-

657 2967 816 3039 tur,
840 2952 930 3022 ad
968 2952 1233 3023 calcem
1264 2953 1631 3024 Ciceronis
1654 2958 2065 3023 orationum
2099 2952 2265 3025 addi
2303 2954 2517 3049 vulgo
2551 2954 2785 3023 solita.

656 3063 898 3133 Altera
926 3088 1094 3133 sane
1125 3063 1375 3158 longa,
1414 3061 1594 3132 Fufii
1634 3064 1920 3149 Caleni,
1956 3064 2218 3160 legitur
2251 3062 2443 3160 apud
2477 3066 2788 3133 Dionem

661 3171 783 3244 lib.
825 3177 1064 3243 XLVI.
1106 3174 1197 3242 Hi
1234 3187 1407 3243 sunt
1445 3171 1594 3242 duo
1632 3171 1869 3243 fontes
1914 3172 2108 3243 unde
2147 3178 2344 3241 virus
2389 3173 2793 3243 hauserunt

658 3283 1006 3369 malivoli,
1067 3282 1265 3379 quod
1301 3285 1667 3351 Ciceronis
1705 3284 1778 3351 in
1819 3307 2057 3353 mores
2109 3281 2568 3376 despuerent.
2612 3281 2793 3367 Quae

655 3392 963 3462 Sallustii
1002 3416 1153 3462 esse
1201 3390 1464 3460 dicitur
1504 3392 1577 3459 in
1632 3396 1953 3461 Marcum
2000 3389 2314 3460 Tullium
2361 3391 2791 3480 Ciceronem

661 3501 926 3587 oratio,
955 3525 1110 3571 eam
1139 3500 1359 3595 hujus
1395 3524 1545 3568 non
1580 3526 1765 3586 esse,
1799 3500 1991 3570 docti
2023 3500 2149 3567 viri
2177 3498 2454 3569 dudum
2489 3496 2795 3566 demon-

657 3625 1060 3682 straverunt
1102 3639 1116 3680 :
1156 3624 1311 3680 tum
1345 3609 1546 3706 quod
1581 3613 2008 3682 Ciceronem
2049 3611 2239 3680 inter
2268 3623 2339 3679 et
2374 3608 2789 3678 Sallustium

657 3721 1040 3790 inimicitiae
1080 3734 1225 3789 tam
1267 3720 1712 3792 vehementis
1754 3744 1978 3791 causae
2015 3745 2166 3790 non
2205 3734 2310 3790 sat
2353 3717 2630 3788 idoneae
2681 3713 2788 3785 af-

655 3828 1010 3915 ferantur3
1049 3845 1201 3901 tum
1236 3831 1437 3927 quod
1475 3832 1700 3930 stylus
1738 3832 1809 3899 in
1851 3856 1934 3900 ea
1983 3837 2290 3900 maxime
2339 3827 2660 3897 diversus
2694 3828 2787 3893 sit

655 3963 695 4008 a
728 3937 956 4009 forma
1000 3937 1280 4008 dicendi
1317 3943 1762 4023 Sallustiana.
1827 3940 2332 4011 Declamatoris
2375 3935 2742 4028 cujusdam
2767 3989 2784 4016 ,

655 4051 798 4121 sive
831 4050 1127 4119 Porcius
1162 4052 1378 4132 Latro
1418 4066 1537 4147 ifle
1568 4055 1664 4134 sit
1685 4105 1703 4138 ,
1748 4074 1877 4121 seu
1905 4052 2138 4144 quivis
2167 4048 2376 4136 alius,
2411 4068 2782 4115 commen-
