3044 4788
646 359 781 441 224
1284 357 1381 421 M.
1433 354 1509 419 T.
1566 352 2128 422 clcssnoms

637 476 1026 575 desperatae
1054 470 1500 570 respublicas,
1530 470 1967 568 judiciisque
2005 474 2441 571 corruptis¹²
2479 499 2565 546 ac
2598 502 2781 548 con-

637 587 997 658 taminatis
1033 606 1435 681 paucorum
1469 583 1646 651 vitio
1678 605 1761 651 ac
1791 581 2275 678 turpitudine,
2312 583 2647 655 homines
2680 588 2775 655 ad

635 695 878 793 legum
944 691 1442 764 defensionem
1478 739 1498 775 ‚
1579 689 2170 788 judiciorumque
2226 699 2774 783 auctoritatem,

634 829 855 903 quam
879 803 1424 874 honestissimos
1441 797 1502 844 ¹³
1527 815 1598 871 et
1623 802 2125 898 integerrimos
2152 802 2775 900 diligentissimos·

632 938 778 1012 que
796 911 1171 998 accedere3
1201 925 1326 981 aut
1344 964 1364 998 ,
1385 911 1443 982 si
1464 935 1558 981 ne
1586 908 1728 981 hoc
1752 909 2049 1007 quidem
2080 911 2423 1008 prodesse
2461 918 2773 1012 poterit,

632 1020 960 1121 profecto
989 1021 1191 1092 nulla
1219 1045 1570 1118 umquam
1611 1020 1968 1092 medicina
1998 1020 2110 1092 his
2145 1035 2257 1092 tot
2292 1024 2771 1096 incommodis

631 1133 1054 1231 reperietur.
1111 1130 1322 1202 Nulla
1362 1131 1555 1202 salus
1615 1128 2030 1227 reipublicoe
2091 1130 2323 1224 major
2364 1147 2504 1218 est,
2548 1158 2768 1229 quam

632 1268 790 1330 eos,
840 1242 969 1340 qui
1016 1241 1321 1313 alterum
1359 1256 1732 1327 accusant,
1786 1264 1934 1311 non
1979 1241 2221 1313 minus
2261 1241 2352 1312 de
2388 1241 2634 1329 laude,
2672 1243 2768 1313 de

631 1354 951 1440 honore,
992 1351 1083 1423 de
1123 1350 1313 1424 fama
1344 1375 1501 1438 sua,
1533 1373 1753 1446 quam
1790 1348 1988 1437 illos,
2021 1351 2150 1446 qui
2185 1367 2642 1435 accusantur,
2673 1350 2767 1423 de

629 1465 861 1561 capite
889 1486 971 1534 ac
1008 1459 1318 1535 fortunis
1355 1462 1501 1531 suis
1537 1459 2064 1556 pertimescere.
2102 1447 2357 1557 Itaque
2396 1485 2681 1558 semper
2715 1462 2766 1530 ii

629 1572 1164 1670 diligentissime
1222 1569 1927 1666 laboriosissimeque
1979 1585 2452 1658 accusarunt,
2514 1573 2643 1667 qui
2688 1596 2764 1642 se

626 1685 822 1781 ipsos
850 1684 924 1753 in
952 1681 1335 1753 discrimen
1366 1680 1914 1750 existimationis
1939 1675 2187 1750 venii-e
2216 1678 2542 1750 arbitrati
2567 1695 2757 1750 sunt.

720 1797 945 1864 XXII.
986 1789 1481 1881 Quamobrem
1527 1787 1668 1860 hoc
1710 1802 2059 1875 statuere,
2091 1787 2404 1882 judiceS,
2443 1788 2761 1875 debetis,

627 1907 714 1992 Q.
753 1901 1148 1988 Caecilium‚
1195 1898 1287 1970 de
1325 1923 1474 1995 quo
1514 1898 1713 1969 nulla
1758 1923 2109 1994 umquam
2153 1900 2446 1996 opinio¹
2504 1897 2762 1982 fuerit,

626 2011 974 2106 nullaque
1023 2009 1102 2077 in
1152 2007 1294 2079 hoc
1338 2010 1494 2104 ipso
1533 2007 1807 2102 judicio
1863 2012 2304 2106 exspectatio
2348 2008 2588 2079 futura
2622 2011 2758 2097 sit;

628 2123 759 2218 qui
784 2142 1060 2214 neque,
1097 2131 1180 2188 ut
1213 2132 1379 2189 ante
1406 2118 1830 2190 collectam²
1871 2117 2135 2191 famam
2172 2134 2589 2208 conservet,
2631 2145 2759 2192 ne-

626 2254 773 2327 que
816 2230 922 2299 uti
965 2228 1228 2325 reliqui
1275 2234 1623 2327 temporis
1678 2226 1931 2327 spem³
1975 2230 2398 2320 confirmet,
2438 2230 2759 2319 laborat3

629 2362 779 2409 non
807 2338 1068 2410 nimis4
1097 2337 1285 2411 hanc
1320 2363 1609 2411 causam
1644 2363 1920 2428 severe,
1962 2364 2111 2412 non
2149 2342 2362 2412 nimis
2397 2356 2759 2428 accurate,

625 2472 777 2520 non
806 2450 1019 2520 nimis
1047 2448 1428 2548 diligenter
1450 2463 1823 2521 acturum:
1850 2447 2071 2522 habet
2096 2454 2289 2522 enim
2318 2450 2533 2540 nihil,
2560 2453 2759 2549 quod

626 2562 702 2630 in
741 2559 1147 2632 offensione
1170 2557 1197 2603 ⁵
1244 2557 1634 2657 deperdat3
1672 2573 1756 2630 ut
1800 2556 2265 2657 turpissime⁶
2301 2560 2759 2658 flagitiosissi-

627 2696 890 2769 meque
936 2670 1297 2757 discedat‚
1353 2670 1537 2740 nihil
1575 2668 1666 2741 de
1712 2670 1859 2740 suis
1909 2669 2275 2742 veteribus
2315 2673 2759 2743 ornamentis

621 2782 966 2878 requiret.
1012 2785 1073 2851 A
1103 2778 1313 2851 nobis
1340 2779 1610 2851 multos
1647 2778 1938 2851 obsides
1959 2791 1985 2835 ⁷
2031 2780 2253 2852 habet
2286 2783 2605 2878 populus
2637 2808 2755 2853 ro·

626 2913 919 2976 manus,
965 2913 1153 2987 quos
1195 2906 1276 2961 ut
1327 2891 1730 2963 incolumes
1781 2914 2249 2978 conservare,
2298 2893 2520 2979 tueri,
2581 2918 2754 2964 cou-

703 3134 784 3165 12.
824 3115 1084 3181 Corruptis.
1112 3120 1320 3183 Propter
1346 3134 1431 3167 eos
1456 3120 1543 3181 qui
1569 3133 1648 3165 sc-

622 3208 860 3263 ceperunt
908 3197 1163 3261 pecuniam
1182 3214 1198 3257 3
1265 3196 1609 3245 contaminatis
1631 3229 1647 3251 ,

623 3290 828 3343 propter
849 3276 1072 3337 judicum
1109 3277 1355 3324 infamiam
1389 3291 1517 3340 quos
1541 3290 1648 3322 ma-

623 3357 809 3405 culosos
825 3366 1073 3403 senatores
1094 3354 1308 3419 appellnt
1331 3354 1438 3403 Cic.
1459 3353 1524 3401 ad
1536 3356 1640 3403 Διὶ.

625 3437 648 3482 1
666 3468 681 3492 ‚
715 3437 798 3483 13.
1676 3434 1677 3437 ’

704 3515 783 3562 13.
824 3511 1212 3560 Honestissima.
1255 3510 1336 3558 Ad
1386 3527 1643 3575 personam

625 3591 846 3648 refertur,
860 3601 908 3638 et
933 3589 996 3637 ad
1017 3588 1373 3639 excludendum
1397 3589 1645 3640 Caecilium

622 3671 770 3718 valet.

697 3751 790 3797 XX
801 3750 864 3796 11.
882 3763 901 3793 ι
917 3782 930 3796 .
951 3746 1126 3812 Opinio
1135 3746 1316 3811 suerit.
1330 3750 1487 3811 Quem
1500 3764 1646 3797 nemo

625 3843 854 3892 uinquam
888 3825 942 3872 in
976 3836 1294 3890 patronorum
1333 3844 1537 3876 numero
1563 3827 1645 3875 hn-

621 3906 799 3955 buerit.

696 4004 745 4037 α.
761 3985 1040 4034 Colleecam.
1051 3983 1212 4044 Quam
1228 3985 1408 4033 nullam
1428 3985 1642 4051 collegit.

692 4069 743 4116 3.
762 4067 917 4131 Spem.
948 4065 1073 4126 Qnoe
1101 4062 1163 4111 de
1186 4077 1247 4111 eo
1269 4064 1405 4113 nulla
1423 4074 1515 4113 est.

1810 3124 1859 3172 4.
1891 3118 2007 3166 Non
2032 3116 2190 3165 nimis.
2216 3120 2411 3176 Parum,
2440 3119 2599 3167 minus
2614 3136 2755 3184 quam

1736 3208 1981 3260 oporteat.

1809 3276 1857 3324 5.
1871 3278 1930 3323 In
1950 3275 2239 3342 offensione.
2261 3278 2455 3341 Siquid
2467 3280 2758 3343 peccaverit,

1734 3355 1777 3404 si
1797 3355 1858 3404 sb
1886 3353 2043 3404 officii
2070 3356 2146 3403 sui
2173 3356 2408 3420 religione
2428 3357 2760 3417 declinaverit,

1732 3436 1857 3484 nihil
1884 3447 1956 3484 est
1974 3435 2065 3494 illi,
2079 3436 2217 3499 quod
2243 3436 2441 3501 perdat.

1803 3515 1853 3563 6.
1880 3517 1942 3561 Ue
1966 3514 2252 3578 turpissime.
2278 3516 2476 3564 Etiamsi
2493 3516 2684 3564 infamis
2707 3528 2758 3565 et

1731 3590 1947 3657 perfidias
1967 3594 2168 3641 crimine
2186 3605 2411 3654 notatus,
2435 3611 2497 3644 ex
2515 3595 2597 3643 ina
2616 3605 2756 3643 causa

1735 3671 2021 3731 discederet,
2037 3688 2139 3721 non
2160 3684 2320 3721 tamen
2342 3674 2576 3738 pristinos
2597 3674 2757 3722 hono-

1734 3766 1811 3797 res
1862 3749 2010 3815 (quos
2032 3768 2298 3816 numquam
2324 3752 2518 3820 habuit)
2533 3790 2548 3816 ,
2592 3764 2757 3817 posset

1729 3829 1969 3878 amittere.

1805 3926 1852 3971 7.
1906 3909 2121 3958 Obsides.
2182 3909 2338 3958 Multa
2397 3909 2573 3959 Cicero
2623 3910 2756 3974 apud

1729 3988 1973 4053 populum
2020 3988 2224 4052 pignora
2271 3987 2517 4051 deposuit.
2568 3991 2757 4053 Nempe

1729 4077 1777 4114 et
1809 4068 2213 4116 existimationem
2248 4083 2276 4113 ει
2305 4082 2355 4114 se
2392 4067 2675 4129 collectam,
2709 4077 2757 4115 et
