3044 4788
511 386 648 452 DE
697 386 1200 456 PRAETORE
1252 390 2008 463 PROVINCIALI.
2190 394 2326 467 525

192 505 505 570 reddendi
539 503 720 592 quod
755 506 1002 596 legibus
1032 508 1512 593 contineretur,
1547 509 1627 574 de
1653 513 1913 599 privatis
1946 533 2325 584 controver-

193 613 335 693 siis,
370 627 434 675 et
466 612 844 674 criminibus
872 612 1145 700 publicis
1166 662 1184 693 ,
1232 630 1346 678 aut
1375 617 1879 703 provincialibus
1913 620 2288 689 hominibus
2310 674 2328 706 ‚

192 733 309 780 aut
360 717 607 781 civibus
670 718 950 781 romanis
1032 718 1097 781 in
1153 721 1486 807 provincia
1542 725 1949 789 versantibus
1970 775 1988 809 ,
2066 731 2323 816 quoties

192 824 522 886 exsisteret
556 822 669 909 qui
704 822 864 887 illud
899 840 1211 912 posceret.
1257 825 1527 889 Privatae
1558 832 2043 913 controversiae,
2076 834 2142 896 in
2181 837 2328 922 qui-

191 927 315 990 bus
343 927 751 1015 potissimum
784 928 1094 991 collocata
1126 926 1489 1006 jurisdictio
1518 931 1680 1012 fuit,
1719 950 1834 998 aut
1863 935 1947 999 ad
1981 960 2287 1024 personas
2309 990 2327 1022 ,

190 1049 305 1096 aut
355 1032 438 1097 ad
491 1056 623 1113 res,
681 1050 746 1096 et
790 1056 1012 1096 earum
1064 1034 1567 1119 acquisitiones3
1616 1054 1730 1102 aut
1775 1040 1857 1105 ad
1901 1042 2325 1133 obligationes

188 1138 618 1225 pertinebant.

275 1247 506 1334 Leges,
544 1245 781 1331 quibus
801 1247 908 1325 jus
935 1243 1343 1310 reddendum
1378 1249 1857 1334 continebatur,
1887 1257 2180 1339 fuerunt,
2210 1275 2322 1323 aut

186 1372 346 1436 quas
383 1350 753 1439 imperator,
787 1374 991 1437 quum
1029 1351 1198 1415 bello
1227 1354 1605 1440 acquisitam
1646 1359 2044 1444 provinciam
2077 1367 2321 1430 consti-

186 1470 432 1534 tueret,
483 1478 562 1518 ex
594 1454 819 1519 decem
853 1456 1214 1543 legatorum
1252 1460 1570 1523 sententia
1609 1459 1873 1526 dederat
1894 1512 1911 1545 ,
1959 1483 2037 1530 ut
2066 1470 2322 1558 Rupilia

183 1559 287 1622 lex
326 1559 407 1623 de
435 1559 693 1638 judiciis
725 1560 900 1648 apud
923 1562 1202 1644 Siculos„
1236 1563 1303 1626 in
1326 1566 1508 1628 Verr.
1544 1565 1652 1630 lib.
1685 1568 1782 1649 11,
1807 1592 1864 1633 c.
1901 1594 2001 1655 12,
2028 1592 2140 1638 aut
2162 1600 2320 1662 quas

182 1681 410 1752 postea
447 1689 483 1729 e
517 1689 586 1729 re
629 1682 774 1730 nata
812 1669 1109 1732 consules
1145 1686 1259 1733 aut
1301 1669 1549 1734 tribuni
1581 1671 1786 1760 plebis
1824 1676 2141 1761 tulerant,
2179 1685 2322 1768 qui·
2427 1688 2440 1699 ²

181 1770 307 1834 bus
345 1772 536 1835 etiam
575 1772 910 1836 attexenda
960 1778 1517 1840 senatusconsulta
1554 1797 1745 1859 sunt,
1782 1798 1859 1845 ut
1891 1783 1993 1847 lex
2019 1785 2320 1854 Terentia

183 1877 402 1940 Cassia
454 1876 535 1941 de
573 1877 852 1942 emendo
900 1880 967 1942 in
1014 1880 1224 1944 Sicilia
1269 1883 1640 1961 frumento,
1697 1886 1765 1949 in
1796 1888 1974 1965 Verr.
2019 1891 2131 1955 lib.
2174 1896 2311 1978 111,

182 2005 240 2045 c.
270 1983 391 2068 69,
425 2000 492 2047 et
525 1987 1164 2050 senatusconsultum
1199 1985 1394 2070 illud,
1433 2007 1537 2071 ut,
1575 1993 1688 2078 qui
1729 1994 2018 2060 Ciliciam
2055 1998 2317 2066 obtine·

180 2104 313 2170 ret,
360 2090 467 2169 jus
500 2087 580 2153 de
624 2091 990 2156 centesimis
1023 2093 1236 2157 usuris
1266 2117 1343 2157 ex
1374 2098 1739 2186 syngrapha
1776 2099 2037 2169 diceret.
2083 2106 2313 2191 Lib.V,

179 2193 263 2256 ad
291 2196 422 2258 Att.
452 2196 636 2283 epist.
666 2195 782 2260 ult.

269 2301 603 2384 Personae,
657 2304 896 2389 quibus
920 2303 1026 2383 jus
1054 2302 1464 2389 reddebatur,
1507 2310 1811 2393 fuerunt,
1857 2330 1931 2377 ut
1963 2315 2124 2401 dixi,
2174 2343 2319 2409 pro-

177 2406 477 2471 vinciales
510 2407 806 2473 homines
867 2409 986 2495 [ex
1022 2433 1304 2498 quorum
1354 2437 1629 2479 numero
1667 2418 1858 2481 eximi
1907 2421 2141 2489 liberos
2190 2450 2312 2514 po·

176 2513 366 2599 pulos
400 2527 689 2600 oportet,
718 2513 957 2599 quibus
976 2514 1081 2592 jus
1107 2514 1233 2578 dici
1269 2540 1403 2580 non
1427 2518 1629 2584 licuit.
1656 2521 1789 2585 Cic.
1812 2522 1892 2586 de
1913 2526 2102 2592 Prov.
2129 2553 2309 2598 cons.

175 2640 231 2679 c.
275 2618 348 2705 2]
378 2642 396 2697 ;
445 2631 510 2680 et
544 2617 711 2681 cives
743 2620 994 2681 romani
1034 2642 1200 2706 quos
1234 2620 1303 2683 in
1339 2624 1687 2708 provinciis
1721 2645 2002 2694 versatos
2036 2631 2165 2697 dixi
2194 2659 2209 2700 ε
2268 2640 2312 2701 ii

172 2722 312 2785 fere
348 2738 462 2786 aut
493 2737 773 2785 aratores
795 2771 812 2803 ,
853 2738 966 2786 aut
999 2725 1365 2811 publicani,
1402 2743 1516 2789 aut
1547 2732 1979 2818 negotiatores
2009 2738 2311 2826 fuerunt,

176 2827 416 2914 quibus
453 2850 587 2890 non
625 2828 841 2891 minus
863 2876 881 2907 ,
917 2848 1115 2913 quam
1152 2831 1341 2894 sociis
1378 2833 1565 2919 ipsiS,
1616 2836 1724 2915 jus
1765 2837 2034 2907 dictum.
2077 2846 2207 2911 Cic.
2241 2849 2308 2913 in

174 2933 356 2997 Verr.
381 2935 493 2998 lib.
521 2936 647 3015 111,
697 2958 753 2997 c.
788 2937 887 3012 14.
966 2961 969 2962 ⁷

262 3041 485 3124 Quum
514 3037 872 3120 jurisdictio
898 3038 1211 3140 reddendi
1238 3042 1400 3122 juris
1428 3063 1708 3132 potestas
1734 3048 1932 3116 fuerit
1959 3056 2139 3141 quod
2166 3060 2314 3149 legi-

171 3148 296 3212 bus
332 3148 795 3226 contineretur,
833 3146 1084 3234 legibus
1121 3165 1337 3212 autem
1387 3153 1604 3215 onmia
1659 3159 2125 3245 comprehendi
2171 3189 2305 3230 non

170 3255 566 3342 potuissent,
596 3254 838 3318 factum
869 3269 1001 3334 est,
1045 3271 1120 3317 ut
1144 3256 1347 3319 multa
1381 3255 1607 3322 edictis
1644 3261 1798 3348 ipsis
1830 3269 2144 3352 praetoriis
2178 3272 2309 3338 sint

170 3360 497 3445 permissa.
552 3360 778 3446 Itaque
814 3359 912 3422 uti
965 3375 1270 3450 praetores
1319 3363 1552 3425 urbani
1603 3367 1823 3430 Romae
1866 3373 2305 3460 magistratum

170 3465 469 3529 ineuntes
511 3463 718 3528 edicta
762 3477 1280 3553 proposuerunt,
1334 3490 1413 3531 ex
1453 3471 1695 3557 quibus
1743 3473 1849 3552 jus
1901 3499 1969 3541 se
2021 3478 2309 3551 dicturos

171 3593 310 3635 esse
342 3571 611 3658 professi
643 3587 829 3651 sunt3
860 3572 951 3635 sic
974 3572 1272 3660 praesides
1300 3575 1367 3636 in
1392 3578 1751 3662 provincias
1783 3581 2054 3671 ingressi
2087 3604 2151 3652 et
2181 3591 2307 3679 ipsi

168 3700 286 3742 sua
317 3676 522 3740 edicta
550 3676 816 3765 singulis
846 3675 926 3741 de
960 3678 1155 3743 rebus
1185 3679 1526 3771 diligenter
1552 3686 1786 3773 scripta
1812 3688 2189 3779 ediderunt;
2219 3700 2300 3763 ad

169 3804 375 3868 eaque
418 3798 640 3869 postea
686 3797 888 3845 totam
918 3781 1435 3861 jurisdictionem
1487 3810 1669 3852 suam
1708 3798 2306 3868 accommodarunt.

167 3890 381 3976 Atque
408 3887 545 3951 haec
576 3886 839 3975 quidem
886 3888 937 3950 si
980 3911 1057 3951 ex
1097 3890 1362 3954 urbanis
1398 3910 1510 3957 aut
1543 3897 2042 3982 provincialibus
2080 3905 2306 3995 edictis

170 3994 625 4082 sumpsissent,
665 3991 1073 4073 translatitia3
1106 3999 1205 4056 sin
1236 3996 1451 4060 minus
1472 4046 1490 4077 ,
1527 4022 1689 4062 nova
1722 4001 2122 4072 dicebantur.
2159 4012 2305 4075 Hoc

171 4101 478 4164 nimirum
510 4099 735 4164 Cicero
769 4113 1042 4162 testatur
1067 4098 1149 4163 ad
1174 4103 1431 4182 Att.vl‚
1466 4127 1565 4191 ep.
1594 4129 1657 4188 13
1688 4107 1768 4171 ad
1793 4110 1936 4175 Div.
1960 4114 2084 4190 111,
2112 4138 2210 4205 ep.
2237 4119 2300 4183 8.
