3044 4788
719 388 1127 457 ORATIO
1175 388 1385 455 PRO
1434 390 1500 456 S.
1551 388 1953 458 ROSCIO.
2266 381 2394 453 135

264 513 400 594 tis,
430 530 617 604 quos
648 520 966 577 sectores
995 531 1079 577 ac
1124 510 1360 577 sicarii
1398 508 1731 604 jugulare
1764 530 1912 577 non
1948 506 2399 604 potuissent?

261 619 512 689 Solent
560 616 708 688 hoc
751 615 931 688 boni
971 619 1439 714 imperatores
1483 615 1750 705 facere,
1782 633 2033 713 'quum
2070 612 2399 713 proelium

259 731 772 815 committunt,
803 743 886 799 ut
922 730 998 798 in
1038 752 1127 799 eo
1157 728 1361 815 loco,
1402 752 1554 825 quo
1594 726 1839 825 fugam
1873 725 2194 797 hostium
2242 721 2399 794 fore

252 837 731 926 arbitrentur,
756 838 1022 910 milites
1061 838 1455 925 collocent;
1497 842 1573 909 in
1604 862 1828 936 quoS,
1865 840 1926 908 si
1958 839 2086 933 qui
2125 861 2213 908 ex
2245 835 2398 905 acie

253 948 605 1046 fugerint,
629 947 722 1020 de
748 951 1141 1048 improviso
1167 947 1520 1020 incidant.
1546 951 1906 1021 Nimirum
1942 945 2269 1017 similiter
2289 966 2402 1015 ar·

252 1058 626 1130 bitrantur
647 1061 765 1129 isti
795 1057 1163 1130 bonorum
1197 1072 1595 1157 emptores,
1631 1082 1756 1128 vos
1789 1057 1947 1143 hic,
1979 1055 2153 1126 tales
2175 1056 2395 1142 viros»,

253 1167 531 1256 sedere,
559 1172 690 1265 qui
713 1171 1087 1266 'excipiatis
1119 1193 1266 1256 eos,
1299 1171 1428 1266 qui
1462 1168 1554 1241 de
1587 1172 1738 1239 suis
1761 1165 2097 1238 manibus
2124 1162 2399 1261 effuge-

251 1281 422 1349 rint.
475 1281 597 1348 Dii
649 1276 1120 1375 prohibeant,
1161 1277 1479 1374 judices,
1528 1293 1611 1350 ut
1656 1278 1798 1349 hoc
1838 1276 2041 1375 quod
2090 1276 2396 1371 majores

255 1389 646 1459 consilium
705 1388 1135 1485 publicum‘·
1198 1393 1437 1460 vocari
1496 1388 1923 1473 voluerunt,
1989 1383 2398 1483 praesidium

256 1513 627 1569 sectorum
653 1495 1138 1569 existimetur!
1162 1503 1268 1568 An
1297 1522 1495 1585 ver0,
1515 1496 1800 1593 judices
1816 1549 1836 1584 ,
1854 1519 1984 1566 vos
2010 1517 2162 1563 non
2191 1492 2400 1563 intel·

261 1609 533 1705 ligius,
578 1607 755 1682 nihil
804 1606 1002 1682 aliud
1046 1610 1195 1706 agi,
1233 1610 1372 1678 nisi
1425 1621 1509 1677 ut
1553 1608 2128 1705 proscriptorum
2186 1601 2395 1673 liberi

264 1720 523 1813 quavis
552 1721 826 1788 ratione
858 1716 1226 1804 tollantur,
1252 1730 1326 1787 et
1365 1717 1520 1811 ejus
1555 1719 1657 1786 rei
1704 1717 1996 1785 initium
2043 1718 2117 1783 in
2157 1725 2394 1783 vestro

256 1825 758 1923 jurejurando,
781 1842 1000 1924 atque
1028 1829 1105 1897 in
1129 1831 1283 1898 Sex.
1314 1828 1552 1897 Roscii
1580 1824 1905 1924 periculo
1938 1822 2210 1921 quaer‘i?
2240 1826 2394 1892 Du-

262 1936 467 2007 bium
485 1936 723 2024 est,ad
735 1961 958 2034 quem
974 1933 1407 2008 maleficium
1429 1940 1811 2035 pertineat,
1833 1959 2067 2032 quum
2091 1932 2394 2003 videatis

263 2048 335 2115 in
351 2046 579 2117 altera
596 2060 800 2145 parte
829 2060 1206 2133 sectorem,
1224 2049 1997 2132 inimicum,sicarium,
2027 2041 2401 2115 eumdem-

259 2179 405 2252 que
433 2169 931 2227 accusatorem
964 2155 1105 2227 hoc
1139 2171 1500 2253 tempore;
1546 2180 1633 2226 ex
1675 2155 1894 2227 altera
1931 2168 2133 2252 parte
2178 2176 2396 2248 egen-

265 2280 445 2354 tem,
481 2266 875 2364 probatum
908 2262 1091 2336 suis⁵
1123 2264 1390 2352 filium,
1423 2269 1497 2336 in
1539 2290 1690 2363 quo
1729 2289 1880 2336 non
1920 2262 2142 2337 modo
2186 2261 2398 2357 culpa

265 2377 484 2465 nulla,
502 2375 632 2448 sed
661 2402 754 2448 ne
771 2379 1087 2475 suspicio
1114 2374 1414 2473 quidem
1441 2379 1685 2474 potuit
1713 2372 2149 2463 consistere?
2175 2374 2401 2444 Num-

264 2487 444 2583 quid
471 2486 594 2558 hic
619 2486 817 2557 aliud
847 2486 1105 2558 videtis
1137 2485 1424 2557 obstare
1458 2479 1753 2574 Roscio,
1789 2488 1923 2555 nisi
1954 2481 2154 2580 quod
2180 2485 2400 2580 patris

266 2594 460 2667 bona
490 2594 971 2667 venierunt6?

362 2711 540 2778 LIII.
576 2706 798 2798 Quod
823 2710 884 2777 si
913 2706 989 2778 id
1022 2731 1148 2778 vos
1179 2711 1543 2804 suscipitis
1566 2762 1584 2793 ,
1614 2721 1685 2777 et
1717 2730 1873 2777 eam
1900 2702 1995 2774 ad
2029 2726 2180 2773 rem
2212 2725 2392 2799 ope-

266 2841 414 2888 ram
439 2833 749 2890 vestram
783 2817 1261 2916 profitemini3
1296 2822 1351 2889 si
1386 2817 1656 2888 idcirco
1691 2814 1992 2899 sedetiS,
2022 2825 2107 2883 ut
2143 2809 2234 2881 ad
2262 2835 2391 2881 vos

263 2926 719 3000 adducantur
761 2953 1017 2999 eorum
1066 2927 1306 3014 liberi,
1357 2950 1675 3024 quorum
1722 2924 1919 2996 bona
1967 2925 2392 3000 venierunt:

265 3053 531 3125 mvete,
561 3064 694 3137 per
714 3038 889 3110 deos
915 3039 1376 3124 immortales,
1396 3036 1703 3133 judices,
1736 3061 1827 3106 ne
1853 3058 2040 3107 nova
2065 3048 2140 3105 et
2164 3032 2395 3104 multo

266 3147 627 3220 crudelior
653 3172 785 3248 per
813 3174 941 3219 vos
969 3149 1398 3247 proscriptio
1429 3150 1821 3218 instaurata
1859 3170 2010 3216 esse
2041 3142 2392 3214 videatur.

263 3258 464 3329 Illam
507 3262 859 3357 priorem,
887 3285 1049 3356 quae
1085 3257 1274 3330 sacta
1304 3273 1413 3331 est
1441 3264 1520 3329 in
1557 3282 1715 3344 eos,
1747 3258 1877 3353 qui
1910 3279 2107 3326 arma
2140 3276 2395 3350 capere

265 3384 695 3466 potuerunt,
729 3384 967 3440 tamen
997 3383 1286 3441 senatus
1326 3372 1691 3467 suscipere
1739 3366 2048 3451 noluit¹,
2080 3388 2173 3436 ne
2209 3358 2390 3458 quid

264 3482 532 3564 acrius,
586 3504 804 3576 quam
858 3504 1058 3550 more
1106 3481 1509 3575 majorum²
1548 3491 2045 3575 comparatum
2084 3488 2225 3560 est,
2260 3496 2394 3570 pu·

334 3722 388 3769 4.
416 3716 679 3764 Consilium
698 3718 960 3781 publicum.
989 3718 1280 3767 Consessum
1442 3719 1495 3766 6.
1527 3717 1803 3765 Veniet-eme.
1819 3719 1943 3779 Quae
1962 3715 2168 3764 retinere
2186 3728 2395 3777 sepone

262 3792 482 3852 judicum
527 3794 739 3858 publicae
780 3796 980 3845 utilitati
1028 3797 1282 3845 consulen·
1372 3811 1474 3845 non
1504 3805 1710 3859 putant,
1739 3794 1975 3842 incolumi
1998 3792 2119 3841 filio.

269 3873 399 3921 tium.
425 3872 507 3919 Sic
529 3874 769 3937 appellata
803 3875 995 3938 publica
1025 3878 1186 3923 omnin
1209 3878 1285 3936 ju·
1446 3876 1576 3923 LIII.
1618 3890 1662 3923 1.
1693 3872 1939 3938 Suscipere
1968 3872 2140 3920 noluit.
2170 3873 2394 3919 Senatus-

271 3950 405 3999 «ticin.
435 3953 623 4016 Saepius
646 3953 791 4001 etiam
819 3954 914 4002 hoc
939 3971 1118 4003 nomen
1145 3971 1283 4002 sena·
1377 3954 1604 4003 consulto
1631 3954 1836 4018 probare
1864 3953 2042 4003 noluit.

272 4031 338 4076 tui
360 4029 609 4089 tribuitur,
646 4044 703 4080 ut
726 4033 867 4081 infra.
1450 4051 1498 4081 2.
1525 4035 1666 4081 More
1687 4029 1942 4098 majorum.
1960 4032 2182 4095 Respicit
2207 4029 2256 4077 b.
2281 4028 2315 4075 1.
2336 4026 2396 4073 ad

343 4110 388 4157 5.
407 4108 528 4158 Sue's.
548 4112 792 4159 Amerinis
811 4115 911 4162 suis
928 4113 1133 4161 civibus.
1381 4114 1509 4176 leges
1558 4115 1755 4160 Porciae
1797 4124 1845 4159 et
1895 4112 2205 4176 Semproniae
2227 4140 2243 4167 ,
2290 4121 2399 4169 φτ
