3044 4788
1174 461 1693 531 SYNOPSIS.
2363 461 2490 554 187

446 587 567 636 Inde
598 599 800 634 eausam
838 582 1107 639 constiutit,
1146 594 1196 632 et
1226 594 1282 632 ut
1313 584 1550 633 haberent
1578 582 1793 646 judices,
1818 583 1955 647 quod
1989 584 2043 630 in
2070 581 2294 647 eligendo
2330 592 2497 629 actore

374 676 511 739 sequi
535 672 745 738 possint,
775 670 1098 729 demonstret,
1136 670 1180 717 si
1204 681 1446 719 certamen
1473 672 1604 719 inter
1636 671 1827 735 sliquos
1851 673 1942 732 sit,
1970 672 2053 720 cni
2077 670 2382 736 potissimum
2416 668 2498 717 de-

372 760 494 810 latio
517 761 677 820 detur,
701 759 808 807 baec
839 758 939 807 duo
966 760 1020 806 in
1041 758 1214 824 primis
1235 760 1444 823 spectari
1473 769 1701 824 oportere
1730 772 1744 805 ε
1777 774 1922 823 quem
1953 760 2160 808 maxime
2191 758 2346 806 velint
2369 767 2497 805 acto-

371 866 475 898 rem
501 865 604 897 esse
628 848 684 910 ii,
705 847 881 912 quibus
905 849 1044 896 facte
1066 858 1179 897 sunt
1204 847 1430 908 injuriae3
1465 847 1644 895 deinde
1665 863 1813 912 quem
1837 847 2034 895 minime
2060 847 2179 896 velit
2204 848 2274 908 is,
2304 847 2392 912 qni
2415 863 2496 896 ess

372 937 580 998 injurias
601 937 770 985 fecisse
787 946 1046 1000 srgustur3
1075 935 1105 983 3
1126 935 1217 983 sul)
1235 933 1324 985 flu.

438 1028 472 1075 J
473 1042 551 1073 sm
576 1025 839 1094 confirmat
871 1025 1061 1074 Siculos
1088 1041 1140 1073 se
1167 1026 1329 1089 ipsum
1349 1037 1563 1075 actorem
1589 1041 1688 1073 suae
1723 1040 1882 1075 csusae
1907 1035 2080 1074 contra
2100 1023 2270 1073 Verris
2296 1022 2497 1083 injur-iss

368 1114 612 1179 quesisse,
634 1121 687 1170 4.
714 1116 994 1178 Eorumque
1020 1114 1319 1161 voluntatem
1342 1113 1476 1178 spnd
1496 1112 1688 1175 judiees
1708 1113 1868 1163 valere
1895 1124 2140 1180 oportere,
2161 1113 2213 1162 5.
2229 1111 2498 1160 Praesertim

368 1218 522 1266 quum
562 1196 811 1251 Cacilium
840 1202 1148 1250 sonnnsrum
1187 1217 1383 1249 suarum
1427 1200 1731 1249 defensorem
1768 1201 1946 1250 babere
1988 1216 2189 1267 prorsus
2220 1198 2410 1258 nolint,
2446 1199 2498 1247 6.

368 1287 561 1337 Deinde
588 1288 642 1336 in
662 1289 818 1337 sltero
843 1288 1291 1338 Gonnum-mm
1311 1287 1533 1336 membro
1559 1287 1776 1336 ostendit
1787 1274 1990 1336 'Verrem
2008 1305 2036 1336 a
2058 1304 2108 1335 se
2136 1287 2333 1335 minine
2359 1301 2500 1333 sccu-

369 1375 631 1436 ssrivelle;
681 1376 865 1424 nullam
899 1393 1001 1446 rem
1030 1376 1083 1424 in
1113 1392 1167 1424 se
1196 1391 1322 1435 esse,
1355 1392 1499 1440 qusm
1526 1376 1609 1424 ille
1637 1385 1943 1434 contemnat3
1981 1375 2161 1424 nullam
2193 1376 2243 1423 in
2271 1373 2496 1432 Caecilio,

370 1480 517 1529 quem
538 1464 621 1512 ille
641 1466 971 1529 pertimescat,
998 1483 1047 1527 7,
1076 1467 1128 1514 8.
1160 1468 1218 1513 In
1244 1476 1526 1513 accusatore
1555 1480 1673 1512 vero
1699 1479 1800 1513 esse
1829 1476 2055 1529 oportere
2089 1463 2414 1528 integritatem
2449 1472 2498 1509 et

370 1552 702 1600 innocentiam
722 1553 1012 1617 singularem
1026 1588 1041 1612 ‚
1077 1552 1255 1602 deinde
1279 1551 1557 1601 firmitatem
1578 1565 1630 1602 et
1648 1555 1926 1613 veritatem3
1949 1563 2175 1602 neutrum
2211 1553 2264 1600 in
2300 1551 2497 1600 Caecilio

372 1655 504 1697 esse,
531 1639 713 1703 quippe
739 1640 821 1688 cui
848 1641 943 1705 ipsi
963 1641 1220 1688 criminum
1239 1641 1594 1706 permultorum
1612 1657 1724 1689 cum
1744 1645 1899 1689 Verre
1929 1641 2132 1688 societas
2159 1639 2333 1700 fuerit,
2359 1652 2437 1701 9-1
2453 1654 2496 1686 1.

373 1727 615 1773 Praeteres
640 1725 687 1773 ei
727 1724 892 1774 deesse
919 1726 1100 1787 justam
1132 1726 1310 1791 agendi
1343 1726 1621 1774 facultatem
1644 1736 1693 1774 et
1716 1726 1911 1773 dicendi
1936 1724 2368 1784 consuetudinem,
2407 1739 2468 1772 η
2484 1757 2499 1782 ,

380 1813 463 1861 13.
482 1813 632 1876 Quod
650 1829 709 1862 eo
734 1816 924 1878 gravius
950 1816 1037 1873 sit,
1062 1814 1201 1879 quod
1222 1814 1269 1862 ei
1294 1831 1405 1863 cum
1427 1815 1626 1863 homine
1653 1814 1967 1864 disertissim0
1993 1815 2055 1876 Q.
2085 1814 2349 1862 Hortensio
2374 1813 2499 1860 futu-

374 1916 484 1948 rum
510 1902 573 1948 sit
599 1912 865 1963 certamen,
896 1911 976 1960 14.
1001 1903 1176 1966 Neque
1203 1902 1256 1951 id
1289 1902 1401 1952 ideo
1431 1904 1752 1968 compensari,
1779 1903 1916 1968 quod
1945 1902 2301 1968 subscriptores
2322 1901 2501 1950 habeat

371 1989 659 2039 exercitatos
685 2002 735 2039 et
767 1991 980 2041 disertos
999 2026 1016 2053 ,
1049 1991 1133 2040 15.
2308 2005 2309 2010 ’

440 2078 677 2127 Absoluta
698 2077 1108 2140 Coufimstione‚
1132 2081 1353 2144 sequitur
1369 2080 1720 2129 Conturrrro.
1743 2078 1950 2144 Triplici
1976 2078 2038 2127 de
2064 2094 2204 2126 csuss
2228 2076 2498 2126 contende·

371 2164 455 2214 bat
472 2166 696 2215 Caecilius
720 2167 885 2215 Verris
913 2168 1175 2216 accusandi
1207 2184 1382 2217 munus
1406 2168 1469 2215 sd
1493 2185 1545 2216 se
1567 2169 1836 2232 pertinere,
1885 2162 1938 2217 1⁰
1957 2167 2072 2231 quis
2098 2167 2275 2228 injuria
2293 2165 2498 2213 affectus

369 2269 399 2302 s
423 2255 575 2303 Verre
612 2255 782 2305 fuerat.
808 2251 867 2304 α’
885 2256 1013 2319 Quin
1038 2256 1111 2304 illi
1135 2266 1238 2305 erat
1261 2256 1507 2305 inimicus.
1538 2251 1595 2305 3ο
1623 2256 1751 2319 Quis
1776 2267 1992 2320 qnaestor
2007 2256 2174 2303 Verris
2199 2256 2372 2303 fuerat.

438 2341 577 2390 Nihil
603 2358 706 2391 esse
724 2328 868 2391 docet
885 2343 1083 2404 Cicero,
1107 2342 1245 2408 quod
1275 2341 1500 2393 Caecilius
1527 2342 1659 2391 dicat
1682 2343 1910 2405 injuriam
1938 2341 2034 2389 sibi
2062 2357 2092 2390 s
2113 2344 2266 2390 Verre
2294 2342 2468 2388 factam
2485 2376 2499 2401 ,

371 2444 516 2493 seque
558 2431 663 2491 ejus
702 2431 952 2479 inimicum
984 2428 1290 2496 profiteatur,
1329 2432 1420 2491 16,
1449 2447 1530 2491 ¹7.
1563 2432 1626 2479 Et
1672 2430 1806 2495 quod
1854 2440 2067 2494 quaestor
2103 2428 2275 2489 fuerit,
2312 2440 2500 2477 tantum

370 2516 553 2576 abesse,
576 2529 634 2565 nt
657 2529 911 2582 propterea
937 2519 1033 2568 sihi
1060 2518 1114 2567 in
1143 2518 1417 2569 accusando
1436 2522 1589 2568 Verre
1612 2519 1955 2568 anteferendus
1976 2517 2066 2578 sit,
2097 2527 2154 2565 ut
2185 2517 2350 2582 potius
2371 2517 2499 2565 hanc

371 2604 602 2653 unsmob
621 2621 813 2653 cansam
829 2606 1073 2671 repudiari
1098 2624 1211 2656 eum
1241 2618 1492 2673 oporteat,
1530 2608 1618 2667 18,
1651 2623 1731 2670 19.
1768 2606 1993 2670 Denique
2019 2605 2177 2654 multo
2215 2604 2365 2667 magis
2392 2620 2420 2651 s
2448 2622 2499 2652 se

372 2706 519 2755 quam
537 2708 566 2739 a
592 2692 791 2743 caecilio
816 2694 1080 2756 exspectari
1106 2710 1278 2759 posse,
1311 2710 1502 2743 cansam
1520 2694 1647 2742 hanc
1672 2709 1862 2752 severe,
1897 2702 2133 2750 accurate,
2160 2708 2217 2739 sc
2244 2690 2501 2754 diligenter

373 2790 538 2828 sctum
570 2780 657 2840 iri,
685 2780 822 2845 quod
848 2782 951 2844 ipse
975 2782 1108 2830 nulls
1138 2784 1365 2846 privatim
1392 2782 1572 2844 injuria
1604 2794 1804 2848 accepts
1827 2818 1841 2843 ,
1876 2783 2124 2830 sociorum
2162 2780 2335 2845 populi
2374 2795 2500 2828 rom.

374 2867 575 2928 injurias
607 2878 945 2932 persequatur.
978 2870 1073 2918 Hic
1101 2870 1368 2919 illustratur
1392 2871 1533 2919 locus
1560 2881 1608 2919 et
1638 2854 2159 2935 amplificatur⁹timore
2189 2869 2499 2925 nocentium,

348 2970 440 3003 -ne
467 2954 528 3001 sb
549 2955 786 3021 imperitis
807 2968 857 3005 et
883 2957 1120 3006 inertibus
1156 2958 1441 3007 hominibus
1465 2959 1530 3006 sd
1552 2958 1684 3007 viros
1710 2958 1861 3006 fortes
1886 2969 1935 3006 et
1960 2957 2215 3021 diligentes
2239 2954 2500 3004 sccussndi

375 3057 552 3090 munus
579 3044 909 3103 transfer-stum
935 3045 1287 3094 consuetudine
1317 3048 1556 3108 majorum
1574 3083 1589 3109 ,
1619 3056 1669 3093 et
1689 3045 2063 3093 clarissimorum
2076 3026 2309 3108 *virorum
2332 3058 2497 3091 ‘exem-

375 3129 492 3194 plo,
530 3146 593 3179 20
609 3164 626 3191 ,
665 3146 749 3180 αι.

446 3219 504 3265 In
527 3219 882 3268 Pmoun-rous
898 3218 1163 3285 amplificat
1183 3221 1387 3286 pignora
1400 3256 1416 3282 ,
1446 3237 1533 3268 seu
1561 3220 1772 3269 rationes
1797 3220 1975 3285 quibus
2002 3218 2212 3284 reipubl.
2239 3220 2343 3282 ipse
2358 3252 2373 3276 ‚
2398 3232 2499 3264 non

377 3321 495 3353 vero
518 3305 773 3366 cecilius,
802 3307 1142 3373 obstringitnr3
1167 3308 1421 3370 judicibus
1446 3325 1499 3357 se
1527 3308 1837 3368 commendat
1856 3307 2194 3373 pulcherrimis
2212 3304 2500 3363 virtutibus3

377 3392 588 3458 denique
610 3393 680 3442 eis
703 3394 1085 3460 indignationem
1109 3396 1287 3462 populi
1311 3397 1634 3444 comminetur
1653 3430 1670 3457 ,
1708 3396 1750 3445 si
1785 3406 1959 3445 contra
1989 3412 2041 3444 se
2080 3394 2316 3457 iudicent.
2354 3394 2499 3440 Hunc

375 3483 429 3530 in
450 3497 618 3532 eorum
641 3483 811 3533 animis
829 3486 1049 3536 aculeum
1075 3485 1342 3549 relinquit,
1370 3499 1456 3543 αι,
1484 3499 1568 3534 22.
