3044 4788
611 437 749 505 DE
797 436 1604 504 VECTIGALIBUS
1654 439 1920 505 REIP.
1977 449 2108 505 etc.
2288 434 2425 507 553

303 555 649 623 ficiebatur.
689 556 851 621 Inde
882 558 1070 620 etiam
1107 579 1277 645 ager,
1305 556 1435 620 sive
1466 578 1780 644 pascuum
1804 557 2017 645 ipsum
2037 604 2056 637 ,
2088 555 2424 621 dicebatur

299 686 452 754 ager
481 662 919 751 scriptuarius.
938 662 1185 732 Festus.

391 769 520 852 Qui
556 792 708 833 vero
748 767 1062 858 pecudes,
1097 789 1256 855 quas
1295 789 1426 830 non
1468 782 1606 830 erat
1645 767 2009 856 professuS,
2054 784 2169 833 aut
2205 768 2424 856 plures

299 896 493 962 quam
557 874 902 961 publicano
957 870 1325 936 scribendas
1384 869 1685 953 dederat,
1741 874 2046 960 pavisset,
2097 874 2162 937 in
2217 874 2423 962 legem

297 979 652 1043 censoriam
702 977 1047 1047 incidebat,
1099 977 1308 1038 Varro
1354 972 1435 1037 de
1484 976 1578 1038 Re
1627 978 1813 1041 Rust.
1862 976 1975 1040 lib.
2027 979 2090 1041 ΙΙ
2113 1026 2132 1060 ,
2184 1000 2321 1067 cap.
2367 1000 2423 1042 1.

299 1083 567 1148 Omissae
602 1083 1019 1172 professionis
1056 1103 1245 1169 poena
1278 1079 1540 1144 videtur
1571 1081 1803 1161 fuisse,
1863 1099 1939 1146 ut
1986 1106 2121 1147 non
2175 1084 2427 1171 scriptoe

295 1190 576 1278 pecudes
621 1189 926 1259 caderent
974 1188 1038 1251 in
1088 1187 1507 1251 commissum
1545 1210 1561 1251 t
1617 1204 1682 1251 et
1725 1204 1802 1251 ut
1845 1191 2260 1278 publicanus,
2305 1213 2426 1278 pro

267 1295 588 1384 ‚vectigali
634 1292 970 1374 fraudato,
1023 1316 1128 1357 eas
1182 1293 1304 1356 sibi
1352 1292 1727 1357 vindicaret.
1780 1294 2083 1359 Rixarum
2137 1312 2427 1385 pastores

295 1401 464 1464 inter
510 1416 576 1463 et
610 1398 989 1489 publicanos
1024 1399 1440 1473 subortarum
1494 1399 1802 1485 frequens
1845 1401 2130 1465 occurrit
2176 1402 2424 1465 mentio

295 1502 470 1592 apud
502 1505 774 1577 Livium.
801 1503 940 1568 Nec
972 1505 1166 1572 etiam
1206 1504 1517 1568 continua
1553 1504 1675 1569 illis
1711 1520 1847 1568 erat
1877 1527 2028 1570 cum
2063 1506 2424 1572 aratoribus

298 1610 412 1697 qui
460 1633 648 1699 agros
689 1610 981 1697 publicos
1032 1608 1511 1692 conduxerant,
1570 1608 1948 1692 concordia,
2005 1626 2082 1673 ut
2124 1627 2300 1698 patet
2347 1634 2425 1677 ex

297 1716 595 1802 Inscript.
620 1715 794 1805 apud
815 1715 1003 1781 Grut.
1029 1739 1172 1805 pag.
1211 1714 1362 1798 150,
1389 1716 1469 1779 n⁰
1503 1717 1578 1799 6,
1620 1739 1679 1803 7.
1704 1718 1907 1780 Erant
1933 1716 2107 1780 enim
2138 1734 2424 1805 pastores

297 1819 579 1884 silvestre
611 1842 816 1909 genus
847 1821 1225 1902 hominum,
1253 1836 1320 1885 et
1349 1821 1430 1884 ab
1466 1821 1868 1895 humanitate
1900 1820 2218 1885 alienum:
2246 1821 2423 1886 unde

296 1941 362 1987 et
412 1926 542 1988 vias
594 1926 883 2015 publicas
929 1927 1280 1992 latrociniis
1338 1950 1448 1991 eos
1500 1927 1834 1991 infestasse
1905 1942 2118 1997 narrat
2170 1928 2420 2009 Livius,

295 2032 621 2115 XXXIX,
658 2055 775 2120 29,
806 2049 871 2097 et
901 2057 1068 2122 saepe
1102 2050 1319 2098 motus
1356 2035 1730 2098 concitasse.

380 2137 532 2202 Haec
566 2155 738 2220 erat,
767 2139 969 2202 libera
1002 2154 1068 2204 et
1093 2155 1303 2203 stante
1338 2139 1701 2228 republica,
1724 2139 1888 2204 ratio
1920 2140 2185 2227 triplicis
2222 2140 2419 2220 hujus

295 2244 645 2332 vectigalis,
671 2245 987 2331 portorii‚
1017 2243 1468 2327 decumarum,
1497 2261 1565 2309 et
1595 2246 1960 2333 scripturae3
1991 2245 2173 2333 quod
2201 2245 2419 2310 multis
2452 2284 2455 2287 -

293 2347 503 2413 modis
537 2349 745 2438 primo
772 2349 1189 2430 imminutum
1207 2400 1226 2435 ,
1253 2349 1487 2415 deinde
1515 2350 1788 2415 omnino
1816 2351 2141 2416 sublatum
2169 2367 2283 2416 est.

379 2457 480 2519 De
521 2457 824 2541 portoriis
863 2458 994 2537 jam
1033 2456 1330 2520 diximus.
1378 2456 1691 2520 Eamdem
1733 2472 1976 2520 sortem
2014 2455 2303 2521 habuere
2351 2474 2418 2523 et

291 2558 426 2646 agri
462 2558 736 2644 publici,
771 2575 835 2623 et
871 2582 1105 2648 pascua
1138 2559 1439 2649 publica,
1488 2559 1667 2647 quod
1713 2561 1955 2623 factum
2003 2577 2100 2624 est
2135 2560 2415 2625 incrediq

291 2664 406 2728 bili
435 2662 832 2750 locupletum
862 2666 1152 2742 avaritia,
1185 2688 1312 2753 qua
1335 2665 1506 2753 pulsi
1533 2681 1687 2729 sunt
1709 2681 1990 2729 aratores
2026 2688 2100 2729 ex
2134 2667 2415 2753 antiquis

290 2768 840 2855 possessionibus,
878 2792 1034 2856 quas
1082 2769 1305 2835 divites
1340 2770 1479 2834 aliis
1512 2771 1912 2858 temporibus
1944 2771 2095 2835 alias
2129 2787 2414 2844 ementes

292 2874 795 2956 continuarunt,
843 2891 908 2939 et
951 2875 1271 2963 populum
1316 2898 1662 2939 romanum
1694 2876 2112 2966 vectigalibus
2146 2878 2416 2960 annuis,

291 2995 355 3043 et
394 3001 709 3067 pauperes
742 2979 1019 3067 propriis
1051 2979 1368 3044 alimentis
1401 2978 1860 3068 spoliaverunt.
1890 2983 2117 3068 Itaque
2151 2982 2255 3054 lex
2285 2982 2411 3046 fuit

292 3085 674 3165 necessaria,
727 3107 922 3173 quam
961 3084 1109 3148 tulit
1156 3087 1227 3150 C.
1268 3085 1553 3150 Licinius
1600 3086 1780 3150 Stolo
1827 3086 2128 3160 tribunus
2173 3086 2410 3173 plebis,

289 3212 462 3253 anno
500 3190 693 3254 Urbis
753 3189 926 3276 377:
986 3189 1138 3253 «Ne
1177 3191 1321 3277 quis
1375 3191 1521 3280 plus
1571 3191 1924 3278 quingenta
1962 3192 2187 3280 jugera
2237 3192 2411 3281 agri,

289 3311 552 3360 centum
579 3295 830 3382 peeoris
859 3293 1117 3374 majoris
1153 3295 1396 3385 capita,
1436 3296 1791 3384 quingenta
1821 3291 2089 3376 minoris
2123 3295 2414 3384 posside-

288 3414 445 3484 ret».
486 3399 762 3481 Liv.vl‚
800 3398 903 3463 35.
952 3399 1101 3481 Qua
1134 3421 1250 3463 sua
1295 3399 1435 3488 lege
1476 3400 1614 3488 ipse
1658 3400 1969 3489 vigesimo
2014 3423 2189 3472 anno
2223 3418 2408 3490 post,

286 3504 465 3592 quod
513 3504 686 3568 mille
726 3505 1026 3594 jugerum
1075 3504 1210 3594 agri
1264 3528 1415 3569 cum
1461 3504 1592 3578 filio
1637 3504 2024 3594 possideret,
2063 3505 2403 3573 damnatus

286 3625 403 3674 est.
437 3609 651 3692 Idem,
683 3611 841 3694 VII,
873 3612 970 3682 16,
1009 3612 1235 3694 Quum
1266 3610 1689 3688 nihilominus
1714 3612 1955 3688 Licinia
1980 3612 2083 3676 lex
2114 3613 2403 3702 neglige-

285 3729 485 3797 retur,
516 3739 657 3780 eam
683 3717 834 3781 Tib.
866 3718 1289 3807 Sempronius
1316 3717 1649 3782 Gracchus
1672 3716 1974 3781 tribunus
1997 3717 2201 3806 plebis
2231 3742 2405 3784 anno

285 3820 479 3884 Urbis
507 3822 670 3904 620¹,
702 3845 869 3886 nova
900 3825 1040 3912 lege
1076 3824 1199 3887 sibi
1234 3821 1651 3888 muniendam
1686 3822 1889 3888 duxit.
1924 3825 2154 3912 Neque
2187 3827 2405 3902 minus

285 3944 499 3991 tamen
553 3927 813 3990 avaritia
867 3926 1193 3992 dominata
1240 3945 1354 3992 est.
1402 3928 1591 4018 Agri,
1647 3929 1828 4017 quod
1879 3930 2254 4018 Sempronia
2301 3931 2402 3999 lex

283 4048 606 4115 vetuerat,
638 4049 718 4097 ut
750 4050 934 4098 antea
968 4034 1161 4099 vendi
1196 4051 1562 4124 coeperunt,
1604 4052 1796 4123 atque
1831 4036 1918 4100 ita
1954 4037 2023 4099 in
2057 4035 2331 4100 divitum
2365 4060 2403 4100 a

283 4138 675 4227 pauperibus
721 4140 1076 4218 ementium
1127 4135 1511 4228 potestatem
1557 4139 1779 4230 redigi.
1822 4141 1943 4205 Cui
1982 4139 2404 4218 incommodo
