3044 4788
471 507 2575 532 mmmmmfflmmmmm§ssmm

940 605 2083 772 ARGUMENTUM

1034 877 1474 948 ASCONII
1536 877 1991 949 PEDIANI.

454 1074 560 1128 Cn.
594 1066 877 1145 Pompeio
928 1064 1180 1143 primum
1227 1077 1288 1124 et
1330 1069 1416 1125 M.
1454 1066 1662 1125 Crasso
1702 1084 1844 1124 coss.
1891 1069 1956 1124 C.
1985 1070 2197 1124 Verres
2244 1067 2579 1144 perfunctus

531 1177 821 1243 quaestura
839 1207 857 1235 ,
899 1163 1186 1241 legatione
1213 1177 1272 1221 et
1301 1176 1557 1241 praetnra
1585 1162 1841 1235 urbana,
1869 1162 2002 1221 vivo
2028 1175 2195 1242 patre
2223 1167 2290 1221 C.
2312 1169 2493 1223 Verre
2519 1178 2578 1225 et

462 1307 469 1315 .
535 1272 874 1339 praetextato
895 1259 1046 1327 filio,
1086 1279 1152 1318 ac
1179 1259 1297 1318 filia
1319 1272 1534 1339 nupta,
1573 1279 1817 1318 uxorem
1855 1258 2075 1318 habens
2093 1304 2111 1332 ,
2141 1277 2322 1337 quum
2347 1280 2578 1321 succes-

536 1359 702 1417 sisset
727 1357 787 1415 in
818 1357 1016 1417 Sicilia
1053 1361 1119 1415 C.
1161 1357 1462 1417 Sacerdoti
1493 1357 1763 1435 praetori,
1812 1376 2056 1434 eamque
2087 1375 2202 1415 non
2235 1358 2578 1418 succedente

535 1453 647 1512 sibi
670 1454 872 1524 Arrio,
904 1473 1013 1531 per
1051 1452 1364 1535 triennium
1385 1453 1701 1525 tenuisset,
1746 1465 1920 1531 atque
1956 1453 2017 1510 in
2046 1472 2116 1511 ea
2147 1452 2345 1511 fuisset
2379 1453 2579 1512 libidi-

535 1570 698 1622 nose,
715 1569 911 1622 avare,
931 1549 1359 1628 crudeliterque
1381 1563 1660 1622 versatus,
1682 1550 2026 1609 succedente
2050 1549 2281 1608 tandem
2303 1550 2361 1607 in
2378 1550 2578 1609 eadem

537 1646 837 1724 provincia
868 1651 933 1705 L.
962 1646 1199 1704 Metello
1216 1689 1234 1717 ,
1264 1646 1718 1724 repetundarum
1746 1665 1881 1704 reus
1917 1644 1992 1703 ab
2019 1645 2227 1704 Siculis
2256 1646 2580 1722 postulatus
2650 1691 2655 1696 -

535 1755 647 1808 αις
693 1742 792 1819 qui
823 1762 1020 1800 omnes
1056 1754 1267 1820 praeter
1298 1746 1690 1819 Syracusanos
1732 1755 1790 1800 et
1818 1742 2190 1800 Mamertinos
2218 1746 2299 1800 M.
2324 1742 2582 1801 Tullium

534 1838 636 1900 illo
660 1852 918 1917 tempore
946 1839 1246 1899 florentem
1282 1837 1714 1897 defensionibus
1742 1837 2060 1899 amicorum
2088 1837 2161 1895 ad
2197 1838 2581 1898 accusandum

534 1935 883 1995 descendere
909 1935 1333 2013 compulerunt,
1353 1935 1472 2012 jam
1496 1934 1726 2013 pridem
1750 1935 1865 1994 illis
1892 1933 2313 1993 necessitudine
2340 1936 2578 2012 copula-

535 2045 685 2104 tum,
720 2031 879 2110 quod
910 2044 1163 2109 quaestor
1197 2033 1259 2089 in
1299 2032 1495 2093 Sicilia
1534 2032 1734 2090 fuisset
1770 2044 2022 2109 praetore
2051 2034 2181 2090 Sex.
2207 2030 2501 2103 Pedueeo,
2526 2045 2583 2091 et

536 2128 699 2206 quod
731 2149 911 2206 quum
943 2128 1284 2199 decederet,
1325 2126 1385 2186 in
1419 2128 1515 2185 illa
1541 2128 1807 2185 oratione
1825 2169 1843 2197 ‚
1871 2147 2046 2205 quam
2072 2125 2319 2204 Lilybaei
2347 2125 2585 2199 habuit,

532 2227 714 2283 multa
740 2226 809 2282 iis
830 2222 1076 2302 benigne
1107 2223 1476 2298 promisisset.
1499 2224 1757 2282 Accessit
1783 2223 1905 2294 his,
1941 2231 2059 2280 non
2086 2223 2355 2303 ignobilis
2387 2224 2583 2281 futura

491 2337 500 2342 ’
531 2320 608 2378 de
629 2325 814 2379 Verre
842 2319 1114 2391 victoria,
1154 2319 1293 2397 quia
1329 2338 1360 2376 a
1393 2319 1675 2390 Metellis,
1721 2317 2088 2398 Scipionibus
2127 2332 2186 2376 et
2227 2319 2422 2377 multis
2458 2318 2584 2376 aliis

533 2416 827 2477 nobilibus
861 2418 1041 2490 viris,
1084 2431 1142 2475 et
1171 2417 1464 2495 praecipue
1505 2416 1581 2475 ab
1620 2416 1934 2475 Hortensio
1974 2416 2103 2494 ipso
2150 2417 2579 2487 defenderetur,

537 2516 703 2574 facile
733 2528 793 2573 et
823 2515 1085 2593 principe
1125 2515 1184 2572 in
1223 2528 1424 2573 senatu
1464 2529 1707 2594 propter
1741 2513 2134 2585 nobilitatem,
2171 2527 2231 2571 et
2258 2515 2319 2570 in
2349 2508 2478 2572 foro
2501 2514 2581 2572 ob

536 2611 924 2689 eloquentiam
952 2631 1086 2689 rege
1117 2630 1420 2669 causarum
1441 2654 1458 2682 ,
1494 2623 1556 2669 et
1592 2610 1797 2669 eodem
1834 2611 2070 2668 consule
2114 2609 2412 2688 designato
2450 2631 2581 2668 cum

538 2715 610 2783 Q.
637 2709 909 2779 Metello,
938 2708 1116 2768 fratre
1141 2709 1508 2767 Metellorum
1527 2751 1545 2780 ,
1570 2709 1805 2766 alterius
1823 2707 2088 2786 praetoris
2116 2707 2292 2765 Siculi
2308 2750 2326 2779 ‚
2350 2707 2589 2765 alterius

536 2805 800 2884 praetoris
832 2804 1056 2863 urbani.
1107 2807 1212 2864 His
1248 2807 1328 2864 ita
1360 2807 1686 2866 constitutis
1716 2807 1933 2865 exstitit
1970 2812 2044 2879 Q.
2082 2805 2346 2864 Caecilius
2383 2805 2581 2883 Niger,

538 2902 711 2960 domo
734 2902 993 2973 Siculus,
1025 2913 1085 2958 et
1112 2915 1366 2979 quaestor
1386 2904 1617 2975 VerriS,
1644 2916 1701 2961 et
1737 2903 1993 2981 ejusdem
2015 2944 2032 2973 ,
2072 2916 2137 2960 ut
2167 2903 2291 2980 ipse
2318 2900 2580 2974 dicebat,

537 2997 799 3055 inimicus
816 3046 831 3074 ,
858 2997 960 3075 qui
987 3016 1048 3055 se
1073 2998 1268 3075 potius
1296 3011 1688 3057 accusatorem
1713 2998 2087 3057 contenderet
2108 2998 2377 3056 constitui
2402 3017 2584 3076 opor-

538 3107 686 3163 tere,
714 3094 818 3152 has
841 3095 1088 3152 afferens
1111 3114 1344 3153 causas:
1378 3116 1549 3154 unam
1586 3094 1744 3174 quod
1792 3094 1865 3154 ab
1897 3116 1968 3153 eo
2002 3096 2203 3162 laesus,
2248 3108 2306 3153 et
2352 3093 2429 3152 ob
2467 3090 2604 3152 hoc'

531 3190 666 3268 jure
697 3191 783 3248 illi
810 3191 886 3249 sit
909 3190 1203 3263 inimicus,
1231 3211 1410 3269 quare
1442 3194 1854 3271 praevaricator
1880 3211 2003 3249 esse
2035 3210 2152 3248 non
2180 3190 2398 3267 possit;
2436 3191 2583 3248 alte-

540 3308 693 3360 ram,
711 3288 887 3365 quod,
913 3308 1095 3365 quum
1117 3302 1368 3366 quaestor
1387 3290 1439 3348 ei
1463 3303 1584 3348 tum
1605 3291 1797 3363 fuerit,
1820 3290 1994 3347 etiam
2023 3290 2146 3366 ipse
2169 3288 2229 3345 in
2258 3298 2548 3365 quaestura
2564 3298 2580 3323 ¹

538 3385 779 3442 crimina
807 3386 1035 3443 noverit
1056 3385 1285 3457 Verris;
1315 3386 1572 3458 tertiam,
1606 3386 1765 3465 quod
1802 3385 2027 3444 Siculus
2055 3404 2163 3463 pro
2201 3383 2406 3441 Siculis
2437 3397 2586 3461 agat.

538 3481 950 3560 Hujuscemodi
977 3481 1476 3560 propositionibus
1512 3484 1719 3542 Cicero
1764 3482 2096 3560 designatus
2135 3480 2317 3539 aedilis
2353 3479 2444 3538 his
2483 3499 2583 3538 sex

537 3577 822 3657 capitibus
847 3577 1186 3656 respondet,
1216 3591 1605 3636 accusatorem
1632 3598 1763 3636 eum
1788 3597 1909 3636 esse
1933 3590 2223 3655 oportere,
2251 3576 2354 3653 qui
2372 3575 2587 3633 invitus

536 3677 762 3753 cogitur
792 3676 1067 3753 religione
1102 3676 1304 3745 officii,
1349 3688 1584 3754 rogatus
1624 3675 1699 3734 ab
1744 3673 2011 3733 omnibus
2053 3674 2287 3745 Siculis;
2332 3674 2432 3750 qui
2474 3691 2585 3750 pro

535 3771 835 3850 republica
864 3778 1025 3848 agat3
1068 3791 1238 3848 quem
1269 3773 1504 3843 volunt,
1530 3773 1630 3850 qui
1664 3783 1967 3843 accusant3
2012 3790 2184 3848 quem
2213 3770 2448 3841 metuit,
2485 3768 2587 3846 qui

535 3880 864 3938 accusatur;
890 3866 992 3943 qui
1025 3865 1267 3924 idoneus
1301 3880 1388 3925 est
1417 3867 1692 3926 facundia
1715 3879 1774 3926 et
1792 3867 2150 3938 innocentia3
2183 3865 2288 3943 qui
2310 3866 2423 3923 hoc
2448 3865 2585 3923 facit

535 3967 855 4026 imitatione
882 3964 1187 4041 majorum.

605 4148 648 4179 1.
690 4130 835 4195 Vulg.
863 4129 913 4177 ἰιι
948 4127 1229 4194 quastione.
1254 4130 1535 4179 Gronovius
1556 4132 1688 4191 conj.
1722 4132 1901 4180 ..etim
1927 4131 2032 4179 sine
2055 4130 2371 4194 inquisitione
2382 4149 2426 4176 ιι.
