3044 4788
669 415 781 485 IN
834 414 918 502 Q.
969 361 1518 484 cAEcleM
1569 413 2161 483 DIVINATIO.
2346 433 2476 506 ¹97

454 543 540 609 V.
603 536 990 635 Reliquum
1032 549 1140 607 est
1178 535 1360 630 jam,
1412 549 1495 605 ut
1540 534 1717 606 illud
1759 557 2197 633 quaeramus,
2250 558 2479 630 quum

355 648 496 719 hoc
531 659 845 733 constet,
892 645 1165 716 Siculos
1201 670 1241 715 a
1275 669 1398 716 me
1439 647 1703 743 petisse
1726 701 1744 725 ,
1798 643 2061 741 ecquid
2098 644 2285 714 hanc
2321 667 2480 714 rem

355 755 550 853 apud
582 780 713 826 vos
751 759 1176 851 animosque
1211 770 1490 826 vestros
1528 755 1762 827 valere
1802 767 2172 851 oporteat3
2222 751 2485 849 ecquid

356 865 800 936 auctoritatis
827 863 1020 962 apud
1053 888 1180 935 vos
1206 866 1282 933 in
1315 888 1449 935 suo
1470 864 1661 959 jure¹
1696 863 2100 961 repetundo
2137 864 2311 934 socii
2348 887 2482 960 po-

357 974 510 1071 puli
536 973 853 1059 romani,
882 971 1243 1072 supplices
1270 975 1519 1062 vestri,
1541 972 1809 1044 habere
1834 971 2168 1044 debeant.
2195 977 2304 1043 De
2332 998 2483 1070 quo

359 1083 538 1182 quid
558 1108 695 1180 ego
720 1083 930 1182 plura
953 1085 1557 1154 commemorem?
1584 1084 1791 1180 quasi
1825 1106 1996 1153 vero
2025 1080 2327 1152 dubium
2355 1083 2446 1153 sit
2465 1135 2485 1168 ‚
2556 1117 2567 1128 ¹

360 1195 541 1291 quin
575 1207 728 1264 tota
762 1194 877 1264 lex
917 1192 1009 1266 de
1061 1195 1388 1291 pecuniis
1428 1192 1853 1290 repetundis
1882 1194 2245 1263 sociorum
2275 1216 2486 1264 causa

361 1303 748 1380 constituta
789 1304 900 1374 sit.
943 1303 1125 1374 Nam
1164 1301 1439 1373 civibus
1481 1327 1714 1399 quum
1750 1316 1921 1373 sunt
1955 1315 2215 1399 ereptae
2262 1327 2485 1399 pecu-

362 1414 537 1500 niae‚
578 1414 764 1483 civili
804 1410 954 1484 fere
996 1414 1323 1485 actioue²
1368 1427 1441 1483 et
1485 1416 1767 1510 privato
1798 1414 1962 1508 jure
1999 1427 2483 1511 repetuntum

365 1523 517 1594 haec
547 1524 663 1595 lex
689 1525 967 1596 socialis
999 1539 1144 1612 est3
1170 1523 1311 1595 hoc
1341 1525 1459 1620 jus
1489 1526 1868 1596 nationum
1904 1537 2313 1595 exterarum
2343 1539 2483 1609 est3

369 1633 556 1706 hanc
594 1633 865 1706 habent
900 1660 1138 1707 arcem
1160 1689 1179 1723 ‚
1226 1635 1467 1706 minus
1504 1635 1874 1732 aliquanto
1912 1630 2155 1704 nunc³
2189 1632 2488 1731 quidem

371 1746 753 1833 munitam,
803 1770 1021 1844 quam
1058 1761 1303 1834 antea3
1343 1761 1836 1817 verumtamen
1860 1799 1879 1833 ‚
1935 1746 1994 1815 si
2030 1770 2176 1842 qua
2213 1741 2491 1843 reliqua

370 1879 533 1953 spes
578 1871 714 1942 est,
765 1882 925 1954 quae
971 1858 1335 1929 sociorum
1379 1859 1660 1928 animos
1699 1853 2055 1927 consolari
2101 1857 2363 1952 possit,
2407 1878 2491 1924 ea

367 1979 519 2036 tota
552 1966 630 2035 in
666 1965 799 2038 hac
836 1969 992 2064 lege
1042 1968 1272 2065 posita
1306 1979 1459 2038 est:
1503 1966 1712 2061 cujus
1756 1965 1932 2061 legis
1983 1987 2133 2033 non
2183 1963 2405 2035 modo
2449 1988 2492 2033 a

368 2075 646 2172 populo
673 2101 979 2147 romano
999 2131 1018 2164 ‚
1054 2077 1180 2149 sed
1209 2079 1421 2147 etiam
1448 2076 1540 2146 ab
1578 2075 1849 2146 ultimis
1877 2072 2293 2145 nationibus
2314 2073 2493 2168 jam-

368 2184 649 2282 pridem
685 2187 912 2258 severi
943 2187 1279 2259 custodes
1322 2187 1818 2282 requiruntur.
1865 2184 2044 2273 Quis
2079 2184 2298 2281 igitur
2342 2197 2492 2269 est,

369 2297 495 2390 qui
518 2309 733 2392 neget
761 2309 1100 2394 oportere
1121 2320 1378 2366 eorum
1398 2295 1748 2366 arbitratu
1775 2294 1931 2389 lege
1951 2298 1982 2345 4
2008 2294 2146 2391 agi,
2175 2317 2493 2391 quorum

369 2428 580 2477 causa
607 2405 716 2476 lex
747 2409 837 2478 sit
864 2408 1296 2479 constituta?
1320 2405 1555 2477 Sicilia
1578 2420 1730 2476 tota
1746 2457 1764 2489 ‚
1796 2405 1855 2479 si
1881 2429 2027 2474 una
2047 2428 2227 2475 voce
2251 2404 2497 2501 loque..

371 2503 609 2604 retur.
636 2516 778 2588 hoc
817 2516 1088 2588 diceret
1138 2544 1153 2587 ε
1209 2516 1427 2608 Quod
1463 2517 1658 2603 auri,
1698 2512 1900 2612 quod
1934 2517 2247 2611 argenti,
2291 2513 2494 2610 quod

374 2641 967 2698 ornamentorum
1022 2628 1099 2697 in
1152 2628 1332 2697 meis
1388 2624 1730 2711 urbibus,
1772 2623 2067 2695 sedibus
2089 2620 2143 2709 ⁵,
2177 2621 2501 2694 delubris

373 2732 542 2819 fuit;
578 2735 781 2833 quod
818 2738 892 2805 in
930 2761 1369 2835 unaquaque
1407 2760 1483 2807 re
1505 2790 1525 2824 ‚
1562 2735 1917 2807 beneficio
1948 2736 2178 2808 senati
2194 2730 2231 2779 ⁶1
2262 2758 2499 2832 popu-

375 2845 572 2943 lique
606 2850 929 2935 romani,
959 2847 1140 2942 juris
1166 2845 1425 2934 habui,
1452 2845 1527 2916 id
1554 2847 1736 2916 mihi
1767 2860 1882 2933 tn,
1922 2851 2000 2918 C.
2028 2850 2286 2917 Verres
2307 2899 2326 2932 ‚
2364 2846 2499 2915 eri-

378 2958 598 3054 puisti
628 2972 843 3054 atque
871 2955 1261 3046 abstulisti3
1300 2982 1450 3055 quo
1491 2958 1789 3028 nomine
1830 2955 1958 3027 abs
1987 2971 2057 3026 te
2090 2958 2501 3027 sestertium

380 3065 662 3138 millies⁷
703 3093 790 3138 ex
824 3067 979 3165 lege
1012 3082 1293 3165 repeto,
1329 3068 1400 3138 Si
1438 3067 1805 3155 universa,
1834 3080 1918 3136 ut
1946 3064 2119 3152 dixi,
2136 3067 2506 3162 provincia

383 3172 582 3269 loqui
627 3190 908 3273 posset,
978 3176 1113 3247 hac
1162 3200 1341 3248 voce
1382 3188 1711 3253 uteretur
1754 3202 1770 3245 ε
1830 3176 2177 3272 quoniam
2225 3173 2299 3244 id
2351 3200 2502 3244 non

447 3428 512 3480 V.
540 3447 584 3479 ι.
604 3433 665 3478 In
692 3448 774 3481 mo
789 3432 921 3497 jure.
939 3435 1130 3499 Nempe
1147 3433 1396 3482 sociorum
1557 3441 1605 3488 4.
1630 3435 1822 3482 Ernest.
1862 3431 2066 3498 putabat
2105 3430 2215 3494 Iege
2249 3430 2509 3478 commode

378 3525 521 3558 causa
547 3512 922 3575 repetundarum
935 3514 1175 3576 judicium
1204 3513 1298 3561 suit
1324 3512 1398 3559 in·
1483 3511 1651 3560 abesse
1682 3528 1856 3577 poue3
1891 3521 2023 3558 recte
2048 3520 2211 3557 autem
2237 3510 2335 3558 hoc
2363 3521 2507 3574 negat

377 3591 621 3638 stitutum.
1076 3582 1092 3619 ς
1485 3591 1718 3652 Beckius,
1748 3592 1860 3655 quia
1896 3590 2101 3638 refertur
2134 3589 2197 3637 ad
2229 3588 2336 3647 Iex,
2370 3589 2510 3653 quod

451 3685 498 3718 2.
520 3670 656 3718 civili
673 3671 889 3720 actione.
913 3671 1069 3719 Civilis
1086 3671 1215 3719 actio
1234 3683 1308 3719 est
1321 3686 1393 3729 ea,
1485 3672 1721 3734 sequitur,
1748 3681 1796 3718 et
1831 3670 1932 3716 vim
1971 3668 2111 3717 addit
2151 3670 2417 3717 sententiae.
2457 3671 2508 3718 J.

377 3765 474 3813 qun
508 3750 628 3797 civis
666 3766 777 3799 cum
814 3751 919 3799 cive
959 3750 1092 3814 apud
1138 3761 1397 3815 praetorem
1484 3752 1551 3796 V.
1578 3752 1635 3797 L.

378 3828 616 3876 urbanum
644 3830 918 3879 contendit.
943 3856 1015 3866 —-
1041 3833 1127 3877 Im
1150 3829 1398 3892 privatum
1562 3828 1611 3876 5.
1644 3829 1841 3875 Manat.
1873 3827 2075 3887 conjicit
2114 3827 2322 3877 cedibus.
2361 3826 2512 3889 Quod

376 3906 502 3953 illud
527 3906 722 3966 dieitur,
740 3908 879 3973 quod
897 3909 1023 3954 inter
1042 3907 1258 3970 privatos
1274 3922 1402 3970 prae-
1489 3905 1656 3954 mallet
1676 3904 1897 3967 Desjard.
1925 3906 1979 3954 J.
1997 3908 2061 3954 V.
2087 3907 2143 3952 L.

381 3996 462 4032 tor
480 3985 615 4034 urbis
637 3987 777 4036 dicit.
802 3989 867 4034 H.
885 3984 918 4032 1.
937 3984 1109 4033 sociali
1129 3985 1230 4045 juri
1250 4000 1407 4048 oppo·
1568 3988 1618 4033 6.
1647 3986 1773 4045 Alii,
1801 3997 2009 4032 senatus.
2025 3985 2073 4032 J.
2090 3986 2152 4032 V.
2173 3986 2231 4033 L.

381 4063 532 4112 nitur.
1570 4082 1619 4126 07.
1655 4063 1850 4112 Millies.
1882 4062 2100 4113 subaud.
2137 4061 2315 4111 centies
2349 4061 2520 4109 millies

455 4142 999 4206 3.Nunc.Quiajudicia
1012 4140 1249 4209 flagitiose
1262 4139 1405 4192 flunt.
1499 4143 1832 4208 (20,5oo‚ooo
1868 4140 1969 4207 ἡκ).
1992 4145 2065 4190 Ita
2091 4141 2373 4205 loquentem
2397 4139 2522 4189 stoi·
