3044 4788
692 382 804 451 IN
854 382 1285 449 VERREM
1334 381 1554 451 AcT.
1613 344 1730 462 11,
1781 381 1967 450 LIB.
2022 384 2124 450 11.
2337 384 2474 476 407

338 501 621 579 dicule⁸
666 501 999 581 homines
1030 498 1593 598 augurabantur.
1625 502 1906 571 Etenim
1947 503 2112 599 quis
2154 498 2483 573 dubitare

338 629 619 716 posset,
647 637 880 711 quum
915 613 1120 683 istius
1155 612 1230 681 in
1264 624 1628 709 quaestura
1660 607 1905 707 fugam
1943 626 2017 682 et
2043 610 2319 682 furtum
2364 637 2480 683 re-

336 739 847 826 cognosceret3
905 748 1135 821 quum
1188 725 1265 793 in
1316 722 1676 820 legatione
1696 773 1716 808 ‚
1765 719 2207 818 oppidorum
2270 720 2476 794 fano·

334 860 649 932 rumque
681 833 1143 932 spoliationes
1180 833 1570 931 cogitaret3
1608 854 1839 928 quum
1868 829 2146 903 videret
2185 834 2262 902 in
2309 830 2475 904 foro

335 947 710 1018 latrocinia
745 955 1158 1043 praeturae93
1194 941 1429 1041 qualis
1470 943 1603 1014 iste
1634 945 1713 1013 in
1747 957 2011 1040 quarto
2056 958 2226 1015 actu
2252 955 2314 988 ¹⁰
2343 945 2476 1014 i'm-

338 1054 720 1154 probitatis
756 1050 1046 1124 futurus
1080 1055 1316 1124 esset?

434 1169 594 1238 VII.
626 1169 862 1261 Atque
888 1178 974 1235 ut
999 1163 1443 1261 intelligatis,
1481 1186 1652 1236 eum
1680 1167 1922 1234 Romae
1952 1164 2292 1261 quaesisse
2323 1192 2475 1238 non

341 1274 566 1347 modo
592 1296 857 1372 genera
874 1271 1202 1362 furandi,
1231 1272 1356 1346 sed
1374 1275 1596 1346 etiam
1615 1277 1911 1346 nomina
1935 1286 1987 1364 ¹,
2007 1279 2484 1349 certissimum

339 1385 642 1483 aecipite
691 1398 1240 1482 argumentum,
1285 1409 1436 1482 quo
1477 1383 1757 1457 facilius
1801 1384 1893 1456 de
1935 1387 2277 1483 singulari
2324 1388 2481 1484 ejus

343 1493 795 1593 impudentia
834 1495 1241 1567 existimare
1275 1497 1586 1593 possitis,
1624 1498 1792 1588 Quo
1819 1495 1936 1567 die
1973 1494 2279 1568 Siciliam
2319 1503 2479 1570 teti-

340 1609 487 1703 git²
525 1604 840 1703 (videte,
881 1607 1146 1678 satisne
1181 1620 1514 1704 paratus,
1552 1631 1643 1678 ex
1679 1606 1805 1678 illo
1840 1607 2086 1679 omine
2126 1607 2413 1680 urbano
2427 1607 2483 1697 3,

341 1714 435 1787 ad
481 1714 947 1788 everrendam
999 1717 1447 1814 provinciam
1485 1716 1845 1811 venerit),
1895 1721 2133 1788 statim
2163 1722 2487 1789 Messana

343 1825 585 1896 literas
618 1823 947 1896 Halesam
988 1827 1249 1914 mittit3
1295 1851 1476 1924 quas
1512 1851 1648 1923 ego
1688 1828 1906 1897 istum
1948 1828 2023 1896 in
2062 1828 2264 1900 Italia
2309 1831 2485 1900 scri-

343 1938 564 2032 psisse
600 1932 913 2006 arbitror
942 1961 960 2006 t
994 1959 1163 2006 nam
1180 1988 1201 2025 ,
1237 1936 1452 2008 simul
1478 1951 1699 2035 atque
1726 1962 1767 2008 e
1790 1938 1955 2007 navi
1982 1952 2310 2035 egressus
2338 1952 2446 2011 est
2464 1995 2484 2028 ‚

341 2044 545 2119 dedit
597 2069 895 2144 operam
916 2068 954 2133 ‚·
997 2060 1079 2117 ut
1119 2046 1501 2119 Halesinus
1535 2045 1628 2118 ad
1673 2071 1750 2119 se
1790 2048 1934 2118 Dio
1971 2050 2322 2120 continuo
2364 2073 2482 2119 ve·

340 2158 533 2229 niret
568 2184 584 2228 :
631 2180 711 2229 se
764 2155 857 2229 de
897 2155 1298 2229 hereditate
1340 2156 1526 2229 velle
1588 2180 2066 2254 cognoscere,
2122 2181 2284 2254 quae
2330 2158 2488 2253 ejus

341 2266 493 2339 filio
529 2292 572 2339 a
606 2268 1026 2366 propinquo
1052 2266 1350 2340 homine
1370 2321 1390 2355 ‚
1422 2262 1866 2365 Apollodoro
1894 2268 2308 2366 Laphirone
2331 2321 2351 2355 ,
2379 2289 2490 2337 ve-

342 2382 588 2452 nisset.
626 2382 729 2451 Ea
764 2393 954 2467 erat,
990 2375 1307 2476 judices,
1352 2377 1779 2478 pergrandis
1814 2381 2146 2478 pecunia.
2199 2380 2335 2450 Hic
2376 2391 2486 2450 est

342 2490 524 2574 Dio,
550 2488 830 2583 judiees
849 2541 869 2574 ‚
900 2513 1100 2560 nunc
1134 2488 1494 2562 beneficio
1525 2491 1614 2580 Q.
1642 2489 1914 2561 Metelli
1940 2490 2114 2587 civis
2141 2513 2486 2561 romanus

344 2596 621 2670 factus:
657 2596 748 2669 de
778 2622 930 2693 quo
951 2651 971 2686 ‚
1004 2598 1252 2671 multis
1277 2601 1446 2671 viris
1472 2601 1833 2698 primariis
1858 2598 2163 2671 testibus
2181 2653 2200 2687 ‚
2223 2600 2488 2671 multo-

344 2732 659 2804 rumque
697 2706 960 2779 tabulis
991 2707 1199 2781 vobis
1236 2712 1478 2807 priore
1513 2711 1799 2781 actione
1826 2706 2307 2780 satisfactum⁴
2344 2723 2488 2794 est,

350 2821 505 2888 H·s
553 2817 896 2889 undecies
954 2832 1413 2891 numeratum
1460 2841 1616 2892 esse
1640 2874 1659 2905 ‚
1711 2832 1797 2890 ut
1840 2842 1996 2890 eam
2043 2842 2369 2911 causam,
2412 2822 2489 2889 in

350 3015 493 3078 bem,
526 3006 599 3064 ιη’
618 3030 682 3063 ue
728 3013 832 3064 dux
874 3014 1074 3079 quidem
1116 3016 1374 3079 eligeretur

348 3097 563 3144 nominis
602 3095 833 3147 ominem.
863 3096 944 3145 Sic
981 3095 1088 3143 Liv.
1121 3096 1373 3144 xxvm:

351 3175 479 3224 nod
511 3173 585 3222 illi
620 3175 835 3238 primm
870 3189 974 3222 uon
1013 3165 1211 3222 Ain-imni
1253 3175 1375 3222 Um·

346 3254 535 3315 briam,
560 3255 828 3302 senilium
841 3288 856 3314 ,
870 3254 1086 3302 nomini·
1101 3253 1247 3301 etiam
1264 3253 1376 3301 abo-

349 3336 567 3384 minandi
604 3336 809 3394 ducem,
842 3335 928 3384 eed
963 3334 1172 3383 Decium
1202 3334 1375 3383 Sabel-

346 3412 471 3461 limn
487 3414 739 3463 tribunum
760 3415 861 3462 mil.
885 3414 1081 3478 sequuti
1098 3424 1269 3462 eunt».

423 3493 472 3539 8.
501 3493 815 3544 Porridicule.
842 3498 1013 3542 Feeetn
1044 3494 1286 3542 allusione
1310 3493 1374 3541 ed

349 3569 491 3618 istius
507 3587 707 3633 nomen,
725 3573 954 3621 dicebant
968 3576 1171 3621 «Verres
1187 3588 1376 3621 evertet

352 3648 595 3697 siciliam-
610 3683 625 3708 ,
652 3667 721 3699 ec.
744 3654 937 3699 inanem
963 3650 1219 3716 relinquen.

423 3743 474 3791 9.
511 3729 797 3778 Latrocinia
833 3742 1085 3795 praeeuroe.
1132 3713 1303 3780 an'
1328 3733 1381 3779 in

350 3807 458 3856 ede
483 3808 702 3858 Castoris
729 3827 787 3858 ae
814 3826 906 3874 pro
931 3811 1119 3859 rostris.

429 3901 506 3934 ro.
529 3890 591 3935 In
623 3893 807 3952 quarto
838 3899 970 3936 actu.
997 3888 1184 3935 Primus
1210 3888 1376 3936 Verris

349 3976 489 4014 actus
512 3967 603 4014 fuit
627 3967 810 4016 furtum
835 3967 889 4016 in
913 3977 1175 4029 quaestura.
1192 3968 1377 4015 secun-

350 4044 473 4107 dus,
498 4048 730 4112 spoliatio
766 4048 990 4096 senorum
1028 4046 1081 4094 in
1116 4046 1375 4108 legatione.

349 4124 539 4174 Tertius
554 4161 570 4187 ‚
589 4127 641 4175 ln
659 4137 871 4191 procura
897 4126 1081 4178 urbana
1104 4124 1374 4175 latrocinia.

1463 3019 1701 3080 Quartum
1754 3016 1861 3065 fore
1916 3015 2095 3064 sicilie
2142 3014 2491 3080 expilationem

1462 3111 1607 3144 nemo
1650 3094 1935 3162 dubitabat,
1979 3095 2138 3144 donee
2186 3096 2239 3142 in
2286 3096 2491 3160 quinto,

1462 3174 1685 3224 absoluta
1706 3173 2146 3240 tragoedia‚Ven-ee
2165 3174 2490 3223 damnaretur.

1534 3256 1649 3305 vn.
1682 3269 1728 3304 1.
1757 3255 1995 3304 Nomina.
2014 3257 2195 3303 Eorum
2214 3270 2342 3317 quos
2367 3254 2496 3301 fura-

1463 3344 1619 3382 retur.
1636 3335 1805 3383 Garat.
1815 3335 2232 3400 explicatVerrem
2245 3333 2495 3396 quaeniisse

1462 3427 1566 3460 non
1589 3413 1740 3462 modo
1781 3414 1961 3478 quibus
2000 3414 2052 3460 in
2087 3412 2368 3477 generibus,
2406 3411 2494 3460 sed

1461 3492 1608 3540 etiam
1633 3493 1813 3555 quibus
1840 3492 2150 3551 nominibus,
2179 3491 2440 3543 furaretur.

1536 3588 1584 3621 α.
1605 3573 1733 3630 Alii,
1757 3573 1938 3639 «κείμὴ.
1969 3574 2018 3623 J.
2030 3573 2095 3621 V.
2117 3576 2176 3621 L.

1546 3654 1594 3702 3.
1622 3654 1840 3703 Urbano.
1874 3654 2067 3717 Nempe
2091 3650 2230 3717 quod
2265 3651 2319 3700 in
2348 3650 2500 3709 urbe,

1470 3745 1555 3780 eeu
1582 3735 1757 3781 Roma
1774 3733 1959 3781 dictum
1984 3733 2079 3780 hoe
2106 3732 2289 3794 suerat,
2311 3741 2367 3778 ut
2386 3747 2499 3795 sup.

1468 3811 1634 3860 videre
1658 3823 1747 3861 est.

1541 3902 1592 3949 4.
1611 3892 1947 3957 Satisfaceaecm.
1964 3891 2184 3940 Omnino
2197 3901 2278 3938 ,εει
2304 3889 2501 3938 demon.

1465 3979 1686 4019 stratum.
1721 3999 1792 4009 —
1832 3972 2064 4020 Undecies
2099 3967 2238 4028 (circ.
2269 3969 2499 4024 aa5‚5oo

1463 4046 1553 4110 fr.)
1577 4050 1752 4099 Cicero
1790 4053 1919 4115 ipse,
1948 4054 2089 4098 Verr.
2121 4053 2179 4111 1,
2216 4064 2307 4107 xo,
2341 4047 2496 4095 babet

1463 4125 1644 4186 decies,
1671 4129 1806 4192 quod
1834 4141 1905 4177 est
1937 4129 2160 4186 205,ooo
2189 4128 2248 4174 fr.
