3044 4788
651 368 784 438 322
1290 364 1386 432 M.
1437 364 1512 430 T.
1570 362 2130 430 CICERONIS

645 493 911 561 virtute
940 501 1172 584 capta,
1201 484 1371 556 belli
1390 484 1546 581 lege
1564 538 1584 571 ‚
1613 498 1830 580 atque
1864 484 2325 579 imperatorio
2339 484 2502 577 jure
2544 500 2809 555 sustu·

645 602 769 685 lit,
813 623 894 670 ea
944 594 1219 694 populo
1280 618 1582 664 romano
1632 595 2083 690 apportavit,
2143 616 2278 690 per
2319 594 2806 690 triumphum

644 715 873 795 vexit,
936 712 1011 776 in
1056 703 1336 776 tabulas
1389 703 1715 801 publicas
1753 702 1844 773 ad
1888 704 2217 772 aerarium
2264 702 2806 799 perscribenda

640 822 935 892 curavit.
973 814 1399 911 Cognoscite
1428 837 1514 883 ex
1543 812 1763 884 literis
1794 810 2104 908 publicis
2135 811 2453 883 hominis
2480 814 2801 911 amplis-

642 931 803 998 simi
828 924 1293 1021 diligentiam.
1328 926 1610 992 Recita:
1636 925 1995 991 Itu-muns
2026 944 2314 993 numme
2340 926 2411 991 P.
2438 925 2795 994 Stnvtmr.

640 1042 802 1108 Non
848 1032 1079 1106 solum
1119 1055 1507 1102 numerum
1550 1037 1961 1128 signorum,
2000 1030 2127 1101 sed
2170 1034 2385 1100 etiam
2421 1032 2796 1103 uniuscu-

632 1150 897 1243 jusque
924 1143 1520 1241 magnitudinem,
1540 1140 1847 1237 figuram
1865 1138 1922 1227 ⁶,
1945 1155 2231 1225 statum,
2248 1140 2470 1211 literis
2489 1140 2791 1212 definiri

642 1246 856 1327 vides·
910 1260 1121 1326 Certe
1153 1254 1422 1348 major⁷
1465 1266 1573 1323 est
1616 1254 1896 1323 virtutis
1938 1253 2399 1347 victoriaeque
2429 1252 2788 1345 jucundi-

639 1381 783 1451 ωε,
822 1388 1040 1461 quam
1066 1366 1199 1434 ista
1233 1364 1599 1460 voluptas,
1636 1386 1796 1457 quae
1826 1364 2221 1458 percipitur
2254 1387 2342 1431 ex
2372 1361 2677 1434 libidine
2710 1378 2792 1433 et

643 1473 1036 1571 cupiditate
1076 1500 1091 1543 ε
1130 1472 1362 1543 multo
1401 1472 1820 1566 diligentius
1871 1470 2137 1541 habere
2180 1471 2343 1541 dico
2391 1471 2788 1542 Servilium

639 1582 950 1681 praedam
988 1583 1238 1681 populi
1274 1583 1594 1667 romani,
1636 1604 1852 1677 quam
1885 1596 1958 1651 te
1997 1596 2121 1651 tua
2153 1580 2342 1651 furta
2380 1597 2632 1653 notata
2669 1599 2785 1652 at-

641 1719 785 1791 que
820 1694 1198 1789 descripta.

738 1809 957 1874 XXII.
992 1802 1241 1888 DiceS,
1271 1816 1393 1870 tua
1428 1824 1725 1896 quoque
1754 1801 1954 1895 signa
1982 1815 2054 1871 et
2090 1800 2371 1871 tabulas
2409 1804 2637 1898 pictas
2664 1828 2784 1873 or-

638 1926 984 1984 namento
1003 1907 1168 1979 urbi
1189 1922 1206 1951 ¹
1242 1907 1549 2005 foroque
1579 1909 1828 2006 populi
1855 1913 2134 1980 romani
2171 1909 2406 1981 fuisse.
2437 1914 2779 1993 Memini;

635 2022 783 2091 vidi
820 2016 1031 2088 simul
1071 2041 1234 2086 cum
1277 2019 1550 2113 populo
1592 2043 1897 2088 romano
1935 2018 2173 2089 forum
2199 2021 2722 2117 comitiumque
2745 2034 2779 2064 ²

637 2130 1069 2200 adornatum
1089 2123 1142 2212 ³,
1170 2124 1260 2194 ad
1284 2129 1598 2222 speciem
1626 2126 2009 2223 magnifico
2033 2144 2293 2197 ornatu
2313 2183 2330 2212 ‚
2361 2128 2451 2198 ad
2479 2154 2778 2201 sensum

639 2238 1295 2332 cogitationemque
1355 2233 1620 2305 acerbo
1671 2250 1742 2305 et
1811 2234 2123 2331 lugubri.
2185 2238 2349 2306 Vidi
2413 2237 2775 2311 collucere

637 2349 881 2420 omnia
911 2343 1118 2416 furtis
1154 2348 1299 2416 tuis
1321 2401 1340 2432 ‚
1377 2343 1614 2443 praeda
1646 2346 2217 2442 provinciarum,
2255 2347 2499 2444 spoliis
2538 2354 2772 2420 socio·

635 2482 802 2529 rum
831 2471 1047 2553 atque
1080 2457 1698 2543 amicorum.·Quo
1727 2456 2021 2552 quidem
2049 2471 2374 2553 tempore
2395 2512 2413 2542 ‚
2450 2458 2767 2550 judices,

637 2576 768 2642 iste
806 2593 1005 2666 spem
1038 2573 1417 2638 maximam
1449 2567 1895 2662 reliquorum
1937 2593 2233 2665 quoque
2258 2578 2761 2667 peccatorum*5

632 2696 886 2752 nactus
922 2693 1051 2750 est.
1080 2678 1279 2747 Vidit
1321 2681 1514 2748 enim
1559 2703 1721 2762 εοε,
1747 2679 1873 2773 qui
1904 2677 2389 2770 judiciorum⁵
2433 2680 2764 2753 dominos

639 2816 714 2859 se
783 2788 923 2857 dici
985 2784 1329 2856 volebant
1352 2841 1371 2872 ‚
1423 2787 1678 2856 harum
1748 2788 2223 2884 cupiditatum
2288 2815 2445 2861 esse
2502 2815 2762 2865 servos.

1738 3038 1879 3096 juxta
1918 3040 2128 3098 curiam,
2164 3039 2249 3086 ubi
2291 3051 2476 3100 ronti-n
2527 3043 2610 3090 hie
2650 3045 2760 3092 olim

1743 3114 2046 3164 habebantur
2069 3119 2250 3165 curiata
2276 3122 2470 3168 comitia
2486 3155 2501 3179 ‚
2536 3135 2587 3171 et
2614 3141 2759 3173 sume-

708 3041 756 3086 6.
806 3036 1052 3101 Figuram.
1108 3040 1264 3084 Situm
1326 3037 1655 3084 membrorum

639 3117 774 3183 (gall.
804 3114 1389 3179 I’aetitude).—Staeum.
1420 3115 1655 3162 Habitum

638 3214 721 3245 eeu
746 3206 969 3244 ornatum
989 3195 1159 3255 vestis,
1186 3194 1473 3257 insignium,
1503 3207 1656 3240 armo·

637 3294 744 3327 rum
773 3275 905 3340 (gall.
930 3274 982 3320 Ia
1005 3273 1255 3337 ‹impet-ie,
1299 3273 1365 3319 les
1386 3271 1652 3335 attributs).

714 3373 764 3414 7.
798 3356 933 3402 Certe
968 3352 1145 3415 major.
1195 3350 1413 3399 Asconio
1447 3349 1655 3397 subobs-

642 3450 787 3480 curus
833 3432 1028 3479 videtur
1073 3431 1246 3487 locus,
1283 3444 1427 3491 quem
1471 3429 1656 3492 optime

641 3510 852 3572 explieat
867 3511 1066 3557 Botom.
1077 3526 1168 3572 per
1177 3508 1497 3573 epiphonema
1514 3523 1528 3556 :
1545 3520 1655 3555 suut

641 3600 691 3635 et
715 3604 801 3635 sua
833 3587 1053 3634 victoriae
1083 3603 1141 3634 ae
1168 3588 1337 3634 virtuti
1366 3585 1540 3647 gaudia
1563 3603 1656 3634 ma-

633 3670 740 3726 jora
768 3680 937 3728 quam,
959 3674 1055 3713 etc.

714 3743 882 3790 xxn.
913 3757 955 3788 1.
997 3743 1127 3789 Urbi.
1165 3743 1290 3791 Nam
1316 3742 1473 3801 aedili,
1511 3754 1656 3805 atque

642 3822 837 3886 pretori
868 3819 1163 3879 Hortensio,
1198 3832 1249 3868 et
1275 3819 1485 3869 Metellis
1521 3834 1655 3885 rapta

639 3918 701 3949 ex
743 3898 1011 3963 provinciis
1052 3898 1188 3961 sigua
1222 3903 1395 3948 Vct-ree
1431 3902 1654 3950 omndo

642 3981 752 4027 foro
779 3975 1188 4026 commodaverat.
1527 3975 1534 3984 ‘

715 4077 762 4107 α.
808 4057 1079 4106 Comitium.
1120 4060 1280 4106 Locus
1321 4069 1420 4106 erat
1453 4060 1504 4107 iu
1546 4060 1655 4109 foro

1745 3194 1922 3243 bantur
1960 3197 2196 3261 supplicia
2239 3199 2299 3246 de
2338 3201 2579 3248 sontibus.
2621 3204 2758 3252 Aliud

1743 3285 1973 3336 praeterea
2008 3275 2102 3321 fuit
2136 3278 2389 3325 comitium
2417 3290 2551 3327 extra
2586 3279 2758 3331 Urbeui

1742 3351 1794 3397 in
1835 3368 2007 3415 campo
2044 3355 2226 3402 Martio
2266 3357 2330 3404 ad
2365 3360 2567 3408 comitia
2603 3375 2760 3411 centu-

1743 3433 1880 3481 tiata.

1815 3511 1866 3560 3.
1900 3511 2159 3562 Lambinus
2187 3515 2323 3564 malit
2361 3518 2656 3569 adornatum
2680 3523 2758 3571 ab·

1672 3639 1682 3648 ,
1745 3605 1863 3639 esse.
1893 3596 2027 3642 LV.
2056 3598 2111 3644 1..
2151 3622 2220 3634 —
2249 3601 2475 3646 Attamen
2502 3601 2669 3650 endem
2702 3603 2758 3652 de

1745 3688 1796 3717 re
1824 3672 1996 3720 Cicero
2022 3677 2161 3722 Vei-r.
2192 3677 2280 3734 lv,
2318 3678 2345 3723 3
2366 3713 2380 3734 ,
2423 3701 2449 3720 α
2470 3686 2756 3730 ornamentis

1744 3762 2030 3801 ornarent».

1818 3838 1865 3883 4.
1902 3833 2239 3881 peecatorum.
2289 3834 2508 3884 subaud.
2549 3853 2647 3886 non
2673 3856 2756 3904 pu·

1742 3906 2041 3957 aiendorum.

1817 3984 1864 4034 5.
1894 3987 2195 4035 Iudicia-nm
2231 3990 2471 4039 dominos.
2511 3993 2754 4044 manifeste

1742 4064 1793 4110 iu
1824 4067 2136 4113 Hortensium
2152 4100 2166 4123 ,
2193 4082 2249 4115 ac
2273 4068 2465 4121 nobiles
2489 4082 2690 4124 ceteros.
