3044 4788
1022 448 1274 515 NOVI
1326 449 1836 515 EDITORIS.
2347 450 2463 544 xiij

352 566 559 643 stitit
585 627 605 662 ,
646 548 868 671 cujus
913 565 1228 672 quidem
1276 566 1586 670 gallicas
1629 585 1855 643 notas
1899 594 2168 643 omues
2211 568 2290 644 in
2322 599 2467 647 no-

357 706 565 765 stras
613 688 1173 766 transtulimus,

457 811 821 918 Denique
851 870 870 905 ,
931 838 1029 887 ne
1095 808 1286 917 quid
1354 838 1710 889 mancum
1776 827 1853 887 et
1926 811 2469 916 imperfectum

356 934 540 1011 huic
589 934 813 1038 operi
867 933 1296 1030 accederet,
1334 962 1576 1040 quum
1621 935 1899 1039 saepius
1939 933 2173 1012 nobis
2215 934 2469 1011 fuerat

353 1054 983 1134 animadversum
1032 1056 1490 1134 Ciceronem
1526 1086 1647 1153 ea,
1697 1084 1868 1164 quae
1914 1055 2013 1133 ad
2065 1056 2192 1162 jus
2245 1057 2468 1135 civile

357 1195 698 1284 spectat,
740 1196 963 1284 parte
1007 1178 1402 1274 laborare,
1439 1208 1528 1256 ac
1575 1181 1701 1256 vix
1745 1180 2204 1286 plerumque
2238 1179 2467 1257 intel-

358 1300 533 1404 ligi,
576 1298 971 1407 quidquid
1008 1301 1650 1407 jurisconsultum
1691 1301 2161 1407 requireret,
2195 1300 2296 1378 ad
2337 1301 2471 1380 do-

359 1424 786 1502 ctissimum
832 1426 1085 1502 virum
1126 1425 1537 1504 PoNCELET
1579 1425 1779 1530 juris
1819 1425 1904 1500 in
1942 1421 2178 1502 Acad.
2207 1418 2466 1503 Paris.

364 1545 761 1624 doctorem
794 1576 883 1624 ac
919 1549 1441 1653 professorem
1475 1545 1968 1625 referendum
1996 1546 2470 1643 curavimus,

368 1670 499 1776 qui
522 1697 633 1765 ea,
656 1698 807 1777 qua
843 1686 985 1767 est,
1024 1671 1508 1747 humanitate
1544 1697 1634 1747 ac
1663 1668 2022 1747 doctrina
2044 1729 2062 1764 ,
2096 1668 2470 1773 impedita

364 1790 713 1898 quaedam
750 1792 921 1870 loca
957 1793 1283 1869 onmino
1311 1792 1766 1887 illustravit,
1804 1792 2008 1868 Gaio
2041 1793 2469 1896 praesertim

364 1913 853 2020 splendidam
875 1914 1118 1992 facem
1138 1914 1628 2020 praeferente,
1655 1942 1748 1992 cu
1749 1914 1878 2021 jus
1895 1942 2149 2022 nuper
2169 1915 2470 1994 detecta

364 2065 598 2143 opera
626 2052 909 2117 'novam
931 2037 1204 2115 faciem
1224 2065 1553 2115 romano
1568 2038 1730 2144 juri
1750 2099 1768 2134 ,
1793 2038 2195 2116 Ciceronis
2216 2040 2469 2145 inpri-

362 2161 506 2237 mis
535 2177 760 2237 aetate
778 2221 797 2257 ,
828 2157 1327 2238 addiderunt.
1363 2158 1584 2238 Idem
1611 2161 1877 2252 etiam,
1917 2160 2469 2268 nequidquam

361 2282 778 2360 obscurum
825 2280 970 2360 hac
1009 2282 1107 2360 de
1143 2310 1226 2359 re
1268 2300 1733 2388 superesset,
1775 2282 1874 2361 ad
1910 2283 2197 2361 calcem
2233 2283 2468 2390 hujus

357 2405 774 2484 voluminis
828 2404 928 2483 de
981 2407 1309 2511 privatis
1359 2434 1448 2483 ac
1501 2405 1879 2512 puhlicis,
1940 2423 2192 2485 stante
2234 2433 2467 2512 repu-

361 2528 602 2625 blica,
644 2527 962 2634 judiciis
1023 2528 1537 2634 appendicem
1593 2526 1944 2625 addidit,
1998 2557 2151 2636 qua
2209 2527 2464 2606 edocti

361 2649 474 2727 vel
521 2649 779 2755 legum
824 2677 1320 2728 romanarum
1368 2644 1694 2727 omnino
1735 2648 1970 2728 rudes
2019 2651 2316 2755 optime
2369 2649 2469 2727 de

362 2770 663 2876 legibus
705 2789 1058 2876 agentem
1085 2772 1430 2849 Tullium
1465 2773 1774 2878 possint
1806 2771 2256 2875 intelligere.

462 2897 631 2972 Hac
666 2892 934 2973 eadem
984 2897 1348 2973 instructi
1399 2897 1742 2991 ratione,
1789 2923 1963 3003 quae
2020 2893 2468 2973 difficiliora

367 3017 457 3095 ad
515 3034 865 3094 veterum
934 3045 1189 3095 mores
1260 3033 1743 3122 spectarent,
1813 3019 1896 3098 in
1961 3045 2289 3095 excursu
2367 3015 2464 3094 ad

369 3139 812 3217 nonnullius
848 3140 1229 3217 orationis
1267 3139 1501 3217 finem
1536 3139 2076 3235 submisimus;
2120 3141 2229 3217 sic
2270 3166 2469 3248 quae-

371 3258 541 3337 dam
569 3261 671 3339 de
706 3262 1131 3367 provinciis
1159 3290 1255 3339 ex
1284 3262 1674 3359 Ferratio,
1703 3261 1802 3340 de
1828 3259 2335 3364 vectigalibus
2368 3287 2467 3348 ex

368 3384 837 3464 Desunnms
894 3383 1503 3491 desumpsimus3
1557 3401 1636 3462 et
1683 3412 1925 3491 quum
1982 3384 2066 3459 in
2108 3383 2466 3460 Verrinis

367 3507 850 3585 orationibus
892 3507 1253 3613 praetoris
1296 3505 1580 3584 urbani
1622 3533 1713 3583 ao
1753 3504 2254 3611 provincialis
2302 3531 2466 3582 non

365 3655 540 3704 rara
575 3630 863 3706 mentio
899 3646 1299 3724 occurrat,
1342 3645 1421 3704 et
1455 3628 1541 3704 in
1581 3654 1852 3704 eorum
1876 3624 2425 3731 jurisdictione
2450 3687 2469 3720 ,

365 3751 725 3855 imperiO,
769 3750 1225 3829 muneribus
1271 3749 1636 3855 frequens
1688 3749 1789 3836 isit
1832 3748 2150 3846 Cicer-0,
2212 3775 2469 3852 operae

365 3867 916 3977 pretiumsore
958 3870 1437 3951 credidimus
1487 3872 1552 3949 si
1598 3870 1696 3949 de
1747 3871 1897 3966 eis,
1946 3867 2336 3977 quidquid
2375 3896 2466 3947 ex

364 3994 750 4073 veteribus
790 4025 876 4072 ac
909 3994 1483 4101 jurisconsultis
1526 3993 1940 4097 collegerat
1962 3995 2467 4086 Dasunmus,

367 4146 530 4218 nos,
563 4118 838 4199 eodem
870 4122 966 4197 D.
998 4121 1399 4197 PONCELET
1437 4134 1917 4213 recensente,
1958 4114 2382 4193 ederemus.
