3044 4788
602 422 741 496 516
1396 422 1952 492 EXCURSUS’

592 569 820 612 eorum
857 543 1153 608 ordinem
1188 566 1265 608 ex
1296 543 1594 634 ingenuis
1627 544 1883 632 potius,
1905 564 2101 630 quam
2135 566 2213 607 ex
2237 545 2554 611 libertinis
2586 570 2753 612 con-

592 654 823 716 stitisse
858 649 1448 730 animadvertimus»,
1478 650 1694 738 inquit
1729 650 1952 739 Sigon.
1990 640 2074 712 de
2101 651 2422 739 Antiquit.
2447 654 2583 732 jur.
2613 656 2747 717 civ.

589 761 777 822 Rom.
809 757 920 821 lib.
945 758 1043 838 11,
1081 779 1217 844 cap.
1256 755 1351 819 15.
1384 756 1643 820 Refellit
1677 755 2016 844 Sigonium
2047 756 2382 841 Horatius,
2416 758 2544 823 Sat.
2571 761 2636 840 1,
2676 760 2743 840 5,

587 865 675 929 66
694 890 711 945 3
759 864 880 927 nisi
910 863 1168 935 ,dixeris
1236 862 1653 925 Sarmentum
1718 861 1993 925 scribam
2054 863 2380 948 privatum
2445 864 2743 929 dominae

586 971 803 1034 fuisse.
840 966 1034 1034 Aliud
1072 967 1246 1029 enim
1280 982 1416 1030 erat
1439 1014 1458 1047 ,
1505 967 1713 1031 scriba
1764 966 1998 1055 privati
2046 988 2183 1031 esse
2205 1015 2226 1049 ,
2285 986 2364 1033 ut
2404 971 2562 1033 Tiro
2607 971 2738 1035 fuit

587 1076 950 1156 Ciceronis3
1004 1071 1214 1154 aliud,
1270 1073 1337 1135 in
1375 1074 1736 1138 scribarum
1771 1072 2072 1137 ordinem
2113 1076 2358 1139 referri.
2392 1078 2564 1139 Utut
2610 1079 2734 1158 sit,

584 1207 706 1273 ego
740 1206 873 1247 non
901 1180 1097 1245 credo
1123 1182 1463 1246 libertinos
1489 1205 1526 1245 a
1555 1181 1911 1245 scribarum
1935 1180 2167 1245 ordine
2197 1182 2396 1246 fuisse
2419 1181 2733 1266 dejectos,

583 1289 820 1377 quibus
853 1286 1018 1351 ordo
1053 1290 1415 1353 senatorius
1454 1289 1648 1352 etiam
1683 1285 2079 1375 quandoque
2111 1286 2342 1376 patuit.

665 1394 916 1459 Scribas
951 1394 1180 1458 Festus
1224 1393 1449 1458 definit
1498 1393 1885 1475 «librarios,
1929 1393 2044 1481 qui
2088 1395 2370 1458 rationes
2427 1395 2732 1483 publicas

580 1502 873 1566 scribunt
906 1501 972 1563 in
1018 1500 1315 1565 tabulis».
1354 1501 1625 1564 Illorum
1659 1522 1815 1588 ergo
1853 1522 2096 1563 munus
2135 1500 2289 1579 fuit,
2329 1516 2403 1564 ut
2443 1503 2732 1566 rationes

577 1606 871 1697 publicas
903 1608 971 1671 in
1009 1606 1257 1670 tabulas
1294 1607 1612 1670 referrent
1643 1629 1658 1670 ε
1709 1606 1878 1696 leges
1934 1622 2000 1670 et
2036 1621 2176 1669 acta
2208 1606 2276 1668 in
2312 1624 2727 1671 commenta-

574 1714 707 1778 rios
742 1712 1127 1802 redigerent.
1167 1713 1335 1777 Hinc
1366 1741 1391 1767 ι
1410 1712 1723 1799 scriptum
1759 1713 1966 1774 facere
1991 1743 2016 1768 ι·
2062 1709 2233 1799 apud
2259 1712 2396 1775 Liv.
2423 1713 2556 1795 IX,
2596 1714 2684 1793 46
2710 1764 2731 1794 ,

575 1835 705 1900 est,
739 1820 967 1884 scribae
994 1841 1235 1882 munus
1267 1839 1581 1881 exercere.

664 1927 894 2008 Quum
922 1924 1146 1988 scribae
1175 1924 1363 1987 multi
1388 1939 1603 2003 essent
1625 1923 1691 1986 in
1721 1923 1997 2003 civitate,
2032 1923 2278 1986 factum
2305 1939 2435 2005 est,
2467 1923 2725 1989 ordinis

576 2036 678 2097 sui
711 2029 1006 2096 servandi
1039 2030 1272 2118 gratia,
1316 2045 1391 2092 ut
1423 2030 1489 2092 in
1521 2030 1816 2093 decurias
1849 2029 2389 2096 describerentur.
2429 2033 2728 2097 Decuriae

578 2130 963 2201 dicebantur
1000 2134 1263 2223 collegia
1286 2181 1303 2213 ,
1363 2134 1431 2196 in
1493 2134 1733 2220 quibus
1786 2135 2067 2215 librarii,
2123 2136 2379 2218 scribae,
2418 2135 2678 2203 lictores
2702 2188 2723 2219 ,

574 2243 846 2305 viatores
867 2287 884 2319 ,
922 2238 1458 2319 nomenclatoreS,
1487 2241 1743 2304 accensi
1770 2241 2266 2329 magistratuum
2288 2265 2716 2308 romanorum

579 2346 1033 2412 censebantur.
1090 2346 1384 2410 Fuerunt
1427 2366 1584 2436 ergo
1639 2345 1918 2412 decuriae
1973 2347 2328 2412 scribarum
2383 2351 2721 2436 praetorio-

580 2477 727 2520 rum
747 2503 764 2537 ,
792 2451 1206 2517 aedilitiorum
1223 2501 1241 2534 ,
1276 2441 1805 2540 quoestoriorum,
1831 2468 2026 2541 prout
2052 2476 2087 2516 a
2121 2455 2508 2541 praetoribus
2526 2505 2543 2537 ,
2564 2457 2718 2521 aedi·

579 2561 779 2637 libus,
810 2559 1317 2648 quaestoribusve
1349 2574 1567 2622 essent
1598 2559 1781 2640 lecti3
1814 2560 1912 2622 uti
1944 2558 2015 2623 L.
2041 2559 2146 2622 ille
2174 2560 2499 2641 petillius,
2525 2586 2722 2650 quern

578 2668 855 2731 scribam
898 2666 979 2747 Q.
1007 2664 1291 2730 Petillius
1325 2679 1607 2751 quaestor
1657 2665 1720 2727 in
1772 2663 2103 2728 decuriam
2145 2666 2387 2753 legerat
2437 2667 2723 2754 (Livius,

578 2774 728 2853 XL,
778 2773 924 2858 29);
974 2788 1089 2835 aut
1125 2786 1325 2859 prout
1364 2770 1841 2859 magistratibus
1898 2787 2114 2834 essent
2162 2770 2364 2835 additi
2416 2774 2720 2838 ministri.

581 2880 751 2943 Hinc
784 2892 1183 2941 memoratur
1213 2874 1387 2963 apud
1409 2875 1765 2940 Gruterum
1802 2879 1865 2939 et
1892 2878 2267 2942 Reinesium
2293 2879 2545 2942 «scriba
2577 2879 2725 2944 aedi·

581 2985 783 3065 lium3
828 2981 1112 3046 aedilium
1158 2982 1514 3063 curulium3
1563 2980 1982 3070 pontificum3
2019 2983 2248 3048 'scriba
2294 2987 2721 3071 quaestorius;

584 3089 962 3178 praetorius3
1000 3086 1361 3176 publicus».
1393 3089 1490 3151 Ex
1509 3091 2074 3154 senatusconsulto
2111 3090 2265 3152 anni
2295 3089 2423 3177 743
2457 3109 2722 3155 curato-

581 3193 764 3257 ribus
801 3214 1112 3280 aquarum
1158 3191 1561 3279 publicarum
1596 3207 1660 3254 et
1696 3192 1971 3281 insignia
2011 3195 2195 3281 quasi
2241 3195 2723 3283 magistratibus

585 3297 1056 3378 conceduntur,
1090 3311 1155 3359 et
1185 3296 1409 3360 scribae
1436 3294 1678 3358 librarii
1708 3297 2179 3363 attribuuntur.

675 3405 775 3466 De
833 3401 1189 3465 scribarum
1235 3398 1481 3464 ordinis
1530 3396 1839 3487 dignitate
1887 3401 2058 3465 docti
2111 3404 2313 3467 multa
2362 3404 2718 3494 disputant.

584 3508 718 3589 Qui
755 3529 907 3570 eum
943 3505 1239 3570 ordinem
1270 3505 1617 3567 honestum
1658 3527 1797 3569 esse
1829 3506 2092 3588 volunt,
2124 3525 2456 3573 auctorem
2476 3511 2720 3575 habent

586 3615 1003 3692 Ciceronem,
1060 3611 1172 3699 qui
1217 3610 1331 3674 lib.
1357 3610 1452 3674 111
1494 3609 1564 3673 in
1590 3611 1775 3675 Verr.
1820 3635 1957 3700 cap.
1995 3636 2111 3701 79,
2167 3615 2258 3678 sic
2294 3616 2384 3679 ait
2424 3640 2439 3680 ε
2483 3648 2508 3672 ιι
2533 3617 2720 3682 Ordo

583 3719 939 3784 scribarum
976 3733 1074 3780 est
1108 3716 1455 3795 honestus;
1491 3716 1637 3802 quis
1675 3718 1918 3806 negat?
1920 3765 2027 3783 .....
2063 3721 2177 3784 Est
2211 3743 2364 3784 vero
2401 3722 2719 3788 honestus

580 3822 756 3913 quod
793 3843 1021 3886 eorum
1058 3819 1401 3885 hominum
1446 3818 1598 3884 fidei
1645 3822 1880 3885 tabulae
1930 3824 2204 3911 publicoe
2230 3874 2247 3908 ,
2300 3828 2720 3916 periculaque

577 3928 1070 4020 magistratuum
1115 3923 1682 3991 committuntur».
1735 3929 1871 4011 Qui
1901 3930 2094 3994 vilem
2140 3953 2292 3995 eum
2327 3933 2526 3998 fuisse
2555 3957 2720 3997 con-

576 4036 889 4117 tendunt,
939 4033 1040 4097 his
1073 4030 1343 4119 Nepotis
1371 4033 1585 4097 verbis
1617 4033 1685 4097 id
1718 4036 1993 4122 probare
2027 4053 2382 4102 conantur:
2428 4070 2456 4093 «ι
2483 4039 2714 4127 Itaque

576 4166 724 4208 eum
779 4139 1009 4204 habuit
1060 4137 1142 4204 ad
1206 4161 1472 4204 manum
1530 4139 1752 4203 scriboe
1807 4141 1953 4205 loco
1974 4189 1992 4223 ,
2046 4142 2227 4229 quod
2272 4144 2480 4208 multo
2534 4145 2712 4233 apud
