3044 4788
564 364 700 430 DE
749 360 1260 429 PRAETORE
1308 359 2050 428 PROVINCIALI.
2232 359 2368 455 525)

252 482 452 546 tiabat
479 505 492 545 :
519 483 571 544 si
597 476 1204 567 comperendinatus
1238 499 1417 558 reus,
1449 494 1563 540 aut
1589 478 1883 566 ampliata
1910 502 2099 546 causa
2126 481 2373 564 fuisset,

253 585 533 651 secunda
578 587 744 649 actio
783 582 1273 663 instituebatur3
1326 583 1427 646 vel
1460 583 1688 664 etiam,
1735 585 1786 647 si
1823 607 2081 650 necesse
2117 587 2376 670 fuisset,

255 694 473 771 tertia,
511 691 732 755 saltem
768 690 836 753 in
872 687 1300 776 ampliatione.
1343 688 1514 751 Tum
1553 685 1634 751 de
1669 689 1924 778 integro
1955 707 2066 754 aut
2092 692 2382 770 absolve-

254 799 401 879 bat,
439 813 551 860 aut
583 794 1090 870 condemnabat,
1125 811 1321 882 atque
1349 794 1415 856 in
1439 792 1947 859 condemnatum
1981 797 2382 862 animadver-

252 902 427 966 tebat
476 917 730 989 praetor.
770 900 938 963 Sunt
976 899 1044 961 in
1073 898 1362 961 Verrinis
1411 898 1534 961 tria
1575 899 1770 980 hujus
1812 903 2062 988 generis
2092 902 2380 983 judicia:

253 1010 349 1072 De
383 1006 790 1087 Philodamo,
837 1005 1101 1069 Nerone
1134 1003 1294 1067 Asiae
1336 1020 1610 1091 praetore
1645 1006 1966 1084 judicium
2008 1027 2384 1090 exercente,

253 1115 362 1179 lib.
393 1115 459 1194 I,
513 1136 648 1201 cap.
689 1111 768 1175 25
820 1127 885 1174 et
929 1130 1106 1196 seqq.
1153 1110 1248 1172 De
1298 1109 1614 1196 Sopatro,
1663 1111 1772 1173 lib.
1808 1112 1905 1194 11,
1964 1136 2102 1201 cap.
2143 1113 2246 1179 28.
2286 1117 2386 1179 De

253 1220 555 1299 StheniO,
584 1215 740 1281 ibid.
775 1239 911 1304 cap.
945 1215 1049 1292 34.
1074 1215 1151 1277 In
1174 1214 1275 1277 his
1304 1213 1566 1291 duobus
1591 1215 1920 1302 quaerebat
1934 1217 2185 1285 Verres,
2218 1221 2383 1303 Quae

247 1324 487 1404 judicia
519 1344 915 1409 quamquam
946 1343 982 1383 a
1010 1321 1319 1384 Cicerone
1352 1335 1428 1383 ut
1450 1342 1787 1408 perperam
1811 1322 1982 1386 facta
1999 1324 2386 1407 afferuntur,

254 1447 473 1493 tamen
506 1424 823 1506 ejusmodi
856 1441 1046 1506 sunt,
1080 1442 1157 1489 ut
1186 1440 1466 1488 veterem
1500 1426 1917 1514 publicorum
1957 1428 2023 1489 in
2054 1431 2386 1514 provincia

250 1534 640 1615 judiciorum
675 1530 1209 1596 consuetudinem
1236 1531 1556 1595 illustrare
1595 1532 1891 1619 possint3
1924 1516 2107 1612 cujus
2138 1536 2229 1597 rei
2262 1559 2385 1599 no-

259 1640 458 1702 titiam
493 1636 774 1725 alioquin
823 1637 1080 1700 haurire
1116 1635 1404 1716 aliunde,
1460 1636 1584 1699 nisi
1636 1652 1946 1724 concepta
1996 1660 2075 1700 ex
2124 1640 2387 1703 urbanis

249 1744 505 1825 judiciis
543 1745 949 1822 conjectura,
998 1765 1132 1805 non
1166 1764 1528 1831 possemuS.

343 1851 460 1912 His
509 1848 715 1911 tribus
760 1845 1158 1927 judiciorum
1203 1846 1511 1935 exemplis
1555 1863 1858 1933 quartum
1910 1848 2101 1911 etiam
2150 1847 2388 1914 addere

256 1976 633 2043 possumus,
656 1968 949 2016 veterum
984 1952 1184 2015 literis
1218 1951 1285 2013 in
1314 1951 1540 2039 primis
1572 1952 1989 2034 celebratum,
2012 1952 2094 2018 de
2122 1956 2391 2019 muliere

258 2062 616 2148 Smyrnaea,
661 2082 805 2145 quae
841 2057 987 2138 filii,
1034 2080 1230 2145 quem
1265 2080 1341 2120 ex
1378 2058 1595 2145 priore
1629 2058 1859 2121 marito
1891 2077 2256 2147 peperemt,
2290 2060 2392 2123 ul-

258 2163 537 2229 ciscendi
571 2186 795 2243 causa,
822 2163 1033 2225 virum
1065 2179 1128 2226 et
1158 2161 1363 2225 filium
1399 2185 1473 2225 ex
1510 2186 1587 2226 eo
1621 2163 1947 2250 genitum,
1980 2166 2251 2229 venenis
2289 2167 2391 2229 in-

258 2273 607 2335 terfecerat.
644 2269 846 2349 Cujus
880 2260 1163 2333 criminis
1197 2266 1516 2355 postulata
1539 2291 1747 2355 quum
1771 2268 2001 2333 fuisset
2028 2269 2201 2358 apud
2228 2272 2390 2335 Asiae

256 2375 708 2465 proconsulem
752 2372 1181 2450 Dolabellam,
1236 2373 1329 2453 is,
1382 2372 1533 2460 quia
1585 2396 1780 2437 nemo
1826 2397 1904 2437 ex
1953 2375 2226 2438 consilio
2273 2399 2395 2441 suo

260 2480 643 2546 sententiam
678 2481 843 2542 ferre
878 2480 946 2541 in
983 2501 1174 2542 causa
1208 2493 1341 2540 tam
1376 2477 1638 2564 ancipiti
1671 2476 1976 2559 auderet,
2027 2502 2164 2542 rem
2197 2482 2396 2545 Athe-

262 2609 374 2650 nas
406 2583 487 2650 ad
522 2584 917 2672 areopagitas
954 2583 1193 2662 rejecit.
1225 2582 1341 2662 Hi,
1372 2604 1566 2644 causa
1596 2582 1887 2670 cognita,
1921 2583 2256 2647 mulierem
2277 2635 2294 2666 ,
2330 2603 2395 2650 et

263 2717 412 2758 eum
447 2718 483 2758 a
517 2715 652 2781 quo
687 2691 1129 2774 accusabatur,
1168 2690 1521 2756 centesimo
1554 2707 1701 2777 post
1736 2714 1910 2755 anno
1943 2691 2164 2756 adesse
2185 2692 2395 2772 jusse-

261 2817 438 2865 runt.
467 2801 601 2863 Val.
627 2798 1008 2877 Max.V111,
1048 2821 1101 2861 1.
1124 2801 1199 2862 A.
1231 2795 1392 2861 Gell.
1427 2795 1588 2876 XII,
1620 2819 1680 2882 7.
1714 2799 1926 2861 Amm.
1967 2797 2249 2863 Marcell.
2283 2800 2393 2865 lib.

263 2908 507 2970 XXIX.
532 2907 629 2969 Ex
654 2907 782 2984 hoc
815 2904 1108 2990 exemplo
1137 2902 1514 2981 Dolabellae,
1551 2903 1646 2963 uti
1679 2924 1754 2964 ex
1791 2902 2037 2990 aliquot
2060 2904 2391 2970 Ciceronis

264 3013 420 3077 locis
452 3012 702 3076 elicitur
734 3010 800 3072 in
853 3032 1083 3096 magna
1126 3031 1337 3072 causae
1373 3007 1765 3071 obscuritate
1793 3006 2102 3095 praetores
2134 3032 2392 3075 causam

266 3118 390 3181 alio
424 3116 686 3196 rejicere
719 3115 1030 3204 potuisse.

349 3224 562 3310 Atque
594 3223 730 3285 haec
760 3222 891 3286 sint
923 3218 1003 3283 de
1033 3206 1410 3308 *provinciali
1444 3220 1838 3307 privatarum
1874 3241 1948 3283 ac
1971 3220 2391 3307 *publicarum

266 3349 604 3390 causarum
638 3326 1029 3432 cognitione).
1053 3326 1173 3389 Hic
1210 3341 1425 3388 autem
1459 3341 1704 3412 quaeret
1734 3325 2001 3388 fortasse
2036 3326 2284 3413 aliquiS,
2310 3348 2391 3389 an

266 3457 454 3508 vero,
488 3456 693 3520 quum
727 3434 793 3496 in
831 3455 961 3496 una
996 3433 1323 3520 provincia
1345 3479 1362 3512 ,
1389 3455 1463 3495 ac
1494 3455 1661 3519 soepe
1695 3430 1982 3513 duabuS,
2011 3448 2124 3495 aut
2157 3432 2396 3514 tribus,

265 3555 503 3627 praetor
539 3560 708 3602 unus
747 3539 878 3617 juri
910 3535 1196 3601 dicundo
1228 3553 1559 3624 praeesset,
1598 3538 1736 3624 ipse
1783 3538 1848 3599 in
1885 3537 2078 3600 tantis
2111 3560 2391 3626 occupa-

268 3645 559 3707 tionibus
594 3661 767 3708 tanta
802 3666 938 3707 esse
974 3643 1303 3732 diligentia
1329 3642 1635 3730 potuerit,
1672 3659 1745 3706 ut
1774 3665 2055 3731 praesens
2088 3644 2397 3709 omnibus

261 3750 368 3830 jus
400 3750 815 3837 poscentibus
846 3748 1288 3813 satisfaceret?
1349 3749 1616 3811 minime
1652 3771 1846 3812 vero:
1885 3748 2001 3812 sed
2033 3749 2280 3814 vicariis
2314 3750 2397 3814 ad

272 3879 413 3919 eam
450 3878 589 3920 rem
637 3877 792 3919 usus
828 3871 926 3919 est
968 3855 1229 3935 multis,
1277 3877 1511 3942 nempe
1547 3853 1803 3944 legatis,
1840 3871 2192 3943 quaestore;
2229 3877 2399 3919 non·
2453 3869 2458 3874 '

273 3986 632 4050 numquam
655 3963 847 4026 etiam
871 3962 1037 4044 aliis,
1066 3961 1304 4050 quibus
1327 3963 1463 4051 ipse
1490 3978 1739 4049 partem
1777 3984 1908 4027 suae
1933 3960 2401 4043 jurisdictionis

274 4067 622 4133 mandavit.
663 4067 740 4132 Id
767 4067 1194 4131 confirmatur
1223 4068 1598 4133 testimonio
1629 4068 1961 4132 Ciceronis
1993 4091 2111 4156 pro
2138 4066 2368 4131 Flacco
2386 4114 2405 4148 ,

472 4178 525 4243 1.
584 4192 671 4236 Cic.
690 4206 803 4253 pars
824 4189 1034 4237 secunda·
2135 4172 2225 4256 34
