3044 4788
710 416 850 512 498
1190 445 1256 501 -‚
1345 414 1439 480 Μ.
1470 394 1563 477 ΝΤ.
1619 408 2176 477 clcssssoms

709 538 966 634 gratias
1001 535 1116 606 isti
1152 544 1490 631 egerunt:
1535 529 2025 625 Carpinatium
2071 550 2256 623 saepe
2300 524 2388 597 ad
2439 552 2522 597 se
2565 525 2674 596 de
2723 529 2863 621 ejuz

708 645 962 717 officiis
999 645 1234 715 literas
1267 641 1538 713 misisse
1572 636 1928 717 dixerunt.

808 759 1052 827 LXXI.
1091 757 1228 823 Iste
1266 774 1494 847 quum
1537 746 2066 844 respondisset,
2129 768 2204 815 se
2248 770 2334 815 ea
2369 744 2720 816 libenter
2767 745 2857 817 fe·

707 872 921 951 cisse,
951 885 1352 960 operasque
1379 858 1770 954 Carpinatii
1803 880 2240 979 magnopere
2275 854 2701 939 laudassem
2743 855 2857 925 dat

677 979 936 1049 'amico
978 998 1110 1045 suo
1152 966 1438 1042 cuidam
1471 968 1885 1064 negotium,
1923 968 2052 1062 qui
2102 980 2255 1035 tum
2304 968 2673 1062 magister
2708 982 2854 1036 emt

706 1090 860 1183 ejus
891 1083 1283 1165 societatis,
1324 1093 1408 1151 ut
1443 1076 1826 1173 diligenter
1862 1091 2148 1148 caveret
2196 1091 2419 1172 atque
2460 1079 2850 1174 prospice·

704 1211 847 1281 ret,
893 1219 985 1264 ne
1037 1191 1212 1288 quid
1254 1202 1435 1260 esset
1475 1192 1552 1258 in
1603 1186 1824 1257 literis
1869 1188 2268 1270 sociorum,
2316 1184 2526 1281 quod
2588 1203 2846 1257 contra

702 1327 912 1376 suum
935 1316 1153 1399 caput
1170 1314 1385 1396 atque
1414 1297 2012 1367 existimationem
2040 1295 2266 1365 valere
2293 1310 2568 1391 posset.
2590 1301 2844 1393 Itaque

700 1416 819 1486 ille
843 1425 891 1500 ¹,
934 1409 1397 1483 multitudine
1436 1408 1795 1478 sociorum
1828 1419 2103 1477 remota
2124 1458 2144 1492 ,
2178 1405 2638 1477 decumanos
2669 1431 2841 1478 con·

701 1540 943 1597 vocat:
980 1547 1133 1595 rem
1171 1519 1423 1592 defert.
1474 1522 1817 1587 Statuunt
1861 1515 1957 1585 illi
2006 1529 2223 1612 atque
2260 1514 2723 1601 decernunt,
2765 1532 2838 1587 ut

699 1663 798 1708 eae
852 1635 1109 1719 literae,
1151 1629 1418 1728 quibus
1480 1628 1914 1719 existimatio
1974 1630 2053 1697 C.
2093 1627 2334 1696 Verris
2403 1625 2835 1711 laederetur‚

696 1755 1266 1825 removerentur,
1307 1760 1672 1834 operaque
1717 1735 2042 1821 daretur,
2082 1761 2174 1806 ne
2222 1760 2305 1805 ea
2344 1759 2462 1806 res
2503 1740 2589 1806 C.
2629 1740 2836 1807 Verri

696 1853 931 1927 fraudi
972 1875 1124 1923 esse
1171 1863 1431 1946 posset.
1486 1848 1560 1917 Si
1610 1844 1956 1928 ostend0‚
1994 1845 2134 1916 hoc
2171 1844 2575 1917 decrevisse
2615 1846 2829 1918 decu-

697 1988 985 2047 manos3
1028 1963 1086 2032 si
1129 1958 1424 2055 planum
1471 1955 1691 2044 faci0‚
1728 1956 1866 2027 hoc
1892 1954 2183 2027 decreto
2218 1971 2531 2027 remotas
2557 1983 2723 2029 esse
2755 1959 2830 2028 li·

695 2089 919 2144 teras:
951 2064 1127 2165 quid
1155 2067 1578 2163 exspectatis
1610 2065 1964 2163 amplius?
1996 2091 2385 2163 possumne
2411 2092 2566 2137 rem
2602 2070 2828 2166 magis

687 2181 1075 2281 judicatam
1108 2173 1391 2262 afferre,
1432 2181 1656 2272 magis
1683 2202 1892 2248 reum
1931 2176 2551 2248 condemnatum
2532 2203 2616 2247 m
2641 2179 2826 2272 judi·

688 2294 880 2375 cium
918 2258 1317 2371 adducere?
1367 2278 1457 2354 At
1506 2309 1822 2410 quorum
1874 2285 2151 2380 judicio
2206 2284 2826 2358 condemnatum³

692 2422 952 2496 nempe
1000 2406 1324 2481 eorum',
1380 2419 1566 2491 quos
1617 2397 1706 2484 ii,
1751 2398 1876 2493 qui
1925 2399 2280 2468 severiora
2315 2397 2591 2491 judicia
2644 2400 2820 2470 desi·

689 2510 978 2592 derant,
1016 2506 1453 2594 arbitrantur
1488 2531 1600 2578 res
1628 2506 1951 2602 judicare
1984 2523 2357 2605 oportere,
2387 2507 2815 2606 publicano-

684 2646 850 2693 rum
899 2619 1457 2715 judicio;,quos
1521 2615 1854 2688 videlicet
1914 2643 2112 2690 nunc
2177 2618 2494 2716 populus
2538 2620 2815 2714 judices

686 2733 950 2830 poscit3
991 2729 1080 2799 de
1130 2726 1435 2822 quibuS‚
1484 2741 1567 2796 ut
1611 2751 1736 2798 eos
1778 2727 2058 2821 judices
2108 2728 2537 2814 habeamus,
2586 2730 2813 2827 legem

686 2842 775 2913 ab
821 2834 1163 2910 homine³
1194 2860 1346 2914 nou
1389 2840 1617 2908 nostri
1655 2838 1973 2934 generis,
2005 2864 2151 2911 non
2188 2865 2272 2910 ex
2308 2845 2630 2937 equestri
2661 2843 2812 2913 loco

689 2947 1052 3046 profect0‚
1115 2944 1243 3015 sed
1314 2946 1802 3034 nobilissimo,
1873 2949 2400 3046 promulgatam
2463 2950 2807 3022 videmus,

685 3062 1119 3148 Decumani‚
1159 3060 1297 3132 hoc
1335 3076 1479 3151 est,
1528 3064 1890 3161 principes
1924 3081 1995 3135 et
2032 3069 2236 3162 quasi
2270 3079 2640 3137 senatores
2675 3093 2802 3166 pu·

749 3311 931 3360 mou.
960 3324 1001 3354 1.
1023 3306 1129 3353 me.
1167 3291 1403 3370 Magister
1428 3305 1511 3353 ille
1539 3308 1699 3353 socie·
1863 3325 1908 3357 α.
1952 3309 2138 3373 Nempe
2169 3323 2350 3356 eonem.
2396 3308 2630 3372 Equitum
2687 3328 2804 3359 ron.

680 3393 814 3451 tntis,
855 3397 1037 3436 remota
1072 3384 1443 3449 publicanorum
1482 3385 1698 3433 multitu·
1789 3405 1995 3453 quorum
2023 3403 2081 3436 ex
2107 3386 2281 3435 ordine
2302 3399 2442 3435 erant
2469 3388 2738 3452 publicani.

681 3475 823 3528 dine,
846 3481 1030 3518 tantum
1055 3468 1381 3526 decumanos,
1424 3469 1456 3516 i.
1476 3485 1520 3517 e.
1550 3469 1700 3514 socie-
1864 3467 1909 3517 3.
1957 3467 2032 3515 Ab
2076 3465 2284 3514 lucretiae.
2322 3468 2513 3530 Nempe
2556 3468 2656 3517 hoc
2707 3472 2806 3534 ipso

679 3551 789 3598 tntis
840 3548 1087 3613 principes
1139 3557 1188 3594 et
1235 3547 1372 3611 qnasi
1422 3556 1700 3603 senatores,
1788 3562 1918 3594 anno
1957 3545 2058 3593 683
2098 3546 2152 3594 C.
2192 3545 2419 3593 Aurelius
2454 3546 2598 3594 Cotta
2630 3559 2806 3612 prator

676 3642 731 3677 nt
753 3630 820 3675 ait
846 3627 1019 3676 Cicero
1036 3661 1050 3682 ,
1069 3636 1322 3675 convocat.
1347 3627 1565 3690 Apparet
1585 3626 1699 3673 inde
1787 3626 1938 3688 legem
1961 3625 2070 3674 tulit
2097 3636 2150 3672 ut
2173 3625 2357 3686 judicia
2383 3625 2510 3673 inter
2538 3640 2805 3677 senatores.

678 3711 802 3757 lianc
847 3705 1122 3752 societatem
1164 3706 1307 3752 etiam
1347 3705 1579 3752 decumas
1612 3705 1697 3753 ha-
1787 3715 2050 3768 equestrem
2069 3702 2294 3751 ordinem
2314 3739 2328 3761 ,
2347 3715 2396 3751 et
2414 3704 2643 3752 tribuum
2662 3708 2804 3754 erarii

676 3789 870 3838 buiue3
906 3793 989 3829 aut
1028 3785 1289 3844 generatim
1324 3783 1697 3846 publicanorum
1788 3784 2276 3831 communicat-entur.
2299 3781 2450 3845 Quod
2478 3800 2589 3832 eum
2613 3802 2718 3833 non
2743 3787 2805 3832 in·

680 3865 923 3933 principes
947 3859 1008 3907 nd
1032 3871 1156 3923 quos
1183 3861 1427 3908 societ-tis
1456 3861 1702 3911 reddenda
1788 3863 1975 3911 sensum
2023 3862 2244 3910 Patribus
2296 3861 2464 3909 secisse
2513 3862 2803 3912 demonstrat

676 3943 805 3994 ratio
826 3937 1122 4006 pertinebat,
1150 3938 1249 3986 hoc
1274 3938 1472 3989 nomine
1493 3942 1700 4007 appella·
1787 3953 1972 3999 orator,
2006 3942 2189 4006 qnippe
2213 3943 2295 4006 qui
2317 3942 2581 4005 patricius,
2613 3944 2716 3991 sola
2730 3945 2800 4009 ju·

680 4040 756 4074 tos
787 4023 949 4070 fuisse.
981 4016 1127 4082 Quod
1152 4019 1332 4068 certius
1357 4037 1458 4068 esse
1486 4018 1696 4072 ridetur.
1789 4021 2026 4069 diciorum
2066 4021 2260 4069 infamia
2293 4020 2356 4067 ad
2383 4021 2433 4069 id
2471 4006 2797 4071 adductus'sii

675 4107 751 4157 Cf.
773 4102 831 4151 ad
850 4102 970 4150 calc.
995 4110 1118 4148 orat.
1144 4099 1193 4148 h.
1212 4100 1334 4149 Exc.
1354 4101 1401 4147 11
1425 4101 1485 4148 dc
1501 4099 1693 4164 Vectig.
1789 4110 1843 4148 ut
1862 4097 2011 4164 legem
2032 4100 2375 4164 promulgaret.
