3044 4788
603 303 742 400 274
1248 293 1345 361 M.
1396 292 1475 361 T.
1529 285 2090 359 CICERONIS

596 447 796 510 rum,
828 419 1134 515 'suscipe
1184 436 1473 486 causam
1533 411 1958 492 severitatis,
2001 412 2427 507 integritatis
2448 464 2468 497 ,
2525 408 2764 497 fidei,

594 534 997 629 religionis3
1050 528 1337 622 suscipe
1364 545 1655 595 causam
1686 534 1979 592 senatus
2000 573 2020 606 ,
2064 535 2150 591 ut
2184 523 2243 592 is
2274 517 2418 592 hoc
2451 521 2764 616 judicio

594 643 977 744 probatus,
1004 658 1173 709 cum
1202 632 1483 732 populo
1521 653 1827 703 romano
1861 632 2036 701 etin
2059 629 2276 701 laude
2299 643 2372 702 et
2403 633 2480 701 in
2511 635 2763 727 gratia

593 778 748 826 esse
786 748 1034 849 possit.
1078 747 1335 843 Cogita
1356 797 1375 831 ,
1415 746 1549 841 qui
1589 745 1685 812 sis
1698 737 1748 829 ⁵,
1790 764 1943 838 quo
1976 740 2141 811 loco
2183 744 2310 828 sis,
2347 741 2531 838 quid
2564 742 2757 816 dare

589 861 870 961 populo
889 878 1194 929 romano
1205 851 1265 943 ⁶,
1292 851 1469 950 quid
1495 849 1800 923 reddere
1820 850 2252 947 maj0ribus⁷
2275 855 2420 923 tuis
2447 851 2759 943 debeas-»3

591 973 701 1045 fac
725 970 858 1043 tibi
876 983 1192 1068 paternae
1211 965 1388 1062 legis
1403 955 1675 1034 Aciliaess
1687 962 1930 1031 veniat
1944 962 2023 1031 in
2044 975 2392 1050 mentem,
2410 987 2558 1061 qua
2576 964 2753 1062 lege

589 1082 908 1182 populus
937 1099 1282 1148 romanus
1319 1072 1412 1145 de
1448 1071 1778 1170 pecuniis
1819 1068 2245 1168 repetundis
2284 1073 2584 1169 optimis
2612 1077 2751 1170 ju-

589 1194 794 1265 diciis
812 1246 831 1278 ,
856 1188 1469 1281 severissimisque
1488 1180 1862 1278 judicibus
1884 1204 2059 1253 usus
2087 1195 2217 1252 est.
2243 1184 2749 1256 Circumstant

586 1320 662 1376 te
694 1325 990 1374 summae
1027 1299 1490 1371 auctoritates
1510 1347 1531 1380 ,
1572 1316 1733 1389 quae
1767 1305 1839 1363 te
1870 1289 2201 1363 oblivisci
2225 1291 2460 1364 laudis
2485 1293 2747 1368 dome-

520 1416 528 1423 ’
586 1418 777 1487 sticae
805 1435 954 1483 non
988 1413 1266 1495 sinant3
1294 1427 1457 1502 quae
1486 1416 1558 1474 te
1588 1401 1747 1474 dies
1769 1416 2171 1500 noctesque
2190 1423 2743 1493 commoneant,

585 1523 1055 1596 fortissimum
1089 1519 1222 1591 tibi
1249 1529 1564 1616 patrem,
1602 1516 2212 1612 sapientissimum
2241 1537 2456 1586 avum
2469 1527 2528 1605 ⁹,
2564 1541 2739 1614 gra-

581 1638 956 1707 vissimum
996 1652 1331 1702 socerum
1374 1624 1616 1697 fuisse.
1660 1628 1906 1717 Quare
1944 1626 2003 1695 si
2045 1624 2465 1697 Glabrionis
2502 1631 2738 1725 patris

581 1747 728 1816 vim
766 1758 841 1816 et
866 1739 1335 1814 acrimoniam
1363 1739 1643 1834 ceperis
1669 1735 1761 1807 ad
1788 1734 2271 1807 resistendum
2297 1735 2733 1812 hominibus

580 1834 1112 1936 audacissimi83
1164 1849 1225 1918 si
1264 1848 1378 1918 avi
1431 1847 1761 1918 Scaevolae
1804 1844 2264 1944 prudentiam
2301 1846 2394 1920 ad
2436 1852 2728 1949 prospi-

579 1963 870 2038 ciendas
901 1957 1197 2030 insidias
1219 2010 1239 2045 ‚
1266 1982 1426 2055 quae
1459 1971 1600 2028 tuae
1628 1972 1847 2055 atque
1879 1956 2146 2027 horum
2176 1954 2382 2028 famae
2424 1982 2729 2059 compa-

580 2089 874 2159 rantur3
908 2072 966 2140 si
991 2069 1221 2141 soceri
1256 2071 1505 2140 Scauri
1543 2071 2055 2155 constantiam,
2086 2082 2171 2140 ut
2200 2092 2296 2140 ne
2324 2073 2488 2167 quis
2531 2085 2602 2142 te
2631 2071 2723 2144 de

577 2207 748 2255 vera
805 2196 878 2253 et
934 2194 1126 2252 certa
1182 2181 1410 2277 possit
1467 2182 1827 2250 sententia
1891 2177 2318 2267 demovere;
2370 2180 2723 2279 intelliget

577 2293 899 2394 populus
954 2313 1337 2378 romanus,
1403 2290 1869 2385 integerrimo
1928 2302 2147 2385 atque
2203 2288 2719 2361 honestissimo

572 2418 918 2504 praetore,
954 2401 1388 2498 delectoque
1428 2400 1765 2478 consilio,
1804 2401 2098 2471 nocenti
2124 2423 2254 2470 reo
2285 2402 2719 2498 magnitudi-

575 2538 747 2588 nem
784 2515 1112 2612 pecuniae
1144 2511 1310 2610 plus
1340 2508 1681 2581 habuisse
1721 2511 2077 2580 momenti
2108 2509 2196 2581 ad
2231 2511 2715 2608 suspicionem

574 2626 932 2712 criminiS,
974 2642 1195 2720 quam
1235 2618 1327 2691 ad
1374 2622 1726 2691 rationem
1763 2619 2031 2689 salutis.

2414 365 2421 372 n

649 2920 698 2969 5.
718 2917 873 2967 Abest
904 2918 1028 2981 «qui
1048 2916 1154 2965 sis»
1180 2915 1242 2964 ab
1271 2914 1461 2978 aliquot
1486 2912 1601 2961 edd.
1691 2910 1906 2971 solvere,
1942 2913 2038 2960 nisi
2074 2912 2365 2976 ampliarent
2394 2913 2603 2975 judices.
2638 2917 2713 2966 cf.

574 3012 623 3050 et
652 2998 796 3048 MSS.
831 2995 1083 3045 Addidere
1108 2995 1300 3043 Victor.
1329 3005 1380 3041 et
1409 2994 1601 3041 Manat.
1690 2991 1831 3041 Verr.
1850 2993 1897 3051 1,
1933 3008 1965 3055 9
1983 3027 1997 3051 ,
2037 3002 2087 3039 et
2114 2992 2228 3040 Ind.
2246 2995 2364 3057 Leg.
2389 2995 2619 3043 Ceterum
2645 2997 2712 3043 si-

571 3093 621 3129 et
657 3077 837 3135 ceteri,
880 3074 966 3123 sed
999 3074 1102 3122 sine
1142 3072 1295 3121 altero
1339 3069 1435 3127 sis,
1464 3070 1602 3133 quod
1690 3069 1890 3134 gnificat
1918 3071 1973 3119 id
2004 3068 2262 3119 Glabrioni
2287 3072 2558 3121 <avendum
2586 3091 2712 3131 esse,

572 3162 764 3208 Ernest.
792 3167 908 3221 post
936 3156 1102 3205 Graev.
1125 3152 1356 3201 restituit.
1374 3151 1406 3197 J
1412 3151 1506 3200 .V.
1542 3153 1596 3198 L.

568 3267 639 3277 —-
660 3239 768 3302 Quo
803 3235 911 3284 Ioco
937 3234 1000 3282 ad
1028 3230 1240 3279 tribunal
1274 3230 1418 3277 refert
1441 3231 1598 3276 Asco-

569 3319 680 3365 nius
696 3350 711 3375 ,
734 3315 798 3363 sd
825 3313 1115 3378 dignitatem
1140 3308 1393 3357 Manutius
1414 3320 1428 3355 :
1460 3306 1598 3371 quod

568 3397 719 3443 satius
746 3393 959 3440 videtur.
1316 3411 1320 3413 ·

641 3475 693 3522 6.
725 3474 856 3519 Dare
875 3469 1065 3534 populo
1103 3482 1223 3516 mm.
1242 3464 1342 3527 Qui
1363 3464 1454 3514 tibi
1473 3480 1596 3530 prn-

568 3563 725 3601 turam
751 3547 1018 3596 mandavit.

640 3646 685 3690 7.
711 3626 930 3675 Reddere
955 3623 1239 3690 majoribus.
1263 3622 1420 3684 Quam
1444 3624 1506 3672 ab
1534 3626 1594 3673 iis

563 3707 758 3759 landem
780 3704 1014 3769 accepisti
1029 3736 1045 3761 ,
1072 3699 1294 3749 eamdem
1319 3702 1485 3750 redde.

636 3790 683 3836 8.
713 3783 849 3850 Legis
875 3781 1067 3830 Acilia.
1098 3777 1408 3844 significatur
1428 3782 1506 3830 lex
1534 3782 1597 3831 de

568 3863 881 3931 repetundis,
918 3873 1065 3930 quam
1104 3858 1219 3907 tulit
1264 3858 1410 3919 hujus
1456 3873 1596 3925 pater

563 3945 790 3995 tribunus
818 3940 1002 4006 plebis,
1043 3953 1141 4003 qua
1183 3937 1360 3987 licebat
1385 3977 1400 4003 ,
1445 3943 1593 3991 semel

562 4029 693 4076 dicta
714 4037 873 4084 eausa,
899 4036 1035 4069 reum
1062 4019 1387 4090 condemnare
1407 4033 1493 4071 sut
1511 4024 1593 4071 ab·

1685 3167 1748 3198 ne
1773 3151 1901 3216 patri
1937 3149 2070 3198 filius
2108 3150 2260 3211 desit,
2302 3152 2384 3199 cui
2415 3151 2562 3213 hujus
2593 3154 2711 3218 legis

1685 3232 1873 3297 auctori
1900 3230 2177 3279 alienissimi
2204 3248 2311 3281 non
2347 3231 2622 3282 defuerunt.

1756 3325 1809 3373 9.
1868 3312 2045 3360 Aoum.
2110 3312 2382 3360 scevolam
2429 3313 2709 3363 Glabrionis

1685 3405 1830 3437 avum
1862 3399 2161 3449 maternum,
2196 3391 2323 3451 juris
2347 3392 2707 3455 peritissimum.

1685 3496 1752 3506 —
1774 3471 2019 3518 Socerum.
2054 3471 2129 3519 M.
2162 3470 2410 3519 AEmilinm
2447 3474 2709 3534 Scaurum,

1683 3548 1843 3595 virum
1874 3549 2203 3611 consularem,
2233 3561 2284 3598 et
2305 3558 2501 3600 senatus
2523 3554 2707 3615 prinel-

1682 3640 1795 3693 pem
1809 3644 1824 3686 3
1849 3643 1996 3691 quem
2012 3644 2143 3676 unus
2156 3628 2413 3678 Sallustius
2430 3629 2485 3677 in
2496 3633 2529 3680 J
2530 3646 2615 3695 ug.
2632 3633 2709 3691 15,

1680 3717 1739 3755 nt
1761 3709 1982 3771 pecunioe
2002 3743 2018 3766 ,
2040 3708 2272 3767 honoris,
2294 3719 2388 3757 ete.
2407 3708 2609 3758 avidum
2628 3711 2709 3759 de-

1683 3784 1875 3844 scribit,
1919 3787 2067 3835 eeteri
2098 3787 2361 3852 scriptores
2399 3798 2457 3836 nt
2493 3790 2706 3853 gravissi·

1682 3881 1815 3913 mum
1846 3877 1896 3915 et
1929 3865 2360 3932 prudentissimum
2394 3868 2611 3917 landant.
2636 3872 2707 3918 De

1679 3944 1767 3994 illo
1793 3945 1893 3994 vid.
1916 3948 1977 3995 C.
1992 3946 2054 3996 V.
2074 3946 2149 3994 De
2172 3948 2369 3995 Bmsses
2386 3980 2403 4003 ,
2441 3957 2483 3997 t.
2518 3950 2704 4007 XXIV,

1680 4026 1826 4074 Mem.
1840 4025 1901 4074 de
1919 4026 2121 4077 I'Acad.
2138 4025 2223 4075 des
2242 4026 2464 4090 lnxnpe.
