3044 4788
656 417 795 488 268
1302 420 1398 485 M.
1452 418 1531 484 T.
1580 417 2143 487 CICERONIS

642 546 728 632 Q.
784 541 1168 610 Hortensio
1223 552 1568 636 praetore,
1623 536 1715 607 de
1784 540 2114 634 pecuniis
2181 535 2641 635 repetundis,
2716 537 2806 610 lis

639 654 1010 724 aestimata⁷
1040 652 1132 719 sit
1155 672 1244 719 eo
1277 645 1827 744 nomine,quod
1857 645 1976 718 ille
2006 645 2105 716 ob
2138 670 2296 716 rem
2322 645 2807 740 judicandam

648 763 1035 860 pecuniam
1071 759 1502 857 accepisset3
1553 755 1755 854 quod
1792 760 1871 826 in
1914 761 1993 828 C.
2029 758 2393 828 Herennio
2415 811 2434 843 ‚
2479 745 2687 854 quod
2723 762 2804 828 in

645 877 723 944 C.
756 869 1097 968 Popillio,
1135 867 1630 955 senatoribu5‚
1663 870 1791 965 qui
1826 866 2044 939 ambo
2065 867 2443 966 peculatus
2471 867 2803 939 damnati

646 996 856 1068 sunt3
891 978 1090 1078 quod
1123 981 1200 1049 in
1231 984 1329 1050 M.
1353 979 1643 1064 Attilio,
1682 981 1808 1075 qui
1841 975 1933 1048 de
1963 978 2332 1073 majestate
2352 973 2382 1019 ⁸
2412 976 2804 1049 damnatus

648 1106 788 1180 est,
846 1091 985 1163 hoc
1025 1092 1324 1190 planum
1361 1088 1635 1162 factum
1674 1103 1782 1160 est
1798 1101 1853 1175 9,
1900 1114 2026 1161 eos
2066 1092 2452 1186 pecuniam
2497 1088 2595 1159 ob
2641 1113 2798 1160 rem

639 1199 1100 1300 judicandam
1128 1203 1527 1298 accepisse3
1561 1193 1764 1296 quod
1790 1201 2070 1270 inventi
2109 1213 2281 1270 sunt
2309 1213 2679 1276 senatores
2712 1211 2800 1286 ¹⁰,

646 1315 810 1408 qui,
847 1317 918 1383 C.
950 1315 1177 1383 Verre
1217 1324 1522 1408 praetore
1570 1306 1851 1379 urbano
1884 1310 2230 1379 sortiente
2259 1320 2314 1352 ¹¹
2344 1363 2365 1397 ‚
2401 1313 2684 1381 exirent
2720 1311 2800 1379 in

645 1447 816 1493 eum
845 1445 1307 1518 reum‚quem
1338 1420 1706 1517 incognita
1735 1443 1949 1491 causa
1968 1417 2574 1507 condemnat-enm
2595 1420 2800 1517 quod

649 1534 982 1604 inventus
1032 1529 1225 1630 [est]
1272 1540 1678 1617 senatui-¹²,
1730 1533 1860 1628 qui
1911 1555 2140 1627 quum
2175 1529 2404 1628 judex
2451 1545 2678 1616 esset,
2723 1535 2800 1602 in

629 1629 906 1713 'eodem
941 1641 1214 1738 judicio
1264 1656 1340 1712 et
1378 1638 1471 1711 ab
1521 1665 1649 1711 reo
1700 1643 2083 1738 pecuniam
2124 1642 2525 1739 acciperet,
2571 1666 2796 1738 quam

651 1752 1016 1848 judicibus
1053 1751 1441 1839 divideret,
1487 1766 1563 1822 et
1605 1750 1698 1822 ab
1736 1765 2186 1838 accusatore,
2223 1766 2303 1821 ut
2344 1776 2552 1823 reum
2595 1751 2799 1822 dam-

659 1878 884 1936 naret.
914 1868 1069 1934 Jam
1107 1885 1281 1933 vero
1311 1860 1688 1959 quomodo
1727 1860 1924 1932 illam
1969 1861 2246 1949 labem,
2283 1862 2759 1959 ignominiam
2781 1918 2803 1948 ‚

659 1974 1279 2069 calamitatemque
1317 1973 1538 2043 totius
1566 1973 1844 2043 ordinis
1880 1973 2333 2069 conquerar?
2361 1971 2503 2043 hoc
2526 1970 2805 2043 factum

661 2110 815 2157 esse
849 2087 921 2153 in
954 2082 1090 2153 hac
1126 2085 1445 2172 civitate,
1477 2107 1711 2181 quum
1748 2085 2154 2177 senatorius
2186 2082 2371 2154 ordo
2405 2082 2804 2179 judicaret,

656 2307 850 2355 cuniam
864 2341 879 2366 ,
895 2325 1042 2392 quam
1057 2310 1124 2358 ob
1143 2328 1218 2360 res
1230 2309 1519 2374 judicandas
1539 2329 1677 2362 acce·

660 2397 862 2453 perant,
886 2389 1154 2442 redderent.

1767 2310 1987 2361 culauius
2014 2310 2225 2364 Falcula.
2247 2311 2369 2362 Vid.
2383 2327 2477 2376 pro
2500 2312 2686 2362 Caeein.
2710 2328 2802 2374 ¹⁰3

728 2483 754 2529 7
763 2501 776 2515 .
793 2468 872 2517 Lis
883 2471 1135 2521 oeseimata.
1149 2476 1208 2521 In
1219 2473 1321 2521 litis
1337 2472 1678 2536 aestimatione,

655 2563 759 2596 non
777 2550 948 2599 omissa
966 2552 1112 2601 flierit
1128 2564 1326 2616 accepta
1348 2553 1574 2618 pecunia,
1587 2563 1679 2602 etc.

663 2628 815 2675 Liceat
852 2631 1093 2680 ‹estimat-e
1104 2668 1124 2692 ,
1174 2643 1248 2680 est
1282 2631 1485 2680 definire
1539 2649 1682 2697 pecu-

660 2709 813 2767 niam,
842 2708 904 2757 de
930 2726 1021 2773 qna
1053 2712 1113 2759 lis
1139 2723 1240 2770 est,
1261 2727 1494 2760 summam
1525 2713 1680 2761 facere

659 2788 880 2835 omnium
906 2805 1011 2852 quae
1040 2791 1323 2839 a-damnato
1347 2807 1431 2838 reo
1453 2801 1681 2855 repetun-

663 2877 760 2915 tur.
798 2867 879 2915 Sic
909 2868 992 2916 ini.
1014 2870 1093 2919 18.
1121 2873 1278 2919 Porro
1314 2871 1572 2919 aestimatio
1599 2869 1683 2918 fie-

662 2943 748 2991 bat
794 2960 900 2992 non
940 2948 1094 2995 solum
1140 2964 1200 2996 cx
1245 2949 1393 2998 titulo
1435 2949 1682 3013 propositi

662 3024 909 3084 criminis,
935 3026 1016 3074 sed
1036 3028 1181 3075 etiam
1208 3045 1270 3076 cx
1296 3029 1402 3077 aliis
1428 3028 1682 3093 probatio-

662 3103 832 3161 nibus,
860 3121 971 3169 quae
1002 3122 1054 3156 cx
1079 3119 1191 3156 aute
1221 3108 1344 3155 actis
1369 3099 1515 3156 rebus
1549 3108 1681 3171 apud

655 3184 846 3247 judices
875 3187 1180 3236 constiterint
1201 3204 1214 3235 :
1240 3187 1292 3235 hi
1312 3187 1566 3251 peculatus
1587 3189 1681 3234 cri·

660 3265 791 3314 mine
811 3267 1091 3332 proposito,
1112 3268 1258 3316 etiam
1277 3283 1397 3331 quas
1409 3266 1683 3327 judicando

658 3346 892 3410 pecunias
915 3358 1222 3411 acceperant,
1251 3344 1589 3395 reddiderunt.

731 3425 780 3471 8.
806 3426 1076 3490 Majestate.
1099 3425 1338 3491 Masatos
1361 3435 1435 3472 est
1460 3424 1686 3489 quaedam

663 3504 951 3566 magnitudo
980 3506 1148 3569 populi
1186 3521 1310 3552 rom.
1346 3519 1403 3551 ac
1441 3504 1685 3568 dignitas,

660 3596 772 3644 qua
789 3584 951 3630 omnia
961 3586 1065 3645 jara
1079 3583 1254 3631 summi
1269 3583 1462 3646 imperii
1476 3584 1686 3649 comple·

664 3662 840 3721 ctitur3
857 3678 1000 3726 quam
1014 3666 1100 3729 qui
1121 3664 1415 3721 contemnit,
1428 3673 1514 3711 aut
1533 3664 1686 3723 laedit,

665 3740 926 3805 majestatis
942 3744 1138 3791 crimine
1157 3753 1371 3793 tenetur.
1383 3743 1513 3792 vide
1528 3743 1688 3792 Indic.

737 3835 791 3881 9.
820 3819 1024 3879 Schutz,
1061 3822 1281 3870 «sactum
1323 3823 1466 3872 sit...
1498 3826 1688 3872 inventi

665 3898 882 3947 Sint...»
909 3902 962 3949 J.
986 3904 1040 3949 v.
1070 3903 1123 3948 L.

749 3994 824 4025 10.
850 3980 1119 4028 Senatores.
1166 3981 1481 4044 Hyperbole,
1515 3980 1577 4027 ad
1615 3998 1694 4028 au-

674 4056 880 4120 gendam
908 4071 1097 4107 senatus
1128 4059 1379 4110 invidiam.
1419 4062 1560 4109 Unus
1586 4071 1694 4108 tan-

673 4149 775 4187 tum
795 4151 991 4188 senator
1008 4139 1350 4207 intelligendus
1367 4152 1437 4191 eat
1449 4178 1463 4203 ,
1491 4141 1550 4192 C.
1570 4141 1695 4191 Fidi·

1763 2410 1858 2458 pro
1884 2393 2081 2443 Cluent.
2104 2394 2192 2454 37.

1846 2490 1927 2521 ιι.
1964 2473 2218 2524 Sor-ciente.
2263 2476 2356 2522 Jus
2387 2472 2599 2519 dicente.
2643 2470 2819 2530 Cujus,

1768 2551 1921 2602 officii
1959 2568 2073 2617 pars
2110 2562 2184 2599 est
2220 2550 2415 2600 sortitio
2450 2550 2694 2610 judicum.
2729 2576 2803 2585 —-

1767 2631 1992 2679 Exit-ent.
2020 2634 2153 2679 Irent
2183 2631 2416 2680 adversm
2454 2645 2610 2677 reum.
2646 2629 2803 2676 Porro

1768 2711 1822 2759 iu
1858 2711 2048 2771 judicio
2088 2707 2378 2775 Oppianici,
2422 2724 2578 2772 quum
2618 2725 2681 2758 ex
2716 2708 2803 2756 tri·

1771 2791 1905 2854 ginta
1958 2790 2156 2839 duobus
2212 2789 2464 2851 iudicibus
2480 2823 2496 2847 ‚
2550 2787 2801 2836 sexdecim

1771 2870 2159 2934 corrumpendos
2219 2868 2507 2933 suscepisset
2567 2867 2798 2915 Staienus

1764 2948 1938 3011 judex,
1958 2949 2062 3013 ipsc
2082 2948 2299 2998 decimus
2317 2947 2556 3012 septimun
2577 2947 2795 3003 futui-un

1769 3039 1817 3075 et
1834 3044 1896 3076 ex
1912 3029 1999 3076 illo
2017 3036 2222 3077 numero
2242 3045 2368 3076 unus
2388 3028 2593 3088 deesset,
2619 3027 2672 3074 in
2694 3028 2801 3088 ejus

1767 3107 1935 3155 locum
1986 3109 2047 3158 C.
2093 3107 2422 3156 Fidiculanius
2468 3106 2692 3163 Falcula,
2739 3104 2799 3152 ad

1770 3186 2110 3251 complendam
2127 3187 2392 3250 Oppianici
2413 3186 2774 3234 damnationem
2786 3220 2800 3241 ,

1771 3269 2023 3316 dicebatur
2040 3266 2186 3313 fuisse
2212 3266 2380 3314 subito
2404 3265 2705 3330 suppositus.
2728 3265 2800 3311 De

1769 3347 1848 3395 his
1878 3356 1927 3394 et
1951 3360 2087 3407 seqq.
2110 3344 2220 3392 vide
2252 3361 2346 3408 pro
2383 3344 2577 3394 Cluent.
2596 3341 2683 3403 37,
2715 3342 2801 3390 ubi

1773 3437 1939 3474 orator
1980 3424 2222 3471 contraria
2266 3423 2386 3472 dicit
2406 3457 2422 3482 ,
2467 3434 2516 3472 et
2558 3421 2801 3470 Falculam

1773 3504 1979 3553 omnino
2002 3513 2221 3551 excusat.

1852 3598 1931 3630 12.
1956 3584 2179 3629 Senator.
2215 3584 2274 3632 C.
2297 3582 2451 3629 AElius
2472 3581 2713 3629 Staienus.
2731 3606 2804 3617 —

1775 3664 1853 3712 Ab
1878 3678 1979 3711 reo.
2010 3661 2467 3726 Oppianico.—Ab
2491 3671 2801 3707 accusatore.

1777 3742 2024 3792 Cluentio.
2054 3740 2152 3789 Sed
2189 3740 2242 3787 in
2282 3757 2362 3797 ea,
2392 3755 2489 3803 qua
2523 3739 2801 3789 Cluentium

1780 3821 2022 3878 defendit,
2049 3820 2301 3881 oratione,
2339 3835 2364 3866 a
2390 3834 2474 3866 reo
2507 3829 2697 3867 tantum
2725 3817 2804 3864 da·

1780 3913 1876 3950 tam
1909 3901 2165 3967 pecuniam
2195 3898 2357 3947 studet
2393 3898 2622 3961 probare.
2645 3896 2801 3946 Sei-vit

1786 3980 1932 4045 igitur
1950 3982 2144 4042 utrique
2169 3995 2352 4034 causae,
2376 3990 2525 4042 prout
2554 3977 2803 4042 postulant

1784 4073 2025 4126 tempora,
2053 4058 2242 4106 Tullius
2271 4072 2285 4106 ε
2324 4058 2429 4116 hic,
2468 4069 2523 4104 ut
2561 4067 2803 4104 senatores

1785 4153 1991 4201 ten-cau
2026 4139 2127 4187 illic
2149 4149 2203 4187 ut
2228 4137 2507 4187 absolvatur
2527 4135 2802 4193 Cluentiua;
