3044 4788
661 435 774 504 IN
828 435 1252 503 VERREM
1301 433 1519 502 Aer.
1561 432 1679 515 11,
1732 432 1921 498 ΜΒ.
1962 431 2060 497 11.
2290 424 2428 521 457

304 548 579 630 rentur.
622 558 785 647 Qua
831 554 921 626 de
968 578 1045 625 re
1070 560 1200 626 Cn.
1239 553 1667 641 Lentulum,
1711 565 2100 650 patronum
2144 549 2459 637 Siciliae,-

298 668 765 741 clarissimum
804 662 1372 751 adolescentem,
1418 663 1660 734 dicere
1716 661 2010 751 audistis
2057 689 2072 730 :
2121 659 2436 747 SiculoS,

300 803 529 876 quum
570 799 645 849 se
691 799 1013 860 causam,
1049 800 1208 873 quae
1244 798 1380 872 pro
1418 773 1533 844 his
1576 772 1711 844 sibi
1755 773 1830 843 in
1868 787 2124 844 senatu
2161 768 2440 868 agenda

301 902 522 975 esset,
569 887 946 975 docerent,
1002 885 1093 956 de
1152 885 1431 956 Sthenii
1467 884 1868 955 calamitate
1904 896 2200 979 questos
2252 904 2439 967 esse;

297 1013 746 1097 propterque
793 996 982 1067 hanc
1024 996 1407 1090 injuriam,
1443 1019 1605 1092 quae
1650 994 1952 1065 Sthenio
1992 990 2173 1062 facta
2216 1003 2437 1077 esset,

300 1132 425 1179 eos
452 1110 819 1193 statuisse,
850 1119 963 1193 ut,
1000 1103 1206 1201 quod
1234 1104 1425 1190 dice,
1457 1104 1965 1201 postularetur.
1999 1103 2174 1192 Quae
2205 1124 2438 1198 quum

296 1219 397 1288 ita
430 1230 669 1288 essent
696 1271 716 1305 ,
769 1230 1062 1286 tantane
1108 1218 1422 1285 amentia
1457 1209 1848 1311 praeditus⁶
1881 1228 2099 1310 atque
2143 1209 2441 1281 audacia

299 1325 531 1414 fuisti,
569 1330 751 1415 utin
781 1350 861 1396 re
895 1339 1041 1396 tam
1079 1323 1303 1407 clara,
1339 1339 1483 1394 tam
1521 1337 1808 1410 testata,
1839 1338 1985 1393 tam
2015 1321 2142 1393 abs
2176 1336 2247 1392 te
2275 1321 2432 1417 ipso

297 1435 750 1536 pervulgata,
807 1433 1086 1505 tabulas
1137 1432 1506 1531 publicas⁷
1569 1455 2035 1530 corrumpere
2092 1429 2438 1501 auderes?

298 1552 393 1618 At
432 1544 1045 1645 quemadmodum
1089 1545 1524 1642 corrupisti?
1565 1568 1813 1614 nonne
1857 1547 1990 1628 ita,
2031 1556 2149 1625 ut,
2196 1539 2434 1610 omni-

298 1655 443 1727 bus
476 1656 687 1727 nobis
716 1654 1158 1741 tacentibus,
1204 1658 1371 1751 ipsae
1394 1668 1466 1725 te
1497 1668 1636 1724 tuae
1669 1624 1927 1723 tabulae
1955 1649 2439 1751 condemnare

299 1766 635 1865 possent?
662 1759 1216 1862 Cedo⁸,quaeso,
1244 1765 1619 1836 codicem:
1663 1760 2086 1850 circumfer;
2117 1738 2436 1832 ostende.

300 1877 672 1949 Videtisne
717 1890 952 1947 totum
1004 1874 1145 1945 hoc
1192 1886 1543 1962 nomen9,
1591 1898 1833 1945 coram
1868 1872 1998 1944 ubi
2039 1870 2207 1942 facit
2243 1870 2438 1941 dela-

303 2003 459 2058 tum
492 2041 512 2073 ,
556 2010 708 2057 esse
750 1988 825 2056 in
862 1985 1132 2056 litura?
1176 1983 1372 2075 Quid
1413 1983 1555 2055 fuit
1594 1985 1753 2054 istic
1794 1997 2000 2054 antea
2046 1979 2441 2078 scriptum?

300 2097 504 2196 quod
541 2096 885 2168 mendum
923 2097 1054 2166 ista
1081 2096 1294 2166 litura
1322 2095 1681 2166 correxit?
1720 2091 1916 2184 Quid
1947 2118 1990 2162 a
2028 2090 2281 2178 nobis,
2319 2092 2441 2185 ju-

300 2208 531 2297 dices,
590 2208 1017 2305 exspectatis
1071 2222 1492 2304 argumenta
1554 2206 1775 2302 hujus
1845 2203 2219 2275 criminis?
2256 2201 2439 2272 nihil

300 2319 606 2391 dicimus
639 2347 653 2388 :
691 2317 951 2389 tabulae
994 2330 1167 2388 sunt
1199 2317 1275 2387 in
1308 2316 1551 2388 medio
1575 2370 1595 2405 ,
1634 2340 1796 2413 quae
1820 2339 1898 2386 se
1925 2326 2303 2410 corruptas
2338 2325 2440 2380 at-

300 2454 444 2528 que
491 2430 837 2501 interlitas
891 2453 1042 2500 esse
1100 2428 1432 2498 clamant.
1480 2431 1584 2498 Ex
1640 2429 1793 2497 istis
1836 2428 2049 2495 etiam
2095 2439 2174 2495 tu
2218 2422 2439 2493 rebus

302 2539 622 2635 effugere
651 2553 721 2609 te
752 2563 963 2636 posse
982 2537 1344 2625 confidis,
1374 2562 1605 2634 quum
1640 2552 1710 2607 te
1745 2560 1877 2605 nos
1900 2557 2053 2603 non
2086 2533 2435 2629 opinione

302 2648 557 2734 dubia,
601 2646 726 2718 sed
764 2651 904 2717 tuis
950 2649 1265 2745 vestigiis
1299 2669 1856 2745 persequamur,
1892 2667 2053 2740 quae
2091 2656 2172 2711 tu
2215 2642 2289 2709 in
2328 2655 2434 2710 ta-

300 2757 496 2829 bulis
527 2755 837 2856 publicis
875 2780 1208 2852 expressa
1246 2781 1328 2828 ac
1366 2759 1682 2828 recentia
1712 2753 2114 2851 reliquisti?
2151 2757 2220 2822 Is
2257 2749 2438 2820 mihi

305 2870 520 2941 etiam
559 2867 939 2938 Sthenium
978 2867 1216 2938 literas
1252 2867 1583 2965 publicas
1619 2867 2063 2962 corrupisse,
2094 2886 2304 2933 causa
2334 2862 2439 2931 in-

307 2980 636 3075 cognita,
673 2976 1062 3073 judicavit,
1095 2978 1226 3072 qui
1262 2974 1650 3048 defendere
1697 2998 1848 3044 non
1883 2974 2309 3070 potuerit10,
2359 2996 2437 3042 se

304 3113 454 3158 non
506 3113 595 3158 ex
647 3089 873 3186 ipsius
931 3084 1208 3157 Sthenii
1269 3088 1567 3158 nomine
1613 3087 1853 3157 literas
1896 3083 2222 3181 publicas
2273 3107 2437 3153 cor-

302 3199 624 3296 rupisse?

304 3457 452 3494 retur.
477 3446 572 3495 Sed
596 3447 815 3510 quamvis
841 3461 896 3494 ea
922 3445 984 3494 de
1005 3463 1060 3494 re
1086 3444 1223 3493 nulla
1246 3444 1327 3493 lex

305 3536 430 3573 esset
451 3560 465 3584 ‚
508 3542 535 3576 a
571 3527 744 3574 ceteris
787 3525 1110 3590 praetoribus‚
1151 3534 1324 3588 utpote

1412 3462 1509 3510 que
1529 3446 1581 3494 in
1600 3446 1770 3494 orario
1795 3445 2029 3511 deposita
2051 3444 2435 3493 asservabantur.

1485 3527 1534 3575 8.
1563 3525 1886 3574 Restituimus
1912 3525 2038 3572 hauc
2061 3539 2231 3572 vocem
2249 3558 2263 3583 ‚
2288 3541 2437 3588 quam

304 3604 535 3653 suadente
551 3605 780 3668 aequitate
792 3639 807 3661 ‚
826 3606 981 3652 fuerat
1000 3604 1323 3652 observatum.

375 3685 426 3731 6.
456 3686 736 3749 Suspectam
772 3683 920 3733 habet
951 3701 1122 3733 vocem
1140 3685 1325 3749 prcedi-

305 3774 381 3810 tus
393 3795 409 3817 ,
435 3773 678 3826 tamquam
697 3780 724 3810 ι
746 3763 902 3810 scriba
931 3775 1086 3811 ortam
1102 3799 1120 3826 ,
1141 3764 1324 3812 Guliel-

306 3842 458 3900 mius,
485 3852 605 3889 teste
627 3844 857 3890 Grutero.
877 3844 908 3890 J
913 3844 999 3890 .V.
1022 3844 1078 3890 L.

380 3938 429 3982 7.
447 3921 662 3969 Tabulas
680 3920 922 3986 publicas.
942 3921 1169 3969 Praetoris
1191 3931 1328 3969 erant

307 4000 510 4059 tabule,
530 4016 664 4064 ‹111ae,
688 4000 828 4061 jussu
853 4012 1073 4059 senatus,
1101 3999 1327 4049 conficie-

303 4078 499 4128 bantur.
527 4081 601 4128 Ex
622 4079 683 4126 iis
697 4079 1044 4127 administratae
1060 4079 1329 4144 provincia

287 4160 431 4208 -ratio
450 4175 479 4206 a
496 4170 707 4225 pretore
725 4158 1069 4224 reposcebatur
1084 4176 1098 4218 3
1113 4175 1181 4206 eae
1196 4158 1331 4207 deni-

1411 3604 1614 3666 11115110,
1643 3616 1700 3652 ut
1732 3621 1794 3651 ex
1818 3604 1927 3668 ipso
1951 3604 2186 3653 Cicerone
2212 3621 2437 3669 compro-

1410 3683 1579 3732 batum
1598 3694 1695 3742 est,
1714 3685 1901 3732 Ernest.
1926 3683 2185 3733 deleverat.

1482 3779 1532 3827 9.
1565 3765 1672 3810 Hoc
1713 3779 1903 3810 nomen.
1942 3764 2051 3810 Hoc
2088 3774 2269 3825 caput,
2302 3762 2435 3811 hunc

1411 3842 1575 3890 locum
1591 3877 1606 3900 ,
1631 3841 1715 3889 ubi
1740 3842 1909 3890 scribit
1939 3842 2192 3890 Sthenium
2225 3858 2438 3906 praesen-

1414 3931 1511 3968 tem
1539 3922 1685 3968 fuisse
1711 3933 2010 3970 accusatum.

1494 4018 1570 4049 ιο.
1600 4002 1728 4059 Alii,
1747 3998 2206 4066 peruia—Sthenii
2220 3999 2437 4048 nomine.

1418 4080 1475 4129 ld
1493 4092 1596 4137 est,
1617 4080 1712 4128 hoc
1733 4082 1893 4146 capite
1910 4115 1922 4138 ‚
1942 4079 2077 4144 quod
2103 4079 2287 4127 Sthenii
2315 4078 2441 4126 dela-

1419 4159 1600 4207 tionem
1623 4160 1875 4218 contiuet3
1898 4170 1954 4206 ut
1968 4160 2065 4218 jam
2087 4174 2195 4221 sup.
2220 4157 2444 4205 vidimus.
