3044 4788
735 400 876 485 444
1379 400 1474 466 Μ.
1529 400 1605 464 T.
1661 397 2221 466 CICERONIS

723 521 970 591 dinem
1001 519 1498 589 conservaret?
1527 518 1771 589 Scelus
1791 532 1899 589 est
1916 520 2243 615 accipere
2264 515 2354 587 ab
2372 541 2505 589 reo
2538 544 2555 585 :
2602 535 2880 616 quanto

725 631 949 726 magis
978 627 1070 699 ab
1091 628 1546 699 accusatore?
1566 643 1845 725 quanto
1875 630 2093 698 etiam
2120 627 2534 698 sceleratius
2553 628 2661 698 ab
2684 646 2878 701 utro·

727 743 915 837 que?
947 739 1188 809 Fidem
1218 763 1446 835 quum
1475 742 1974 836 proposuisses
2003 738 2330 809 venalem
2364 743 2434 807 in
2471 744 2875 836 provincia.

722 851 946 921 valuit
985 850 1179 947 apud
1218 865 1289 919 te
1331 849 1495 947 plus
1528 853 1627 935 is,
1669 853 1798 947 qui
1836 851 2218 948 pecuniam
2259 849 2619 943 majorem
2660 851 2871 922 dedit

723 960 1064 1032 Concedo
1101 987 1116 1029 ε
1157 958 1455 1031 forsitan
1497 961 1757 1057 aliquis
1799 959 2186 1058 aliquando
2236 961 2609 1054 ejusmodi
2673 967 2882 1059 quip-

654 1148 657 1149 7
723 1073 915 1167 piam
968 1068 1237 1141 fecerit.
1278 1073 1525 1161 Quum
1567 1097 1737 1143 vero
1783 1070 2003 1142 fidem
2057 1096 2139 1141 ac
2187 1071 2624 1166 religionem
2683 1086 2872 1142 tuam

714 1179 863 1274 jam
897 1180 1101 1250 alteri
1137 1180 1494 1252 addictam
1533 1183 1839 1279 pecunia
1879 1196 2172 1279 accepta
2202 1178 2230 1223 ³
2275 1179 2628 1251 habueris
2651 1236 2675 1267 ,
2724 1195 2882 1279 post

725 1289 1054 1362 eamdem
1084 1290 1488 1362 adversario
1520 1291 1897 1362 tradideris
1917 1293 2187 1386 majore
2219 1294 2570 1386 pecuniae,
2600 1305 2884 1360 utrum·

731 1426 878 1497 que
904 1399 1151 1472 falles?
1179 1419 1250 1473 et
1287 1401 1521 1473 trades
1554 1404 1672 1472 cui
1697 1401 1945 1472 voles?
1987 1415 2058 1471 et
2092 1402 2194 1488 ei,
2232 1425 2452 1496 quem
2498 1398 2874 1484 fefelleriS,

732 1536 825 1582 ne
856 1514 1240 1608 pecuniam
1273 1511 1569 1609 quidem
1594 1509 1895 1581 reddes?
1924 1514 2160 1602 Quem
2189 1508 2365 1579 mihi
2393 1512 2508 1579 tu‘*
2526 1509 2872 1593 Bulbum,

728 1647 948 1719 quem
967 1623 1381 1694 Stalenum?
1396 1619 1596 1719 quod
1616 1645 1964 1717 umquam
1988 1618 2410 1714 hujusmodi
2432 1634 2874 1698 monstrum,

728 1747 854 1804 aut
895 1732 1306 1831 prodigium
1344 1732 1791 1817 audivimus,
1830 1745 1956 1802 aut
1987 1732 2337 1813 vidimuS,
2368 1729 2498 1826 qui
2539 1754 2721 1799 cum
2755 1756 2872 1799 reo

727 1845 1104 1940 transigat,
1143 1859 1307 1940 post
1343 1868 1506 1913 cum
1547 1857 1961 1912 accusatore
1995 1840 2326 1912 decidat?
2360 1838 2733 1911 honestos
2761 1841 2878 1911 ho-

724 1956 992 2037 mineS,
1060 1954 1191 2050 qui
1247 1977 1534 2024 causam
1595 1954 1882 2039 norint,
1929 1950 2245 2047 ableget,
2302 1975 2344 2021 a
2405 1950 2877 2050 consilioque

726 2063 1088 2133 dimittat?
1121 2066 1274 2159 ipse
1300 2063 1496 2134 solus
1527 2088 1732 2133 reum
1762 2061 2209 2151 absolutum,
2237 2086 2278 2132 a
2301 2086 2453 2157 quo
2483 2068 2873 2157 pecuniam

728 2172 1120 2268 acceperit,
1142 2171 1601 2260 condemnet,
1619 2175 2151 2271 pecuniamque
2171 2196 2320 2242 non
2344 2169 2607 2241 reddat
2623 2171 2654 2239 ?
2669 2177 2878 2240 Hunc

730 2281 1104 2351 hominem
1146 2280 1476 2378 judicum
1533 2307 1843 2353 numero
1893 2281 2366 2353 habebimus?
2415 2280 2538 2350 hic
2579 2281 2874 2350 alteram

731 2388 1148 2462 decuriam⁵
1183 2394 1614 2465 senatoriam
1659 2391 1884 2488 judex
1920 2389 2322 2463 obtinebit?
2360 2390 2476 2461 hic
2510 2389 2605 2461 de
2645 2393 2878 2489 capite

730 2499 963 2573 libero
1004 2502 1400 2596 judicabit?
1437 2501 1607 2573 huic
1640 2502 1994 2598 judicialis
2027 2501 2288 2573 tabella
2334 2502 2879 2592 committetur?

733 2638 952 2710 quam
990 2617 1123 2683 iste
1151 2639 1300 2684 non
1336 2612 1557 2684 modo
1587 2638 1748 2684 cera
1766 2609 1823 2701 ⁶,
1860 2615 2130 2683 verum
2153 2611 2363 2682 etiam
2399 2611 2795 2706 sanguine,
2820 2611 2878 2679 si

735 2725 969 2794 visum
1003 2727 1167 2810 erit,
1204 2722 1505 2794 notabit.

830 2837 1155 2904 XXXIII.
1197 2834 1394 2924 Quid
1433 2837 1629 2905 enim
1668 2833 1935 2903 horum
1978 2857 2052 2903 se
2085 2848 2298 2929 negat
2340 2829 2651 2902 fecisse?
2697 2829 2874 2901 illud

735 2942 1063 3012 videlicet
1080 2968 1306 3013 unum
1329 2998 1348 3033 ,
1366 2943 1565 3041 quod
1591 2967 1881 3014 necesse
1914 2958 2053 3031 est,
2080 2944 2461 3040 pecuniam
2487 2944 2873 3039 accepisse.

740 3050 1014 3142 Quidni
1047 3053 1178 3124 iste
1212 3055 1472 3152 neget?
1511 3057 1602 3124 At
1643 3077 1865 3149 eques
1893 3078 2271 3139 romanus,
2312 3053 2438 3147 qui
2479 3056 2872 3149 Sopatrum

735 3157 1102 3249 defendit,
1158 3167 1285 3259 qui
1322 3161 1666 3233 omnibus
1704 3163 1858 3255 ejus
1892 3162 2209 3233 consiliis
2241 3160 2613 3258 rebusque
2652 3165 2874 3233 inter·

737 3268 1371 3361 fuit,Q.Minucius
1384 3273 1668 3366 juratus
1687 3272 1860 3343 dicit
1881 3276 2260 3370 pecuniam
2285 3270 2560 3359 datam;
2589 3271 2876 3365 juratus

733 3380 905 3452 dicit
930 3381 1460 3453 Timarchidem
1498 3381 1801 3472 dixisse,
1837 3384 2181 3476 majorem
2213 3380 2304 3452 ab
2332 3381 2873 3453 accusatoribus

802 3569 852 3614 3.
908 3569 1090 3617 Aberat
1138 3571 1386 3634 «pecnnia
1436 3581 1669 3633 accepta·
1721 3587 1748 3617 a
1837 3570 1969 3618 enim
1994 3581 2043 3618 et
2075 3569 2298 3617 Stalenus
2327 3586 2423 3617 una
2451 3570 2629 3633 sepius
2669 3570 2873 3629 conjun-

730 3644 841 3693 cod.
870 3647 1075 3705 Nannii;
1110 3649 1263 3713 idque
1293 3650 1338 3697 ei
1378 3647 1622 3712 placebat.
1653 3649 1751 3698 Sed
1839 3661 2050 3713 guntur,
2097 3660 2153 3697 ut
2194 3650 2611 3712 iniquissimorum
2645 3648 2873 3709 judicum

732 3725 984 3787 requirunt
1009 3725 1177 3783 verba,
1210 3744 1319 3791 quae
1344 3728 1506 3776 statim
1540 3743 1752 3791 sequun-
1838 3729 2036 3775 nomina
2064 3727 2279 3793 (Cluent.
2304 3727 2393 3791 28)
2410 3764 2424 3788 ,
2463 3730 2548 3791 qni
2577 3738 2743 3774 tamen
2769 3743 2874 3791 pre

735 3816 831 3867 tur,
856 3826 881 3845 α
896 3804 1079 3867 majore
1100 3807 1306 3868 pecunia
1328 3828 1369 3854 υ.
1406 3808 1457 3854 J.
1471 3807 1535 3852 V.
1554 3807 1610 3855 L.
1837 3810 1989 3855 Verre
2009 3808 2390 3855 innocentissimi
2409 3808 2658 3855 videntur.

804 3893 851 3940 4.
884 3884 955 3929 Tu
985 3884 1203 3944 Bulbum.
1244 3884 1369 3933 Cod.
1406 3884 1593 3933 Metell.
1620 3888 1753 3933 «Tu·
1912 3887 1958 3934 5.
2003 3888 2222 3934 Alteram
2261 3886 2527 3935 decuriam.
2577 3885 2873 3935 Secundam.

730 3964 899 4013 bulum
914 3986 955 4025 n,
980 3964 1064 4026 qui
1090 3963 1288 4027 quidem
1321 3975 1500 4028 praetor
1525 3965 1755 4027 pecunias
1845 3966 1959 4014 vid.
1980 3968 2120 4014 Verr.
2149 3969 2172 4013 1
2188 3999 2203 4023 ‚
2229 3968 2313 4014 61.

734 4043 802 4092 ob
836 4059 934 4091 rem
959 4041 1275 4104 judicandam
1310 4044 1516 4108 accepit.
1545 4045 1619 4090 De
1647 4045 1752 4091 Fin.
1915 4047 1964 4093 6.
1996 4045 2138 4091 Cera.
2158 4043 2414 4093 Discolore
2432 4056 2481 4092 et
2503 4045 2700 4102 infami,
2717 4045 2876 4108 qualis

732 4126 805 4184 11,
850 4125 933 4172 16.
982 4124 1076 4172 Sed
1119 4141 1219 4173 non
1261 4136 1378 4189 apto
1412 4125 1544 4173 loco.
1572 4123 1755 4171 Bulbus
1844 4124 2150 4172 Hortensius.
2178 4125 2344 4172 Divin.
2374 4140 2419 4183 7.
