3044 4788
640 412 781 506 494
1301 409 1398 475 M.
1438 407 1512 474 T.
1555 407 2107 475 olcssnole

634 557 789 604 non
809 531 1100 617 irascor,
1117 553 1358 625 neque
1377 530 1442 598 ei
1469 551 1674 598 suam
1694 528 2202 624 purgationem
2226 528 2474 625 eripi0,
2490 527 2784 624 quaille

634 642 830 742 apud
858 662 1112 711 omnes
1140 641 1391 725 utitur,
1414 651 1494 707 ut
1526 637 1709 708 nihil
1730 637 2079 708 malitiose
2100 633 2153 722 ⁵,
2170 661 2408 735 neque
2438 638 2786 709 consulto

635 754 886 826 fecisse
927 749 1274 820 videatur.

734 865 982 934 LXIX.
1005 865 1041 929 J
1045 883 1160 928 am
1185 858 1403 955 igitur
1424 871 1532 928 est
1565 860 1662 927 ita
1694 857 2155 954 perspicuum
2179 911 2199 944 ,
2232 872 2314 928 ut
2339 881 2609 953 negare
2634 880 2785 926 non

637 972 898 1072 possis,
934 966 1203 1038 nullam
1244 965 1376 1036 tibi
1422 980 1734 1037 statuam
1772 966 2142 1037 voluntate
2184 968 2626 1062 cujusquam
2662 965 2786 1036 da-

634 1099 817 1166 tam;
852 1078 1122 1149 nullam
1153 1079 1538 1175 pecuniam
1577 1090 1977 1147 statuarum
2013 1082 2345 1166 nomine,
2381 1080 2520 1147 nisi
2550 1082 2630 1147 vi
2663 1102 2783 1148 ex-

636 1214 955 1291 pressam
981 1202 1055 1260 et
1081 1202 1424 1259 coactam.
1454 1187 1623 1275 Quo
1658 1185 1952 1284 quidem
1981 1188 2053 1257 in
2085 1188 2385 1257 crimine
2419 1212 2575 1258 non
2606 1186 2786 1257 illud

638 1301 873 1374 solum
928 1299 1230 1395 intelligi
1286 1297 1453 1369 volo
1475 1352 1494 1384 ,
1544 1312 1615 1368 te
1670 1297 1759 1367 ad
1814 1311 2082 1369 statuas
2128 1302 2268 1368 H-S
2322 1324 2461 1369 cxx
2490 1309 2509 1341 ¹
2560 1298 2782 1368 millia

639 1412 991 1509 coegisse3
1058 1408 1183 1481 sed
1229 1409 1463 1480 multo
1507 1412 1723 1480 etiam
1762 1408 1943 1480 illud
1986 1411 2209 1506 magis
2240 1464 2259 1496 ,
2322 1408 2527 1507 quod
2571 1409 2785 1480 simul

641 1523 1221 1594 demonstratum
1268 1535 1375 1590 est
1395 1530 1448 1601 ²,
1488 1534 1847 1616 quantum
1883 1519 2134 1591 odium
2175 1521 2247 1590 in
2283 1534 2351 1590 te
2380 1534 2786 1603 aratorum,

642 1648 998 1732 quantum
1036 1634 1364 1702 omnium
1394 1630 1803 1700 Siculorum
1837 1630 1928 1701 sit
1960 1645 2034 1699 et
2060 1628 2297 1701 fuerit.
2326 1634 2410 1700 In
2441 1655 2602 1726 quo
2631 1657 2788 1728 qua*

641 1758 874 1815 vestra
895 1740 1223 1813 defensio
1247 1738 1493 1811 futura
1512 1742 1626 1827 sit,
1644 1739 2061 1834 conjectura
2075 1742 2361 1837 assequi
2381 1765 2533 1811 non
2560 1766 2783 1838 quen.

646 1848 1024 1926 Oderunt³
1058 1849 1313 1921 Siculi:
1342 1865 1754 1947 togatorum
1785 1850 1979 1920 enim
2014 1875 2222 1921 causa
2249 1851 2476 1922 multa
2510 1849 2676 1923 feci.
2701 1856 2791 1921 At

648 1965 725 2035 hi
785 1962 1080 2061 quidem
1132 1964 1461 2032 acerrimi
1513 1961 2153 2057 inimicissimique
2196 1977 2384 2033 sunt.
2447 1965 2789 2032 Inimicos

644 2072 882 2145 habeo
940 2072 1129 2142 cives
1188 2094 1565 2156 romanoS,
1621 2069 1822 2169 quod
1862 2072 2228 2143 sociorum
2273 2070 2664 2143 commoda
2711 2096 2790 2143 ac

642 2186 806 2279 jura
856 2177 1166 2250 defendi.
1222 2183 1313 2250 At
1360 2183 1534 2251 socii
1591 2184 1667 2251 in
1713 2182 2030 2254 hostium
2073 2207 2379 2254 numero
2426 2207 2501 2253 se
2543 2181 2677 2253 abs
2721 2199 2790 2252 te

647 2292 935 2364 habitos
972 2306 1398 2387 queruntur.
1431 2297 1765 2364 Aratores
1802 2294 2078 2364 inimici
2120 2309 2291 2365 sunt
2320 2308 2629 2391 propter
2666 2291 2791 2363 de-

648 2427 915 2475 cumas.
945 2402 1138 2493 Quid
1154 2402 1183 2473 ?
1198 2406 1322 2500 qui
1346 2427 1555 2500 agros
1581 2406 1942 2475 immunes
1961 2403 2376 2501 liberosque
2402 2418 2635 2488 arant,
2663 2428 2791 2474 cur

650 2514 1010 2586 oderunt?
1033 2539 1162 2584 cur
1178 2514 1532 2585 Halesini?
1551 2539 1683 2584 cur
1698 2518 2201 2612 Centuripini?
2229 2540 2358 2587 cur
2382 2514 2791 2611 Segestani?

652 2652 783 2698 cur
797 2627 1296 2722 Halicyenses?
1318 2624 1537 2714 Quod
1567 2648 1798 2721 genus
1823 2622 2268 2713 hominumn
2292 2648 2513 2721 quem
2539 2650 2790 2696 nume-

651 2762 847 2822 rum,
874 2759 1095 2831 quem
1113 2733 1443 2804 ordinem
1466 2732 1792 2831 proferre
1816 2737 2070 2829 possis,
2090 2739 2314 2832 quite
2339 2759 2492 2805 non
2521 2734 2789 2821 oderit,

653 2850 799 2916 sive
841 2845 1100 2914 civium
1141 2867 1648 2930 romanorum,
1687 2844 1834 2913 sive
1873 2845 2323 2915 Siculorum?
2356 2858 2478 2930 ut,
2520 2845 2793 2915 etiamsi

657 2977 939 3026 causam
963 3007 980 3036 ‚
1012 2978 1142 3024 cur
1160 2968 1229 3023 te
1259 2953 1581 3040 oderint,
1602 2978 1753 3023 non
1777 2955 2048 3051 possim
2068 2953 2329 3041 dicere,
2347 2968 2596 3025 tamen
2619 2952 2793 3025 illud

657 3060 1044 3134 dicendum
1076 3076 1365 3161 putem:
1391 3088 1611 3160 quem
1641 3088 1895 3134 omnes
1926 3064 2261 3134 mortales
2294 3063 2609 3152 oderint,
2629 3087 2792 3135 eum

657 3198 957 3272 quoque
993 3173 1201 3244 vobis
1238 3174 1409 3244 odio
1448 3197 1601 3244 esse
1634 3188 1991 3270 oportere.
2053 3178 2163 3244 An
2209 3172 2351 3243 hoc
2389 3173 2628 3244 dicere
2667 3198 2791 3247 au·

661 3284 904 3375 debis;
961 3299 1208 3355 utrum
1261 3282 1350 3354 de
1389 3297 1460 3353 te
1502 3298 1816 3354 aratores
1838 3339 1857 3369 ,
1904 3299 2146 3355 utrum
2204 3282 2524 3380 denique
2578 3281 2794 3354 Siculi

664 3396 975 3466 universi
1025 3393 1213 3464 bene
1253 3393 1696 3478 existiment,
1737 3409 1864 3464 aut
1905 3419 2054 3491 quo
2090 3392 2313 3464 modo
2348 3395 2790 3481 existiment,

740 3650 788 3698 5.
808 3646 1073 3696 Malitiose.
1093 3649 1126 3695 J
1129 3646 1310 3694 uvnndi
1327 3647 1495 3695 Verris
1514 3658 1563 3695 et
1586 3649 1690 3709 ejus
1849 3665 1900 3697 2.
1942 3651 2337 3696 Demonstramm
2373 3661 2460 3697 est.
2485 3650 2635 3714 Vulg.
2679 3671 2699 3692 ι
2718 3649 2793 3697 de·

666 3728 882 3780 criminis
931 3724 1226 3772 extenuandi
1284 3741 1441 3774 causa.
1499 3727 1692 3776 Ironiee
1779 3728 2145 3776 monstrandum
2173 3738 2245 3776 est
2263 3750 2306 3774 n».
2344 3729 2511 3778 Male:
2537 3746 2648 3777 mm
2678 3727 2796 3777 illud

667 3809 868 3860 haee.in
911 3803 1162 3854 Metellum
1199 3805 1336 3868 quasi
1376 3804 1509 3852 aliud
1547 3821 1692 3869 agens
1778 3808 1937 3871 ipsum
1963 3810 2063 3869 jam
2089 3806 2384 3855 ostenderat.

671 3892 928 3951 detorquet
953 3883 1020 3930 ita
1045 3894 1100 3930 nt
1126 3884 1327 3930 omnino
1342 3883 1510 3931 Verris
1532 3885 1691 3932 santo·
1852 3888 1900 3935 3.
1928 3887 2161 3936 Oderunt.
2181 3886 2441 3935 Subintell.
2472 3887 2606 3935 dices
2625 3887 2795 3936 forsan.

672 3985 773 4018 rem
796 3962 1037 4015 ostendat.
1779 3995 1852 4005 —-
1880 3966 2011 4014 Cives
2042 3983 2166 4014 rom.
2202 3969 2260 4014 In
2291 3966 2455 4015 Sicilia
2481 3969 2794 4030 negotiantes.

741 4048 926 4096 LXIX.
964 4061 1007 4092 1.
1047 4045 1151 4092 11.S
1196 4044 1345 4091 CXX.
1374 4045 1449 4091 De
1488 4061 1687 4092 summae
1850 4055 1899 4102 4.
1923 4045 2071 4108 Quod
2083 4063 2238 4111 genus
2259 4044 2523 4094 bominum.
2542 4048 2800 4102 Servosne,

668 4129 812 4191 hujus
839 4124 1163 4190 disputatione
1191 4123 1295 4172 vid.
1316 4141 1424 4189 snp.
1451 4127 1534 4187 57.
1779 4142 1841 4172 an
1861 4126 2088 4188 libertos,
2107 4142 2168 4176 nn
2189 4128 2458 4191 ingenuos,
2483 4137 2574 4175 etc.
