3044 4788
692 332 829 419 542
1477 328 2016 397 Excuasus

691 482 811 547 ipsi
830 478 949 545 pro
976 453 1302 542 republica
1321 450 1688 515 militarent
1711 451 1845 514 Liv.
1874 451 2039 536 11,9.
2057 450 2323 540 Dionys.
2348 453 2494 517 1121.
2499 455 2587 518 V.
2607 458 2675 517 V
2683 455 2863 520 iduis

690 563 881 626 etiam
927 577 992 625 et
1035 558 1294 648 pupillis
1336 556 1734 620 tributorum
1783 554 2194 620 collationem
2241 560 2591 624 remissam
2651 563 2864 626 fuisse

693 684 1010 733 testantur
1053 665 1246 729 iidem
1295 663 1676 751 scriptores,
1737 662 1834 724 uti
1886 678 1951 726 et
2009 662 2397 729 Plutarchus
2455 669 2527 729 in
2593 668 2856 755 Poplic.

691 777 821 839 Has
853 790 1070 837 autem
1098 770 1459 835 vacationes
1492 770 1890 832 tributorum
1915 769 2167 833 stetisse
2187 768 2471 833 dicimus
2491 770 2857 853 duntaxat,

691 879 850 944 dum
887 901 988 941 res
1028 876 1227 939 aerarii
1274 897 1409 937 non
1460 890 1676 938 essent
1708 873 2032 962 impeditae
2061 897 2079 938 :
2115 891 2389 962 urgente
2417 900 2586 939 vero
2622 901 2858 943 neces-

690 988 871 1050 sitate
898 982 1176 1047 sublatas
1207 979 1427 1043 fuisse.

776 1090 897 1154 Hic
924 1108 1144 1150 rerum
1178 1085 1447 1149 istarum
1481 1101 1685 1148 status
1716 1086 1919 1148 fuisse
1949 1084 2203 1148 videtur
2227 1108 2444 1172 usque
2466 1086 2557 1149 ad
2587 1111 2847 1151 annum

690 1196 882 1260 Urbis
929 1194 1091 1278 349,
1133 1215 1269 1279 quo
1315 1214 1490 1255 anno
1546 1191 2108 1257 senatusconsulto
2170 1193 2512 1279 provisum
2577 1212 2713 1275 est,
2775 1210 2848 1256 ut

691 1300 894 1392 plebi,
934 1322 1080 1387 quae
1112 1320 1191 1362 eo
1228 1321 1436 1386 usque
1474 1297 1607 1361 suis
1641 1298 2009 1385 sumptibus
2042 1313 2397 1377 meruerat,
2422 1300 2843 1387 stipendium

691 1406 1040 1494 quotannis
1076 1404 1159 1469 de
1199 1404 1463 1492 publico
1495 1401 1907 1492 penderetur.
1942 1404 2106 1466 Exin
2146 1403 2349 1468 coacti
2395 1422 2569 1468 sunt
2612 1428 2840 1468 omnes

689 1513 859 1576 cives
892 1510 1214 1575 tributum
1251 1533 1329 1574 ex
1360 1531 1561 1572 censu
1603 1508 1954 1595 quotannis
1994 1508 2065 1571 in
2105 1507 2509 1596 stipendium
2560 1510 2842 1573 militare

689 1618 1002 1680 conferre.
1042 1616 1175 1679 Liv.
1211 1616 1324 1695 IV,
1389 1612 1471 1699 59
1512 1630 1578 1676 et
1624 1612 1729 1676 60.
1792 1612 1991 1695 Quod
2021 1613 2430 1692 institutum,
2491 1616 2596 1679 uti
2649 1617 2840 1679 etism

690 1724 948 1788 comitia
980 1738 1044 1786 et
1078 1720 1399 1799 delectus,
1435 1732 1657 1806 postea
1690 1739 1825 1780 non
1862 1717 2057 1781 semel
2094 1718 2451 1782 tribunitiis
2487 1721 2839 1784 calumniis

689 1846 992 1893 vexatum
1025 1843 1141 1891 est.

782 1935 869 1999 Ut
900 1948 1118 1997 autem
1150 1931 1473 1995 tributum
1510 1950 1677 2016 saepe
1732 1950 1770 1990 a
1819 1927 2097 1991 tribunis
2144 1929 2346 2017 plebis
2396 1930 2832 2017 impeditum,

690 2042 781 2104 sic
807 2061 844 2103 a
876 2053 1103 2102 senatu
1136 2056 1635 2122 nonnumquam
1665 2050 1761 2097 est
1797 2033 2176 2117 remissum3
2225 2058 2441 2123 quum.
2464 2059 2714 2125 nempe
2736 2038 2831 2100 vi-

691 2145 810 2208 ctis
853 2141 1110 2230 populis
1159 2140 1585 2226 imperaretur
1626 2139 1693 2203 in
1742 2160 1994 2226 poenam
2043 2138 2219 2220 belli,
2254 2139 2431 2227 quod
2464 2143 2624 2205 satis
2663 2160 2829 2207 esset

689 2246 976 2334 pecuniae
1012 2242 1093 2308 ad
1130 2241 1524 2329 stipendium
1562 2243 1854 2307 militare.
1902 2244 2008 2307 Sic
2033 2265 2209 2307 anno
2234 2246 2426 2309 Urbis
2453 2245 2607 2329 361,
2646 2249 2826 2311 victis

688 2348 949 2416 Faliscis
993 2349 1062 2414 in
1114 2346 1512 2437 stipendium
1559 2347 1838 2415 militum
1886 2348 2024 2428 ejus
2069 2348 2257 2430 anni,
2302 2366 2376 2413 ut
2411 2352 2702 2439 populus
2731 2375 2824 2416 ro-

690 2479 919 2522 manus
967 2455 1213 2522 tributo
1258 2469 1543 2535 vacaret,
1590 2455 1864 2542 pecunia
1909 2454 2240 2542 imperata.
2299 2455 2433 2519 Liv.
2459 2457 2544 2538 V,
2598 2481 2706 2545 27·
2740 2461 2823 2522 Et

690 2578 766 2627 ut
804 2560 978 2628 idem
1027 2583 1195 2648 saepe
1238 2559 1613 2640 remissum,
1664 2559 1790 2638 sic,
1835 2575 2103 2647 propter
2138 2558 2458 2623 bellorum
2494 2562 2820 2651 magnitu-

690 2667 944 2746 dinem,
969 2666 1146 2745 justo
1180 2665 1433 2752 gravius
1457 2662 1805 2752 aliquando
1834 2664 2224 2750 imperatum
2259 2682 2376 2731 est.
2406 2666 2544 2731 Liv.
2573 2669 2820 2749 xxm,

692 2772 799 2853 31,
830 2788 897 2836 et
923 2770 1166 2849 XXIV,
1200 2792 1298 2834 11.

775 2879 992 2961 Atque
1030 2873 1158 2937 hoc
1195 2873 1280 2937 sit
1316 2873 1401 2938 de
1438 2873 1663 2961 primis
1709 2871 1972 2942 duobus
2012 2875 2409 2946 tributorum
2450 2879 2819 2966 generibus.

692 2979 988 3042 Tertium
1022 2978 1219 3041 fuisse
1251 2978 1535 3042 diximus
1568 2979 1912 3043 fortuitum
1935 2996 2001 3043 et
2024 2984 2474 3064 temerarium;
2512 2984 2818 3050 nimirum

687 3106 894 3173 quum
914 3132 932 3165 ,
964 3083 1340 3148 necessitate
1363 3100 1636 3173 cogente
1652 3131 1670 3164 ,
1704 3106 1932 3150 omnes
1958 3101 2201 3156 temere
2224 3104 2418 3175 atque
2449 3106 2633 3154 extra
2658 3091 2818 3155 ordi·

689 3214 839 3258 nem
875 3206 1143 3279 propter
1177 3190 1444 3277 periculi
1471 3189 1872 3262 imminentis
1904 3193 2422 3280 magnitudinem
2442 3243 2461 3277 ,
2496 3195 2817 3285 quidquid

577 3345 585 3355 .
684 3301 860 3382 auri,
885 3298 1209 3388 quidquid
1234 3299 1482 3387 argenti
1506 3297 1851 3379 haberent,
1877 3299 2016 3364 sine
2037 3298 2405 3366 discrimine
2435 3304 2505 3366 in
2529 3304 2814 3370 medium

687 3408 1100 3474 conferrent:
1153 3406 1278 3486 uti,
1324 3421 1472 3494 post
1507 3405 1751 3469 Urbem
1791 3430 1830 3470 a
1862 3406 2054 3471 Gallis
2101 3425 2386 3496 captam,
2426 3433 2464 3473 a
2506 3414 2814 3477 matronis

687 3513 994 3586 collatum
1028 3529 1146 3577 est.
1173 3511 1307 3576 Liv.
1324 3511 1403 3591 V,
1453 3507 1557 3575 50.
1591 3511 1675 3573 Et
1713 3511 1885 3576 bello
1916 3511 2163 3577 Punico
2195 3513 2521 3596 secundo,
2559 3518 2811 3582 Valerio

689 3617 981 3700 Laevino,
1004 3617 1094 3680 M.
1137 3614 1410 3681 Claudio
1443 3615 1749 3681 Marcello
1792 3639 1957 3682 coss,
1988 3635 2246 3683 senatus
2282 3637 2348 3684 et
2382 3622 2667 3710 populus
2705 3648 2808 3688 au-

684 3744 865 3803 rum,
900 3739 1278 3808 argentum,
1317 3744 1402 3785 aes
1446 3722 1771 3810 signatum
1806 3747 2003 3790 omne
2037 3725 2107 3792 in
2145 3726 2482 3814 publicum
2524 3730 2806 3794 contule·

688 3843 864 3893 runt.
891 3825 1026 3892 Liv.
1052 3827 1272 3891 XXVI
1292 3873 1311 3908 ,
1347 3825 1453 3893 36.

773 3932 981 4012 Hujus
1012 3947 1232 3997 autem
1265 3933 1591 3998 temerarii
1622 3935 1846 3999 tributi
1878 3957 1952 4000 ea
1988 3936 2121 4000 fere
2151 3935 2276 4000 fuit
2299 3937 2494 4018 ratio,
2534 3954 2611 4002 ut
2632 3955 2800 4028 post·

678 4061 875 4127 quam
922 4037 1134 4106 subita
1182 4036 1350 4105 illius
1400 4041 1720 4106 tumultus
1761 4041 1856 4105 vis
1905 4040 2230 4124 desiisset,
2274 4065 2353 4106 ex
2395 4043 2548 4107 victi
2589 4044 2800 4132 populi
