3044 4788
684 522 701 547 x
743 430 887 528 496
1387 432 1481 497 M.
1534 431 1611 497 T.
1665 431 2231 502 CICERONIS

732 571 818 626 ut
850 555 1061 625 etiam
1101 551 1356 624 obesse
1393 549 1724 636 deberet,
1771 565 1850 621 tu
1885 565 2007 623 tua
2045 554 2406 651 sapientia
2435 554 2701 623 curasti.
2732 555 2816 622 Et·

735 667 931 737 enim
966 687 1118 736 rem
1157 677 1420 749 totam,
1451 660 1770 757 judiceS,
1796 660 2114 734 breviter
2149 662 2587 759 cognoscite.

831 781 1047 846 LXX.
1068 779 1152 844 In
1188 774 1574 869 scriptura¹
1611 770 1857 842 Siciliae
1883 796 2016 869 pro
2036 775 2391 870 magistro
2407 782 2436 813 ²
2464 787 2567 844 est
2587 770 2820 868 quidam

738 892 816 957 L.
843 883 1333 982 Carpinatiu5‚
1380 882 1510 977 qui
1554 894 1626 951 et
1671 883 1784 953 sui
1827 897 2144 978 quaestus
2193 906 2452 969 causa,
2488 897 2557 953 et
2589 880 2822 952 fortasse

734 995 937 1094 quod
971 995 1337 1071 sociorum
1377 993 1726 1063 interesse
1764 991 2275 1082 arbitrabatur,
2323 990 2566 1065 bene³
2599 993 2824 1090 penitus

734 1110 811 1177 in
844 1107 1049 1176 istius
1086 1101 1640 1173 familiaritatem
1675 1126 1829 1174 sese
1868 1102 2088 1174 dedit.
2132 1109 2201 1175 Is
2233 1128 2477 1201 quum
2511 1117 2823 1201 praetorem

733 1218 1007 1287 circum
1051 1213 1295 1282 omnia
1332 1211 1490 1284 fora
1528 1227 1948 1300 sectaretur,
1992 1240 2236 1312 neque
2267 1214 2368 1286 ab
2412 1240 2506 1286 eo
2545 1234 2823 1308 umquam

736 1322 1176 1409 discederet;
1209 1323 1285 1393 in
1313 1347 1471 1393 eam
1494 1324 1643 1418 jam
1662 1339 1962 1394 venerat
1982 1322 2581 1396 familiaritatem⁴
2596 1344 2824 1394 consue-

735 1434 1214 1529 tudinemque
1257 1433 1333 1502 in
1383 1432 1785 1503 vendendis
1832 1434 2039 1504 istius
2094 1433 2412 1506 decretis
2460 1449 2538 1505 et
2573 1432 2824 1529 judiciis»,

735 1542 1373 1641 transigendisque
1410 1543 1719 1638 negotiis
1745 1597 1764 1631 ,
1808 1556 1892 1612 ut
1922 1567 2153 1641 prope
2189 1544 2376 1616 alter
2407 1537 2826 1615 Timarchides

741 1668 1274 1728 numeraretur.
1329 1656 1488 1723 Hoc
1524 1667 1676 1722 erat
1726 1657 1940 1723 etiam
1987 1655 2391 1752 capitalior,
2453 1651 2646 1751 quod
2690 1648 2823 1719 idem

737 1768 1125 1866 pecuniam
1154 1764 1240 1833 iis
1258 1817 1278 1850 ‚
1308 1764 1432 1859 qui
1465 1760 1557 1831 ab
1586 1762 1723 1833 isto
1753 1760 2028 1858 aliquid
2056 1763 2599 1850 mercabantur,
2627 1756 2825 1831 foenon

736 1875 980 1947 dabat.
1033 1876 1132 1945 Ea
1171 1888 1414 1944 autem
1451 1870 1839 1945 foeneratio
1877 1887 2032 1945 erat
2068 1873 2537 1968 hujusmodi,
2573 1871 2824 1970 judices,

739 2000 822 2056 ut
863 1988 1079 2055 etiam
1119 1981 1239 2052 hic
1276 1996 1594 2085 quaestus
1644 1982 1814 2053 huic
1863 1982 2154 2055 cederet
2175 1983 2224 2056 ⁵.
2275 1990 2506 2073 Nam,
2545 2007 2708 2083 quas
2737 2001 2825 2077 pe·

736 2096 982 2167 cunias
1006 2094 1092 2162 iis
1129 2089 1452 2162 ferebat⁶
1481 2116 1830 2191 expensas
1850 2146 1869 2180 ‚
1895 2092 2336 2191 quibuscum
2372 2089 2822 2169 contrahebat;

737 2220 864 2276 aut
908 2202 1157 2275 scribae
1207 2203 1450 2286 istius,
1486 2216 1612 2272 aut
1647 2203 2127 2293 Timarchidi,
2172 2222 2299 2277 aut
2336 2210 2562 2278 etiam
2597 2201 2716 2300 ipsi
2747 2194 2824 2265 isti

738 2312 1097 2387 referebat
1133 2327 1497 2412 acceptas..
1532 2312 1735 2384 Idem
1770 2330 2114 2412 praeterea
2152 2321 2504 2416 pecunias
2538 2317 2719 2387 istius
2739 2330 2822 2378 ex·

733 2425 1242 2498 traordinarias
1275 2423 1582 2522 grandes
1614 2451 1750 2522 suo
1781 2429 2083 2499 nomine
2119 2426 2636 2502 foenerabatur.

835 2541 968 2609 Hic
1005 2538 1242 2636 primo
1279 2537 1772 2634 Carpinatius,
1808 2551 2198 2634 antequam
2244 2541 2319 2609 in
2364 2542 2576 2612 istius
2614 2542 2824 2606 tantam

810 2739 967 2785 Lxx.
1003 2751 1048 2782 1.
1091 2734 1360 2796 Scriptura.
1396 2732 1528 2780 Illud
1564 2731 1768 2796 vectigal
1857 2733 1996 2792 cujus
2023 2735 2276 2798 vectigalia
2313 2737 2618 2786 conduxerat
2649 2727 2823 2778 oodw-

739 2834 801 2866 ex
848 2815 975 2878 agris
1021 2813 1231 2877 publicis
1271 2811 1603 2876 pendebatur,
1642 2827 1769 2875 quos
1859 2811 2094 2859 vicarium
2130 2814 2387 2874 mittebat,
2421 2817 2505 2864 cui
2527 2830 2618 2879 pro
2654 2804 2824 2871 Παῤ-*Ψ

738 2896 968 2961 privatim
999 2893 1227 2941 locabant
1253 2893 1502 2952 homines,
1518 2905 1577 2941 ut
1600 2907 1772 2957 pecua·
1859 2905 2037 2938 nomen
2065 2903 2186 2942 erat.

739 2976 858 3023 riam
888 2975 1126 3027 facerent,
1162 2972 1196 3017 i.
1223 2989 1266 3018 e.
1293 2973 1344 3018 in
1371 2988 1455 3020 eos
1484 2988 1771 3020 numerosos
1931 2973 1983 3020 3.
2009 2974 2141 3019 Bene
2167 2972 2295 3020 delet
2325 2974 2599 3025 Schiitzius.
2615 2996 2679 3008 --
2699 2958 2827 3014 Μ

741 3067 976 3119 pecorum
1015 3065 1210 3113 greges,
1249 3063 1464 3113 quaestus
1497 3051 1574 3098 sui
1605 3066 1769 3106 causa,
1845 3051 1992 3116 fora.
2021 3051 2080 3099 Id
2110 3063 2186 3100 est
2207 3086 2223 3111 ,
2256 3068 2427 3101 omnes
2449 3055 2621 3110 urbes,
2658 3053 2824 3095 “⁰0⁰⁹

741 3132 1072 3181 immitterent.
1093 3129 1362 3177 Dicebatur
1381 3130 1641 3193 scriptura,
1659 3129 1773 3191 quia
1863 3142 2063 3189 ventus,
2096 3131 2147 3177 in
2173 3132 2352 3194 quibus
2378 3145 2566 3197 prator
2593 3130 2732 3178 forum
2758 3131 2826 3182 *δ’

743 3222 962 3278 pastores
987 3207 1248 3272 oportebat
1272 3218 1325 3255 ut
1351 3224 1607 3257 numerum
1628 3223 1773 3270 pecu-
1863 3210 1948 3258 bat
1973 3210 2075 3258 sive
2095 3212 2177 3271 jus
2205 3211 2416 3259 dicebat.

745 3292 860 3340 dnm
890 3304 1016 3353 quos
1044 3289 1095 3335 in
1126 3303 1269 3352 agros
1295 3288 1524 3353 publicos
1545 3288 1774 3335 immitte·
1937 3297 1985 3344 4.
2028 3289 2182 3338 Abest
2203 3289 2614 3353 familiar-imma
2649 3302 2676 3332 Ι
2703 3275 2825 3330 ⁰⁰&

747 3381 856 3420 rent
873 3406 887 3431 ,
928 3367 992 3415 ad
1039 3367 1356 3431 publicanum
1399 3364 1775 3434 profiterentur3
1864 3369 2082 3427 Metelli,
2109 3380 2156 3417 et
2183 3370 2300 3417 satis
2325 3382 2458 3420 recte
2481 3373 2629 3420 abest.
2644 3364 2750 3415 LV.
2769 3359 2806 3405 L

747 3466 892 3513 quem
922 3463 1176 3495 numerum
1204 3446 1494 3512 publicanus
1521 3446 1573 3492 in
1596 3444 1779 3493 tabulis
1941 3451 1988 3498 5.
2008 3447 2136 3497 Hm'c
2154 3449 2360 3498 ceder-ee.
2377 3450 2457 3498 Ad
2475 3455 2664 3500 Verrem
2683 3439 2823 3491 rediret

748 3529 848 3576 suis
889 3525 1221 3588 describebat3
1255 3525 1385 3574 unde
1416 3525 1665 3588 vectigalis
1707 3542 1776 3573 ra·
1865 3528 1967 3591 Qui
1993 3543 2161 3575 sensus
2178 3529 2332 3592 magis
2353 3544 2464 3576 eum
2491 3546 2599 3596 sqq.
2625 3524 2826 3584 congffl

752 3608 823 3654 tio
874 3605 1001 3653 inter
1049 3618 1292 3670 pastorem
1354 3616 1406 3653 et
1455 3605 1777 3669 publicanum
1866 3606 2090 3664 videtur,
2111 3622 2256 3669 quam
2282 3608 2356 3667 si,
2385 3624 2499 3657 cum
2535 3606 2697 3675 gallico
2720 3600 2824 3646 inst

752 3683 1126 3733 conficiebatur.
1866 3696 2030 3748 prete,
2054 3686 2295 3749 iuteuigu
2310 3721 2325 3746 ‚
2342 3708 2368 3728 -
2381 3689 2538 3751 priori
2558 3693 2725 3753 quaen
2742 3677 2822 3723 θ’

824 3780 873 3810 a.
891 3764 983 3807 Pro
1010 3761 1264 3823 magistro.
1290 3762 1568 3820 Publiceni,
1595 3777 1679 3809 sen
1702 3779 1779 3811 ro·
1868 3766 2025 3825 maior
2041 3785 2084 3811 ¹·-

751 3841 884 3892 mani
910 3838 1097 3902 equites
1113 3874 1128 3895 ‚
1162 3840 1245 3901 qui
1267 3841 1550 3904 reipublicae
1570 3843 1781 3906 vectiga·
1941 3845 1989 3891 6.
2018 3843 2088 3890 lis
2098 3841 2321 3907 serebat.
2354 3848 2489 3908 Quas
2522 3864 2573 3895 se
2604 3849 2745 3892 muw⁰
2768 3826 2822 3874 δ”

748 3924 814 3973 lia
861 3916 1189 3977 redimebant,
1236 3919 1522 3982 magistrum
1573 3920 1780 3984 aliquem
1871 3922 1997 3970 disse
2039 3923 2273 3986 pecunias
2309 3923 2583 3983 scribebat,
2630 3919 2720 3968 illa·
2744 3924 2779 3957 Ψ
2804 3917 2822 3947 ⁸

749 3999 992 4051 societatis
1023 3996 1287 4061 eligebant,
1313 3998 1398 4061 qui
1435 4001 1601 4047 omnia
1636 4002 1783 4049 socie-
1869 4004 2036 4048 ven-is
2080 4002 2272 4062 sci-iba,
2308 4015 2396 4051 aut
2434 3997 2739 4053 Timarchide»
2764 3991 2823 4033 η’

754 4082 866 4129 tatis
916 4077 1109 4142 negotia
1162 4080 1333 4125 Roma:
1396 4078 1779 4129 administrabat.
1871 4082 1980 4144 ipso
2015 4084 2166 4130 Verre
2196 4084 2442 4148 accepisse
2478 4085 2529 4133 in
2566 4079 2718 4134 tabula
2740 4064 2822 4117 “5“

754 4160 989 4225 Magister
1033 4172 1149 4204 νει-ο
1195 4156 1275 4205 ille
1330 4158 1381 4205 in
1435 4159 1739 4223 provinciam
1764 4195 1778 4219 ,
1869 4161 2026 4211 rebat.
