3044 4788
656 371 824 472 „582
1407 338 1414 351 ’
1469 367 2011 453 APPENDIX

1566 541 1905 605 Judicae‘um.

775 699 896 762 Die
926 699 1117 761 tertio
1137 697 1451 778 judicium
1488 698 1731 762 factum
1771 713 1895 779 est,
1932 697 2055 760 nisi
2087 712 2203 759 aut
2232 695 2468 776 judex,
2500 711 2623 757 aut
2655 697 2817 760 alter

685 805 1078 921 litigatorum
1114 802 1336 867 abfuit.

774 907 972 989 Quod
994 908 1048 971 si
1069 929 1255 971 causa
1280 906 1582 970 absentiae
1609 908 1734 970 fuit
1756 906 2140 993 probabilis,
2178 905 2277 969 uti
2303 929 2364 969 v.
2384 927 2480 993 gr.
2498 905 2811 985 morbus,

699 1011 834 1076 dies
861 1010 1088 1091 judicii
1115 1010 1401 1098 prolatus
1430 1025 1561 1091 est,
1594 1033 1708 1073 seu
1739 1009 2037 1074 diffissus.

784 1118 1133 1205 Postquam
1154 1115 1355 1196 judex
1385 1116 1589 1196 venit,
1626 1116 1944 1204 extemplo
1970 1113 2051 1179 ad
2070 1112 2419 1195 jurandum
2445 1116 2721 1178 accessit
2746 1138 2811 1177 se

688 1245 765 1285 ex
809 1222 946 1315 lege
988 1221 1450 1301 judicaturum.
1497 1221 1773 1286 Arbiter
1810 1244 1944 1285 non
1988 1219 2258 1302 juravit,
2301 1221 2454 1309 quia
2498 1221 2809 1309 cognovit

685 1347 905 1389 causas
938 1348 1084 1414 quae
1106 1343 1286 1391 erant
1315 1325 1505 1390 bonae
1533 1324 1706 1401 fidei.
1727 1325 2032 1389 Formula
2055 1324 2474 1406 jurisjurandi
2497 1325 2806 1388 solemnis

683 1432 916 1513 fuit,-
892 1455 1010 1496 «ex
1055 1433 1253 1496 animi
1296 1430 1693 1496 sententia-2
1748 1431 1967 1510 loeus,
2026 1454 2133 1494 ara
2186 1432 2254 1493 in
2312 1431 2623 1512 eomitiO,
2667 1453 2806 1519 quae

684 1539 939 1624 «puteal
971 1538 1237 1603 Libonis
1253 1566 1280 1592 ι
1317 1537 1672 1603 dicebatur.

775 1642 974 1726 Quod
1009 1644 1061 1707 si
1100 1616 1492 1733 litigatorum
1537 1643 1697 1707 alter
1739 1666 1871 1706 non
1910 1641 2201 1723 adesset,
2248 1664 2462 1729 neque
2499 1642 2807 1705 morbum

684 1765 1050 1830 excusaret,
1085 1773 1221 1814 non
1265 1749 1478 1813 statim
1511 1769 1703 1812 causa
1740 1746 2046 1829 cadebat3
2090 1745 2237 1828 sed,
2285 1744 2551 1810 dimisso
2605 1747 2810 1809 tribu·

687 1858 849 1939 nali,
891 1856 1049 1919 alter
1080 1855 1162 1920 ad
1207 1872 1547 1942 praetorem
1592 1854 1760 1936 ibat,
1797 1877 1830 1917 a
1871 1878 2005 1942 quo
2051 1854 2371 1933 edictum,
2406 1876 2540 1939 quo
2577 1854 2812 1917 absens

685 1962 1023 2041 citaretur,
1061 1962 1448 2049 postulabat.
1493 1961 1702 2025 Dabat
1736 1976 1973 2048 praetor
1995 1960 2085 2046 ‚in
2123 1957 2258 2023 dies
2298 1958 2517 2023 decem
2538 2006 2559 2039 ,
2612 1961 2721 2022 cui
2758 1961 2807 2022 si

687 2069 917 2131 absens
954 2090 1088 2130 non
1125 2085 1411 2155 pareret,
1447 2068 1807 2133 secundum
1845 2068 1866 2131 i
2078 2136 2082 2144 ,
2120 2067 2341 2131 decem
2384 2083 2580 2154 atque
2618 2067 2805 2130 etiam

691 2171 952 2242 tertium
987 2170 1269 2235 edictum
1301 2172 1656 2257 scribebat,
1704 2190 1769 2238 et
1804 2172 1928 2237 den
2049 2197 2086 2237 e
2117 2172 2348 2237 edebat
2376 2174 2441 2236 in
2478 2195 2633 2241 eum
2673 2172 2808 2237 edi-

692 2293 872 2340 ctum
941 2278 1477 2365 peremptorium,
1537 2302 1614 2343 ao
1666 2280 2013 2360 jubebatur
2052 2278 2248 2359 judex
2308 2277 2389 2342 de
2436 2279 2577 2359 lite,
2629 2278 2806 2365 quasi

691 2399 1004 2471 praesente
1031 2400 1348 2472 utroque,
1375 2407 1801 2474 cognoscere,
1830 2386 1934 2450 cui
1962 2401 2174 2449 tamen
2205 2384 2258 2449 si
2285 2383 2511 2448 melior
2529 2383 2812 2447 absentis

694 2483 886 2554 ca'usa
914 2489 1259 2572 videretur,
1297 2514 1417 2580 pro
1453 2513 1533 2554 eo
1559 2490 1846 2572 judicare
1876 2491 2126 2555 licebat.

774 2594 984 2660 Judex
1018 2617 1226 2682 quum
1271 2617 1442 2659 unus
1487 2596 1646 2677 fuit,
1699 2619 1904 2659 unum
1954 2613 2067 2660 aut
2121 2595 2285 2660 duos
2322 2595 2549 2674 judicii
2601 2597 2811 2659 socios

686 2701 1089 2788 jurisperitos
1122 2700 1244 2764 sibi
1276 2700 1603 2782 adjunxit,
1646 2723 1927 2789 quorum
1974 2703 2247 2766 consilio
2277 2702 2341 2764 in
2377 2701 2624 2780 judicio
2671 2718 2813 2763 ute-

693 2822 892 2869 retur.
937 2805 1036 2868 Ita'
1070 2804 1386 2893 Aquillius
1423 2806 1488 2867 in
1532 2828 1718 2882 causa
1760 2805 2010 2886 Quintii
2044 2804 2272 2887 judex,
2318 2822 2441 2870 tres
2485 2805 2810 2883 juriscon-

692 2909 895 2972 sultos
928 2908 993 2970 in
1028 2909 1369 2973 consilium
1396 2911 1661 2976 vocavit.
1687 2910 1833 2997 Ipse
1866 2909 2033 2974 sedit
2052 2913 2340 2995 juratus,-
2378 2911 2480 2973 alii
2514 2910 2809 2988 injurati:

695 3035 827 3077 non
860 3013 1033 3076 enim
1060 3012 1460 3095 judicarunt,
1493 3013 1609 3078 sed
1642 3015 1985 3078 consilium
2019 3016 2605 3078 communicarunt.

780 3120 983 3183 Causa
1045 3121 1481 3207 exponebatur
1539 3118 1711 3207 apud
1766 3120 2049 3199 judicem
2113 3138 2229 3184 aut
2290 3120 2433 3208 per*
2462 3121 2811 3208 litigatores

697 3226 908 3313 ipsos,
964 3241 1077 3288 aut
1117 3247 1234 3311 per
1282 3241 1664 3313 patronum,
1701 3226 1799 3289 uti
1831 3227 2056 3290 Cicero
2093 3226 2343 3309 Quintii
2390 3249 2647 3289 causam
2684 3228 2811 3314 egit

697 3330 873 3419 apud
905 3330 1284 3418 Aquillium.
1333 3329 1573 3394 Eadem
1622 3348 1737 3396 aut
1783 3333 2000 3420 paucis
2022 3380 2039 3412 ,
2092 3348 2204 3395 aut
2256 3330 2549 3419 pluribus
2602 3332 2814 3395 verbis

701 3435 1167 3523 exponebatur.

791 3541 1003 3604 Brevis
1040 3541 1349 3629 expositio
1381 3542 1815 3630 appellabatur
1852 3566 2053 3607 causae
2086 3544 2401 3623 conjectio
2419 3591 2438 3624 ,
2470 3565 2585 3606 seu
2619 3545 2816 3608 colle·

704 3647 868 3723 ctio,
900 3647 1078 3731 quasi
1116 3646 1318 3728 dicas,
1357 3670 1562 3712 causae
1588 3650 1655 3712 in
1685 3631 1878 3714 breve
1903 3650 2190 3730 coactio;
2222 3649 2375 3735 quia
2408 3647 2563 3712 inde
2584 3649 2815 3729 judex.

708 3747 924 3812 audita
977 3748 1097 3812 levi
1150 3750 1541 3838 litigatorum
1598 3754 2039 3834 altercatione,
2096 3776 2414 3816 summam
2471 3754 2813 3841 quamdam

708 3854 844 3933 ejus
878 3854 1326 3916 controversiae
1353 3856 1534 3941 quasi
1564 3857 2085 3922 informationem
2111 3858 2812 3946 colligebat.Longioris

706 3958 1120 4044 expositionis
1202 3961 1494 4047 exemplo
1573 3963 1702 4024 sint
1776 3985 1979 4026 causae
2050 3987 2083 4025 a
2155 3964 2466 4026 Cicerone
2539 3960 2811 4025 defensae

707 4065 778 4128 P.
820 4064 1103 4145 Quintii‚
1146 4081 1209 4128 et
1261 4066 1340 4145 Q.
1376 4068 1608 4130 Roscii.
1644 4069 1939 4133 Testibus
1987 4071 2093 4155 qui
2159 4071 2539 4157 plerumque
2595 4067 2808 4130 decem
