3044 4788
650 424 756 493 ῙΝ
808 426 1233 494 VERREM
1284 426 1501 496 ACT.
1556 429 1663 512 11,
1716 430 1899 497 Lm.
1955 432 2055 497 11.
2275 430 2412 525 487

291 570 452 642 quae
517 544 656 615 hoc
709 544 1205 619 demonstrare
1259 548 1612 633 videntur,
1665 549 2196 645 propemodum
2264 575 2415 620 non

290 660 528 741 minus
563 656 822 726 multas
856 671 1121 727 statuas
1153 659 1370 728 istum
1408 659 1735 756 posuisse
1770 660 2128 753 Syracusis
2151 712 2170 745 ,
2197 683 2417 755 quam

292 767 691 839 abstulisse.
739 769 925 838 Huic
961 772 1176 838 etiam
1214 774 1458 840 Romae
1498 769 1827 841 videmus
1863 772 1938 839 in
1973 769 2126 840 basi
2160 786 2421 842 statua-

290 903 475 964 rum,
498 880 824 979 maximis
848 877 1072 949 literis
1097 881 1429 967 incisum,
1448 907 1493 951 A
1513 905 1856 952 commum
1887 885 2168 953 Sicimffi
2195 883 2415 954 datas.

288 988 827 1079 Quamobrem?
855 991 981 1087 qui
1003 989 1146 1061 hoc
1180 990 1473 1087 probari
1501 1006 1741 1088 potest
1771 993 2148 1089 cuiquam,
2185 1009 2421 1065 tantos

289 1099 607 1171 honores
641 1099 926 1170 habitos
962 1124 1118 1170 esse
1156 1098 1246 1169 ab
1292 1101 1577 1170 invitis?

383 1213 632 1280 LXIV.
669 1210 800 1280 Hic
834 1208 969 1280 tibi
1005 1214 1222 1279 etiam
1262 1210 1493 1281 multo
1535 1211 1795 1305 magiS,
1836 1236 2052 1308 quam
2098 1225 2301 1285 ante¹
2341 1218 2418 1285 in

291 1316 697 1388 aratoribus
716 1371 735 1404 ,
767 1316 1158 1389 videndum
1189 1334 1259 1389 et
1288 1319 1888 1390 considerandum
1924 1337 2029 1393 est
2053 1377 2071 1409 ,
2099 1325 2276 1421 quid
2310 1350 2422 1396 ve-

292 1428 379 1499 lis
410 1454 426 1498 :
465 1453 719 1525 magna
746 1453 860 1499 res
890 1442 1013 1499 est.
1067 1432 1329 1499 Utrum
1363 1428 1492 1500 tibi
1531 1428 1810 1500 Siculos
1854 1430 2144 1527 publice
2183 1439 2418 1531 p‘riva·

293 1541 566 1635 timque
594 1540 892 1626 amicOS,
910 1563 1002 1609 an
1024 1539 1351 1610 inimicos
1384 1540 1773 1610 existimari
1805 1540 1953 1608 vis?
1979 1541 2037 1610 si
2065 1542 2417 1630 inimicOS,

296 1648 475 1746 quid
501 1664 568 1720 te
585 1660 613 1691 ²
640 1648 967 1720 futurum
986 1651 1134 1720 est?
1158 1674 1307 1745 quo
1331 1648 1745 1746 confugies?
1770 1648 1896 1720 ubi
1916 1651 2183 1722 nitere?
2199 1654 2421 1725 Modo

296 1771 660 1829 aratorum
697 1758 1370 1829 honestissimorum
1406 1760 1785 1829 hominum
1820 1784 1903 1830 ac
1943 1762 2419 1859 locupletissi-

301 1894 581 1940 morum
606 1924 625 1958 ,
680 1884 752 1940 et
786 1870 1221 1954 Siculorum,
1276 1884 1348 1940 et
1384 1873 1649 1941 civium
1685 1895 2153 1942 romanorum
2194 1875 2422 1941 maxi-

302 1976 545 2050 mum3
590 2004 977 2051 numerum
1023 1979 1149 2050 abs
1188 1994 1256 2049 te
1306 1979 1722 2051 abalienasti
1764 2010 1778 2052 :
1827 2007 2021 2053 nunc
2057 1982 2150 2055 de
2186 1982 2425 2055 siculis

303 2087 705 2160 civitatibus
733 2089 910 2185 quid
934 2092 1146 2186 ages?
1174 2090 1385 2160 Dices
1406 2145 1425 2177 ,
1473 2089 1600 2160 tibi
1630 2092 1905 2163 Siculos
1936 2117 2090 2163 esse
2119 2094 2430 2165 amicos?

304 2201 430 2297 qui
469 2200 789 2299 poteris?
825 2201 994 2297 qui,
1041 2199 1239 2296 quod
1276 2199 1479 2270 nullo
1527 2202 1601 2270 in
1647 2200 1942 2273 homine
1989 2218 2199 2274 antea
2232 2202 2427 2275 fece-

304 2315 544 2401 runt4,
572 2324 652 2381 ut
683 2311 758 2380 in
776 2334 942 2382 eum
970 2309 1261 2409 publice
1293 2313 1787 2382 testimonium
1826 2311 2170 2402 dicerent,
2193 2340 2424 2412 quum

307 2427 691 2521 praesertim
729 2446 817 2492 ex
849 2447 931 2493 ea
961 2424 1328 2519 provincia
1367 2419 1878 2492 condemnati⁵
1916 2424 2058 2492 sint
2094 2424 2423 2522 complu-

310 2556 452 2616 res»,
483 2532 610 2627 qui
650 2528 752 2600 ibi
785 2546 1125 2628 praetores
1168 2530 1506 2617 fuerunt,
1539 2531 1687 2602 duo
1727 2532 1860 2603 soli
1900 2530 2245 2620 absoluti;
2281 2535 2429 2607 huc

316 2636 792 2711 conveniunt⁶
838 2665 1006 2710 cum
1041 2641 1301 2729 literis,
1332 2641 1642 2711 veniunt
1677 2665 1846 2711 cum
1888 2642 2280 2728 mandatis,
2308 2668 2427 2715 ve·

313 2751 517 2821 niunt
561 2773 728 2821 cum
774 2752 1203 2822 testimoniis
1250 2750 1613 2848 publicis:
1662 2751 1831 2847 qui,
1879 2751 1937 2819 si
1980 2764 2048 2820 te
2092 2749 2432 2848 publice⁷

314 2859 720 2948 laudarent,
759 2875 999 2931 tamen
1041 2859 1116 2930 id
1156 2885 1357 2931 more
1399 2859 1640 2958 potius
1685 2884 1859 2945 su0,
1911 2883 2131 2956 quam
2168 2863 2430 2934 merito

262 3057 265 3058 ⁷
318 2985 465 3059 tuo,
496 2968 730 3042 facere
759 2968 1193 3040 viderentur.
1228 2973 1315 3041 Hi
1346 2995 1578 3068 quum
1606 2969 1697 3041 de
1730 2971 1871 3041 tuis
1904 2968 2104 3042 factis
2137 2971 2432 3069 publice

320 3098 878 3179 cenqueruntur‚
915 3105 1163 3152 nonne
1209 3081 1349 3153 hoc
1386 3081 1742 3168 indicant,
1779 3095 2012 3152 tantas
2047 3105 2199 3154 esse
2245 3082 2436 3175 inju-

378 3287 557 3333 LXIV.
592 3301 639 3332 1.
679 3283 899 3330 Gravius
938 3297 966 3329 e
1010 3279 1125 3330 eod.
1159 3279 1349 3329 Ναυῆ(

324 3363 513 3428 «paullo
536 3374 647 3411 ente
663 3385 707 3410 n.
731 3365 860 3411 J.v.
887 3365 941 3410 L.

383 3460 430 3491 α.
461 3442 594 3505 Quid
632 3453 695 3488 te.
737 3440 873 3504 Quid
915 3440 976 3489 de
1023 3451 1104 3500 te·;
1141 3439 1293 3488 veteri
1310 3472 1326 3497 ,

326 3539 453 3588 qum
466 3522 643 3585 eaepius
656 3519 1016 3568 observavimus
1025 3554 1041 3579 ,
1064 3519 1329 3568 locutione·

381 3603 434 3649 3.
454 3600 608 3649 Abest
634 3597 915 3647 maximum.
937 3602 970 3648 J
977 3601 1061 3648 ,ἶ
1080 3604 1134 3648 L.

385 3687 432 3735 4.
456 3679 535 3727 Sic
554 3679 745 3734 Ernest.
765 3687 879 3742 poet
897 3679 1177 3727 Gruterum.
1192 3677 1325 3726 Oliv.

325 3759 491 3822 alique
518 3757 661 3806 multi
677 3793 691 3815 ,
704 3755 947 3822 fecerant.
975 3758 1101 3807 LV.
1129 3761 1184 3807 L.

387 3837 435 3885 5.
477 3836 811 3885 Condemnati.
843 3837 1030 3900 Nempe
1064 3852 1090 3883 e
1128 3838 1330 3901 privetis

314 3915 696 3982 provincialibus
711 3950 725 3974 ,
743 3915 829 3962 sed
857 3930 958 3962 nou
985 3916 1134 3963 totius
1151 3915 1329 3963 Siciliae

316 4011 555 4045 eoueemu
589 3994 780 4043 fueram
812 3995 1050 4050 accusatu
1093 3995 1178 4058 qui
1213 4011 1330 4043 vero

314 4076 494 4124 fuerint
515 4074 617 4124 duo
642 4074 714 4122 illi
734 4073 942 4123 absoluti
963 4085 1210 4138 pretores,
1230 4091 1331 4123 nou

316 4154 483 4218 liquet.

1486 3283 1538 3330 6.
1577 3282 1683 3329 Huc
1715 3280 2018 3329 conveniunt.
2069 3279 2310 3328 Nonnulli
2352 3295 2438 3328 co·

1416 3361 1552 3410 dlees
1571 3395 1587 3422 ,
1637 3383 1660 3403 ι
1685 3360 1738 3408 hi
1789 3376 1921 3408 nunc
1970 3361 2173 3408 veniunt
2197 3370 2251 3416 ·;
2300 3359 2437 3422 quod

1414 3441 1573 3490 libem
1596 3440 1882 3504 acceperim.
1913 3439 2204 3487 Geratouiue
2228 3437 2437 3502 protulit

1415 3537 1479 3570 ex
1498 3535 1603 3569 uno
1623 3520 1952 3581 manuscripto
1964 3553 1978 3575 ‚
1997 3537 2022 3560 α
2039 3533 2170 3565 nune
2193 3528 2364 3565 contra
2386 3528 2436 3566 te

1416 3601 1622 3647 veniunt
1642 3620 1684 3647 ι.
1729 3599 1927 3647 Rectius
1980 3613 2177 3662 quoque
2221 3597 2435 3662 vulgato.

1413 3680 1447 3729 J
1450 3715 1463 3727 .
1482 3682 1547 3729 V.
1583 3682 1641 3727 L.

1489 3775 1540 3818 7.
1560 3759 1750 3807 Erneet.
1775 3757 1906 3806 delet
1921 3757 2132 3821 publice.
2158 3758 2191 3807 J
2194 3757 2286 3805 ΛΓ.
2314 3756 2435 3806 L.-

1414 3840 1642 3889 Ceterum
1665 3838 1888 3901 quamvis
1907 3837 1961 3885 in
1984 3841 2149 3885 Frene.
2166 3834 2314 3894 absit,
2334 3849 2437 3881 nou

1414 3917 1560 3965 video
1579 3933 1668 3964 cur
1685 3929 1957 3966 ceterorum
1976 3919 2194 3965 omnium
2210 3913 2436 3962 codicum

1418 3996 1697 4045 auctoritati
1723 3995 2112 4054 contradicatur,
2144 4010 2234 4042 nee
2260 4009 2317 4041 ea
2343 4007 2439 4039 eer-

1419 4087 1563 4125 vetur
1581 4092 1702 4132 vox,
1721 4093 1830 4142 qun
1848 4090 2027 4127 novem
2049 4074 2149 4123 vim
2168 4084 2279 4122 aute
2298 4069 2441 4120 dioti-

1420 4155 1579 4202 addit.
