3044 4788
775 421 902 490 DE
951 421 1461 493 PRAE'r-oRE
1520 425 1983 495 URBANo.
2309 424 2450 520 389

312 554 662 630 pugnasset
692 539 829 604 haec
856 563 1011 629 cum
1037 542 1362 629 aequitate.
1387 543 1572 607 Hanc
1603 565 1754 606 cum
1786 543 2039 632 legibus
2070 544 2352 631 antiquis
2377 546 2442 607 in

312 643 731 712 concordiam
783 643 1137 723 adducere,
1181 669 1424 711 munus
1462 663 1599 711 erat
1636 664 1992 735 proetorum
2012 696 2032 729 ,
2069 664 2136 714 et
2172 649 2304 712 hoc
2344 665 2443 713 est
2475 720 2479 725 ‚

308 750 607 837 praetoris
636 748 926 831 edictum
970 751 1263 841 Ciceroni
1313 752 1504 817 toties
1550 770 1984 821 memoratum
2024 754 2093 817 in
2118 753 2406 819 verrinis
2423 803 2444 837 ,

308 872 374 920 et
404 856 575 920 alibi.

393 963 493 1026 Ex
528 983 610 1028 eo
653 983 865 1043 more,
919 962 1119 1028 veluti
1166 964 1483 1051 aequitatis
1528 965 1730 1029 totius
1772 966 2022 1054 origine
2046 1014 2065 1047 ,
2107 966 2330 1030 omnia
2365 988 2438 1030 ea

306 1065 635 1131 fluxerunt
697 1065 905 1131 edicta
968 1090 1255 1155 quorum
1319 1068 1850 1157 interpretatione
1904 1086 2184 1135 utuntur
2240 1070 2440 1135 hodie

297 1172 760 1252 jurisconsulti.
797 1172 897 1236 Ne
925 1193 1078 1236 vero
1119 1173 1264 1261 quis
1303 1173 1627 1237 existimet
1661 1175 1897 1263 scripta
1938 1174 2041 1239 illa
2076 1175 2277 1241 fuisse
2315 1199 2436 1264 pro

303 1276 571 1345 libidine
615 1278 948 1367 praetoris5
1002 1278 1070 1342 in
1123 1279 1214 1343 eis
1264 1277 1734 1344 constituendis
1796 1280 2309 1347 observabantur
2364 1304 2439 1346 ea

302 1384 623 1473 praecipue
651 1406 799 1472 quae,
822 1406 1004 1448 more
1042 1385 1361 1464 majorum
1395 1384 1750 1449 constituta
1789 1402 2032 1468 essent,
2077 1386 2146 1451 id
2173 1403 2302 1470 est,
2357 1410 2435 1452 ex

300 1487 557 1576 legibus,
570 1487 882 1570 romanis,
912 1502 977 1551 et
1013 1510 1091 1552 ex
1124 1488 1536 1576 superiorum
1572 1505 1928 1578 praetorum
1957 1489 2223 1573 edictis3
2254 1491 2432 1577 uude

302 1592 680 1657 translatitia
721 1591 1227 1681 appellabantur.
1263 1594 1488 1682 Itaque
1521 1582 1789 1675 Verres,
1836 1596 1941 1660 cui
1984 1618 2105 1683 pro
2136 1597 2277 1685 lege
2307 1598 2452 1664 fuit-

300 1697 539 1781 lihido,
569 1719 712 1763 eam
744 1698 831 1763 ob
861 1721 1117 1763 causam
1142 1722 1181 1763 a
1213 1699 1527 1764 Cicerone
1555 1701 2008 1789 perstringitur
2030 1723 2164 1771 non
2199 1703 2425 1777 semel,

302 1803 488 1892 quod
533 1805 731 1871 multa
771 1804 1104 1886 edixisset,
1155 1828 1298 1893 quae
1354 1828 1550 1870 nemo
1605 1807 2015 1894 superiorum
2071 1823 2425 1895 praetorum

298 1908 601 1979 edixerat.

383 2016 513 2082 Pro
540 2018 737 2083 Verre
768 2034 983 2084 tamen
1031 2034 1258 2086 contra
1290 2019 1620 2084 Ciceronis
1662 2020 2137 2085 accusationem
2172 2035 2420 2107 pugnat

294 2123 786 2205 Hotomannus,
834 2125 1102 2189 Observ.
1137 2125 1246 2189 lib.
1276 2127 1342 2205 I,
1378 2148 1515 2213 cap.
1542 2148 1567 2187 1
1596 2140 1661 2196 et
1692 2148 1727 2189 2
1751 2141 1995 2245 ,atque
2027 2122 2226 2189 istum
2260 2147 2420 2211 pur-

292 2251 443 2319 gare
473 2230 672 2314 velle,
706 2228 819 2295 sed
850 2229 1118 2312 frustra,
1150 2230 1428 2296 videtur.

377 2332 679 2406 Edictum
736 2337 1027 2425 praetoris
1078 2352 1468 2425 perpetuum
1534 2332 2006 2426 appellabatur,
2067 2338 2219 2426 quia
2276 2352 2418 2401 toto

289 2461 465 2504 anno
495 2455 790 2529 praeturae
820 2458 1133 2531 perpetua
1169 2457 1306 2506 erat
1335 2443 1553 2532 regula
1573 2523 1580 2528 .
1598 2465 1634 2505 a
1670 2465 1799 2529 qua
1837 2442 2136 2508 recedere
2172 2444 2240 2512 in
2269 2443 2416 2523 jure

290 2542 569 2614 dicendo
605 2547 868 2634 praetori
907 2569 1040 2610 non
1074 2545 1328 2628 licebat,
1363 2570 1442 2612 ex
1478 2545 2039 2615 senatusconsulto
2075 2547 2228 2610 anni
2267 2544 2414 2611 585.

288 2648 523 2738 Neque
562 2674 642 2720 eo
679 2651 894 2716 minus
932 2668 1148 2716 tamen
1193 2652 1402 2717 edicta
1449 2674 1568 2716 sua
1613 2667 2029 2718 mutaverunt
2072 2667 2376 2739 praetores
2395 2701 2411 2733 ‚

286 2771 483 2843 atque
532 2755 835 2847 deinceps
885 2781 964 2826 eo
1006 2781 1214 2840 anno,
1260 2772 1395 2846 quo
1425 2758 1869 2847 magistratum
1901 2773 2277 2848 gesserunt,
2305 2759 2430 2839 jus·

284 2859 496 2944 aliud,
540 2884 744 2950 quam.
780 2861 960 2950 quod
1009 2863 1272 2951 polliciti
1322 2878 1542 2944 erant,
1589 2861 1925 2945 dixerunt5
1971 2884 2107 2949 quo
2144 2863 2410 2926 nomine

283 2966 551 3042 Verrem
579 2968 807 3033 Cicero
829 2967 1067 3057 passim
1101 2969 1411 3058 exagitat,
1448 2967 1548 3032 uti
1580 2991 1640 3032 V.
1674 2990 1769 3056 gr.
1796 2966 1919 3034 lib.
1942 2967 1974 3032 1
1994 3016 2012 3050 ,
2043 2990 2179 3056 cap.
2211 2968 2318 3051 46,
2347 2985 2412 3032 et

282 3094 449 3159 pass.
496 3075 711 3156 Quam
748 3073 836 3139 ob
872 3097 1134 3139 causam
1171 3076 1241 3138 C.
1277 3073 1614 3139 Cornelius
1651 3074 1953 3139 tribunus
1989 3073 2196 3162 plebis
2234 3059 2408 3138 anno

282 3177 411 3244 686
460 3180 700 3269 legem,
748 3181 868 3245 etsi
920 3202 1118 3244 nemo
1172 3195 1389 3268 aperte
1413 3220 1416 3223 ·
1440 3193 1871 3269 repugnaret,
1919 3177 2139 3242 multis
2192 3197 2406 3252 tamen

276 3281 494 3348 invitis
517 3332 535 3366 ,
579 3283 762 3367 tulit,
824 3301 897 3349 ut
950 3299 1254 3374 praetores
1310 3306 1389 3348 ex
1450 3282 1677 3348 edictis
1730 3284 1865 3356 suis
1927 3283 2255 3372 perpetuis
2299 3284 2407 3378 jus

280 3386 583 3453 (licerent.
627 3390 790 3471 Quae
828 3413 930 3454 res
978 3406 1119 3454 tum
1158 3390 1424 3479 gratiam
1456 3388 1815 3454 ambitiosis
1840 3388 2257 3476 praetoribus,
2293 3390 2408 3476 qui

275 3494 448 3558 varie
475 3495 580 3575 jus
609 3493 818 3559 dicere
843 3511 1252 3562 assueverant
1270 3545 1289 3578 ,
1315 3495 1593 3561 sustulit.
1620 3497 1851 3564 Ascon.
1874 3517 1938 3584 p.
1972 3493 2092 3567 123
2110 3542 2129 3575 ,
2176 3511 2242 3567 et
2266 3495 2402 3560 Liv.
2433 3559 2440 3566 ,

274 3598 501 3689 Suppl.
534 3600 785 3676 XCIX,
829 3603 949 3680 44,
985 3617 1141 3680 tom.
1161 3603 1258 3684 X,
1296 3624 1439 3690 pag.
1471 3599 1600 3672 380
1634 3616 1875 3680 nostrae
1901 3598 2224 3665 editionis.

363 3704 664 3769 Edictum
709 3706 1000 3793 proeto’ris
1044 3707 1111 3769 in
1158 3730 1308 3780 eum
1354 3729 1603 3779 annum
1639 3721 1892 3769 tantum
1924 3706 2208 3787 valebat,
2264 3730 2398 3793 quo

272 3827 511 3898 praetor
550 3826 695 3874 ‘erat
737 3812 824 3893 is,
871 3811 985 3898 qui
1034 3811 1194 3889 illud
1239 3827 1683 3901 proposuerat.
1751 3810 1919 3875 Hinc
1962 3811 2319 3900 appellatur
2362 3836 2398 3875 a

269 3916 584 3982 Cicerone
614 3947 639 3971 κ
659 3915 762 3980 lex
800 3938 1095 3996 annua»,
1134 3915 1246 3980 lib.
1278 3919 1307 3979 Ι
1342 3918 1407 3982 in
1427 3916 1611 3982 Verr.
1653 3940 1791 4005 cap.
1840 3922 1923 3996 42
1955 3941 1969 3980 ε
2017 3934 2078 3981 at
2108 3917 2399 4005 praetoris

273 4024 470 4113 ipsius
498 4023 783 4087 tribunal
817 4045 993 4088 aram
1024 4023 1244 4111 legum
1278 4023 1620 4114 magnifico
1659 4024 1849 4088 titulo
1886 4023 2057 4089 idem
2096 4025 2400 4113 appellat,

273 4128 380 4195 lib.
400 4132 491 4214 ll,
530 4152 664 4219 cap.
690 4129 750 4195 3.
