3044 4788
962 500 1099 566 DE
1145 499 1787 569 PROVINCIIS.
2059 572 2063 576 ,
2298 526 2441 597 2²9

313 634 398 698 de
450 627 969 720 prorogatione...
1006 630 1254 708 Tertio,
1297 629 1564 719 epistola
1606 649 1684 714 9,
1718 628 1828 692 lib.
1866 631 1937 711 1,
1984 630 2120 693 haec
2167 631 2441 696 habetur

312 727 788 802 controversia:
827 733 1051 815 Quum
1086 733 1333 821 Appius
1378 732 1818 814 minitaretur,
1867 755 1935 797 se
1988 755 2435 801 successurum

311 842 588 906 Lentulo
619 840 687 903 in
732 839 1061 928 provincia
1090 838 1308 902 Cilicia
1356 838 1497 902 sine
1537 839 1677 927 lege
1717 839 1960 903 curiata
2002 838 2086 905 de
2126 841 2436 929 imperio,

309 948 489 1012 venit
532 946 602 1009 in
656 944 967 1025 dubium,
1004 961 1307 1033 possetne
1343 945 1654 1008 Lentulus
1688 945 1968 1010 retinere
2002 947 2398 1035 provinciam
2419 998 2437 1030 ,

310 1069 376 1117 et
398 1054 479 1117 ab
499 1053 639 1133 ejus
671 1052 966 1140 ingressu
992 1051 1340 1139 prohibere
1364 1052 1653 1139 Appium
1686 1052 1824 1115 sine
1847 1052 2090 1116 curiata
2114 1053 2257 1142 lege
2286 1054 2439 1120 illuc

310 1160 714 1239 venientem3
761 1179 890 1244 qua
926 1155 1008 1220 de
1050 1178 1123 1220 re
1154 1156 1243 1220 ita
1281 1156 1553 1220 Cicero:
1591 1156 1858 1221 «Varias
1904 1177 2042 1221 esse
2093 1159 2436 1246 opiniones

314 1261 639 1352 intelligo:
682 1278 837 1326 sunt
874 1261 988 1349 qui
1029 1275 1292 1349 putent,
1336 1280 1528 1348 posse
1583 1277 1648 1325 te
1703 1284 1839 1325 non
1875 1261 2217 1347 decedere,
2258 1265 2441 1352 quod

311 1370 452 1434 sine
479 1370 620 1458 lege
653 1368 895 1431 curiata
919 1365 1040 1442 ‘tibi
1062 1365 1503 1429 succedatur».
1534 1365 1706 1430 Hinc
1731 1389 1885 1431 vero
1919 1366 2246 1455 disputare
2269 1371 2442 1458 quis-

312 1475 484 1565 piam
512 1474 759 1562 possit:
799 1487 1058 1537 senatus
1090 1471 1459 1535 decreverat
1488 1471 1772 1536 Ciliciam
1814 1473 2060 1561 Appio,
2108 1497 2240 1538 non
2285 1499 2441 1567 ergo

312 1596 768 1669 prorogaverat
800 1579 1110 1661 Lentu103
1135 1597 1286 1640 nam
1320 1577 1670 1641 ridiculum
1703 1579 1929 1654 fuisset
1962 1579 2255 1645 eamdem
2295 1606 2443 1670 pro·

314 1685 590 1749 vinciam
616 1685 728 1748 uni
754 1683 1100 1752 decernere
1119 1730 1137 1764 ,
1172 1700 1238 1746 et
1270 1679 1452 1746 alteri
1479 1681 1710 1746 eodem
1744 1698 2040 1772 tempore
2061 1707 2433 1776 prorogare.

316 1792 669 1880 Imperium
709 1806 925 1854 tamen
959 1811 1093 1853 non
1134 1800 1554 1877 prorogatum
1599 1790 1876 1853 retinere
1917 1805 2170 1877 poterat
2200 1794 2443 1857 Lentu-

313 1893 448 1977 lus,
494 1897 547 1960 si
605 1896 754 1975 jure
805 1894 1122 1983 potuisset
1168 1916 1303 1957 non
1357 1892 1605 1957 tradere
1642 1893 2040 1980 provinciam
2086 1900 2442 1962 successori

314 2002 453 2067 sine
488 2001 731 2066 curiata
776 2002 916 2089 lege
955 1999 1275 2082 venienti,
1309 1998 1486 2087 quod
1520 2020 1728 2063 unum
1775 1998 2051 2064 dubium
2094 2019 2264 2085 erat3
2304 2027 2439 2067 non

314 2107 508 2196 igitur
532 2106 887 2170 necessaria
922 2120 1058 2169 erat
1085 2106 1528 2193 prorogatio...
1550 2104 1829 2186 Quarto:
1852 2105 2158 2172 C.Verres
2183 2130 2261 2172 ex
2285 2131 2444 2196 prae-

314 2231 458 2290 tura
494 2214 741 2277 urbana
774 2213 999 2277 Siciliae
1043 2212 1301 2300 praefuit
1338 2229 1454 2298 per
1490 2210 1879 2293 triennium,
1935 2210 2244 2301 additque
2287 2238 2442 2279 cau·

312 2341 446 2384 sam
471 2320 821 2383 Asconius:
856 2345 880 2373 ι
904 2317 1075 2401 Quia
1111 2335 1443 2380 successor
1468 2337 1603 2378 non
1645 2331 1744 2380 est
1773 2317 2186 2404 profectus-3
2223 2320 2446 2386 decre..

311 2442 491 2490 verat
541 2441 758 2489 autem
808 2439 1067 2488 senatus
1111 2423 1388 2487 Siciliam
1432 2424 1622 2486 Arrio
1677 2421 1933 2485 cuidam
1953 2472 1970 2498 ‚
2016 2425 2231 2510 primo
2268 2446 2442 2490 anno

314 2533 563 2620 elaps0,
597 2546 671 2594 ut
705 2553 784 2595 ex
804 2531 1092 2593 Verrinis
1125 2530 1476 2618 colligitur3
1516 2529 1632 2616 qui
1670 2544 1877 2616 quum
1914 2543 2026 2593 aut
2060 2553 2192 2593 non
2216 2547 2443 2618 potue-

315 2638 429 2718 rit,
465 2651 578 2700 aut
608 2637 887 2701 noluerit
916 2637 1009 2701 ire
1041 2638 1107 2700 in
1138 2635 1538 2726 provinciam
1556 2683 1576 2716 ,
1621 2637 1889 2701 retinuit
1918 2636 2262 2724 imperium
2284 2639 2440 2701 Ver-

316 2763 419 2807 res
451 2743 588 2806 sine
619 2743 749 2806 ulla
785 2743 1261 2831 prorogatione.
1294 2740 1472 2824 Quid
1509 2741 1685 2804 enim
1700 2740 1886 2805 Verri
1920 2758 2180 2805 senatus
2216 2765 2445 2830 proro-

314 2864 521 2937 garet,
554 2845 733 2935 quod
757 2848 942 2912 Arrio
968 2848 1323 2929 successori
1360 2845 1769 2911 mandaverat
1789 2846 1881 2911 P...
1910 2846 2199 2930 Quinto:
2235 2871 2442 2936 quum

315 2953 536 3016 Pisoni
563 2969 630 3018 et
660 2953 937 3018 Gabinio
975 2954 1324 3018 acerrimus
1363 2952 1661 3015 inimicus
1697 2968 1866 3017 esset
1895 2952 2165 3035 Cicer0,
2203 2974 2446 3043 eosque

315 3078 514 3147 quam
545 3058 828 3146 primum
862 3048 1051 3122 vellet
1078 3057 1160 3121 de
1195 3057 1541 3146 provinciis
1568 3056 1912 3138 decedere,
1950 3056 2051 3121 his
2080 3060 2213 3123 fere
2238 3060 2442 3124 inter·

314 3164 760 3254 rogationibus
787 3165 997 3228 utitur
1019 3164 1310 3228 oratione
1342 3163 1424 3228 de
1456 3163 1840 3254 provinciis:
1873 3192 1899 3218 κ
1916 3163 2084 3227 Huic
2111 3186 2245 3227 non
2273 3187 2455 3228 sum--

314 3271 630 3334 mittetis?
678 3271 797 3335 hos
849 3270 932 3335 de
989 3270 1370 3359 provinciis,
1428 3271 1477 3333 si
1532 3288 1665 3334 non
1701 3267 2045 3358 aliquando
2082 3267 2445 3335 deducendi

312 3391 565 3457 essent,
603 3376 1002 3465 diripiendos
1038 3394 1173 3441 non
1209 3376 1566 3464 putaretis?
1594 3407 1620 3432 ι·
1668 3391 1732 3440 et
1778 3396 2102 3464 nusquam
2150 3376 2443 3463 loquitur

315 3480 397 3545 de
431 3483 926 3572 prorogatione,
965 3504 1170 3570 quum
1205 3498 1422 3547 tamen
1467 3483 1677 3545 multo
1715 3481 1922 3546 aerius
1956 3494 2175 3569 posset
2210 3504 2441 3572 urgere

313 3587 415 3650 his
450 3586 698 3669 verbis3
731 3588 853 3652 hos
884 3610 1018 3653 non
1059 3587 1258 3653 modo
1296 3609 1429 3652 non
1463 3587 1886 3669 revocabitis,
1925 3586 2039 3651 sed
2065 3587 2230 3657 ultra
2258 3588 2445 3652 bien-

311 3693 523 3776 nium,
560 3694 741 3781 quasi
780 3694 947 3757 bene
979 3694 1059 3757 de
1090 3717 1225 3781 rep.
1259 3694 1470 3757 meriti
1501 3710 1748 3774 essent,
1783 3692 2209 3783 prorogabitis
2248 3695 2440 3759 etiam

312 3796 699 3884 imperium?
724 3798 1037 3862 Praeterea
1066 3799 1263 3861 multa
1294 3796 1488 3862 habet
1512 3798 1742 3861 Cicero
1766 3797 1831 3859 in
1862 3797 2083 3862 eadem
2113 3800 2439 3879 oratione,

312 3924 492 3988 qum,
541 3903 593 3965 si
660 3903 1028 3990 requiratur
1091 3903 1494 3991 prorogatiO,
1544 3919 1657 3969 aut
1686 3898 1866 3967 ‘fillsa
1926 3920 2114 3984 sunt,
2164 3920 2278 3967 aut
2331 3907 2438 3969 ab·

310 4005 545 4087 surda;
577 4008 667 4070 ait
697 4008 910 4071 enim:
956 4005 1449 4070 «Restituissetis
1487 4023 1759 4071 vestram
1800 3999 2282 4088 auctoritatem,
2329 4010 2437 4089 iis,

311 4132 427 4199 per
457 4134 626 4199 quos
658 4127 792 4174 erat
819 4111 1075 4186 amissa,
1111 4112 1452 4193 revocatis;
1489 4129 1553 4174 et
1592 4113 1666 4175 iis
1709 4113 1865 4198 ipsis
1916 4112 2193 4199 praemiis
2230 4128 2445 4175 extor-
