3044 4788
802 438 1183 508 ORATIO
1230 441 1431 508 PRO
1481 440 1549 506 S.
1583 440 1983 509 ROSCIO.
2317 438 2449 510 133

326 561 643 644 haberet,
677 573 923 630 tamen
941 615 961 647 ,
990 555 1269 656 quum⁸
1307 576 1494 631 esset
1527 561 1808 648 mulier,
1836 563 2101 630 virtute
2127 558 2449 657 perfecit,

325 685 437 757 ut,
462 683 746 768 quanto
793 668 1069 742 honore
1112 674 1269 768 ipsa
1302 694 1386 740 ex
1428 670 1718 740 illorum
1753 668 2100 766 dignitate
2130 666 2449 740 afficere-

320 793 459 864 tur,
487 804 642 849 non
662 777 1105 849 minora'illis
1132 793 1556 850 ornamenta
1582 805 1668 850 ex
1693 802 1822 850 sua
1852 778 2064 850 laude
2090 777 2444 850 redderet.

407 891 524 957 LI.
552 892 694 974 An,
719 887 922 984 quod
940 886 1327 985 diligenter
1343 886 1781 978 defenditur,
1797 888 1872 959 id
1899 888 2031 960 tibi
2063 888 2443 986 indignum

308 995 599 1068 facinus
627 996 959 1068 videtur?
988 997 1167 1069 Mihi
1202 996 1413 1068 crede
1432 1050 1451 1084 ,
1483 1002 1580 1084 si,
1608 1022 1742 1096 pro
1770 1002 1990 1096 patris
2023 999 2178 1094 ejus
2204 999 2449 1096 hospi-

311 1109 429 1176 tiis
456 1121 534 1177 et
558 1110 784 1203 gratia
804 1161 824 1193 ,
852 1107 1120 1178 vellent
1155 1132 1408 1178 omnes
1439 1105 1660 1203 hujus
1688 1107 2008 1206 hospites
2038 1107 2286 1179 adesse
2308 1163 2328 1192 ,
2370 1124 2464 1180 et·

308 1215 669 1287 auderent
699 1215 925 1287 libere
954 1214 1364 1301 defendere,
1392 1220 1561 1286 satis
1585 1220 1877 1314 copiose
1901 1215 2444 1288 defenderetur:

311 1330 419 1396 sin
449 1341 695 1397 autem
723 1351 857 1424 pro
891 1326 1388 1423 magnitudine
1427 1328 1743 1423 injuriae,
1769 1351 2053 1426 proque
2081 1352 2169 1398 eo
2190 1382 2210 1417 ,
2242 1328 2446 1426 quod

312 1461 595 1507 summa
642 1435 1048 1535 respublica
1065 1448 1087 1478 ¹
1148 1439 1223 1506 in
1270 1435 1489 1532 hujus
1531 1436 1858 1534 periculo
1909 1451 2251 1526 tentatur,
2293 1436 2445 1508 haeo

319 1571 573 1617 omnes
596 1546 1069 1634 vindicarent,
1098 1549 1488 1617 consistere
1517 1545 1930 1617 mehercule
1960 1546 2177 1618 vobis.
2202 1550 2339 1618 isto
2368 1551 2442 1617 in

323 1657 487 1726 loco
536 1681 678 1726 non
728 1656 997 1728 liceret.
1037 1661 1252 1729 Nunc
1295 1659 1393 1726 ita
1442 1653 1881 1743 defenditur,
1937 1681 2085 1737 non
2144 1681 2313 1728 sane
2363 1673 2447 1727 ut

322 1767 615 1838 moleste
639 1764 828 1838 ferre
851 1764 1233 1838 adversarii
1267 1763 1606 1853 debeant,
1633 1790 1872 1863 neque
1898 1781 1980 1837 ut
2011 1792 2086 1837 se
2118 1771 2446 1866 potentia

316 1880 634 1973 superari
661 1892 943 1976 putent.
969 1881 1146 1969 Quae
1173 1876 1368 1946 domi
1401 1874 1715 1972 gerenda
1744 1891 1939 1964 sunt,
1963 1900 2045 1948 ea
2072 1902 2206 1975 per
2229 1881 2446 1948 Caeci-
2510 1951 2511 1958 χ

311 1985 475 2057 liam
497 1993 998 2084 transiguntur
1019 2014 1039 2075 3
1076 1989 1204 2057 sori
1234 1984 1640 2082 judiciique
1667 1989 2018 2058 rationem
2042 1988 2366 2059 Messalla
2386 1999 2441 2075 ²,

310 2111 388 2166 ut
431 2096 728 2184 videtiS,
754 2097 1076 2193 judice5‚
1116 2099 1451 2193 suscepit.
1510 2098 1699 2186 Qui,
1736 2101 1791 2166 si
1827 2099 1976 2192 jam
2012 2099 2181 2168 satis
2220 2101 2442 2168 aetatis

305 2220 525 2302 atque
559 2206 845 2278 roboris
889 2207 1187 2279 liaberet
1209 2262 1228 2294 ‚
1280 2211 1431 2304 ipse
1463 2229 1599 2303 pro
1633 2210 1789 2276 Sex.
1821 2210 2082 2278 Roscio
2122 2207 2393 2280 diceret
2421 2236 2436 2276 ε

306 2320 658 2413 quoniam
683 2317 776 2388 ad
794 2316 1183 2388 dicendum
1210 2314 1731 2414 impedimento
1751 2330 1859 2387 est
1876 2332 2066 2405 aetaS,
2090 2333 2162 2388 et
2178 2317 2443 2417 pudor,

306 2430 434 2522 qui
462 2443 678 2498 ornat
701 2443 1001 2515 aetatem,
1031 2452 1316 2500 causam
1338 2426 1514 2497 mihi
1549 2426 1867 2515 tradidit,
1887 2453 2108 2524 quem
2126 2454 2253 2500 sua
2279 2454 2443 2500 cau-

308 2561 385 2607 sa
403 2536 705 2635 cupere3
721 2563 804 2609 ac
831 2537 1097 2612 debere
1126 2535 1605 2633 intelligebat3
1631 2541 1784 2635 ipse
1805 2537 2247 2625 assiduitate,
2275 2564 2446 2609 con-

309 2647 493 2731 silio,
509 2653 959 2737 auctoritate,
979 2648 1347 2745 diligentia
1368 2645 1693 2744 perfecit,
1724 2662 1804 2718 ut
1827 2651 1985 2718 Sex.
2011 2652 2247 2718 Roscii
2270 2652 2443 2736 vita,

306 2773 552 2855 erepta
590 2758 686 2829 de
719 2758 1053 2830 manibus
1082 2771 1445 2828 sectorum
1467 2811 1485 2842 ,
1513 2760 1889 2826 sententiis
1912 2756 2243 2852 judicum
2278 2783 2438 2855 per-

307 2870 732 2940 mitteretur.
761 2866 1470 2963 Nimirum,·judice5,
1497 2891 1633 2963 pro
1661 2866 1796 2936 hac
1830 2866 2246 2938 nobilitate‘*
2274 2892 2439 2966 pars

307 2982 614 3049 maxima
649 2983 952 3050 civitatis
980 2983 1055 3049 in
1088 2981 1304 3049 armis
1336 2975 1514 3047 fuit:
1552 2976 1703 3045 haec
1745 2991 1900 3047 acta
1935 3001 2047 3047 res
2068 2974 2098 3019 ⁵
2137 2993 2277 3065 est,
2328 2984 2432 3050 uti

305 3086 585 3158 nobiles
627 3092 1177 3173 restituerentur
1203 3091 1278 3157 in
1315 3088 1713 3175 civitatem,
1741 3092 1866 3182 qui
1905 3086 2047 3157 hoc
2080 3086 2434 3176 facerent,

371 3285 1045 3348 8.Qnum.Quamvis.Sensn
1057 3300 1160 3332 non
1172 3299 1321 3332 novo.
1411 3303 1468 3334 ro
1496 3290 1550 3335 in
1577 3289 1757 3344 Bruto,
1789 3304 1896 3353 cap.
1926 3305 2018 3351 79,
2058 3312 2084 3331 u
2102 3292 2175 3337 M.
2205 3290 2429 3338 Messalla

365 3364 452 3413 LI.
489 3379 535 3411 1.
569 3366 766 3411 Summa
794 3364 1083 3428 respublica.
1114 3366 1152 3412 1.
1180 3380 1223 3412 e.
1247 3379 1323 3410 res
1409 3368 1575 3415 minor
1611 3379 1731 3416 natu
1767 3384 1913 3432 quam
1954 3385 2068 3427 nos,
2104 3370 2243 3417 nullo
2278 3371 2430 3418 modo

301 3443 354 3489 in
377 3458 475 3504 qua
495 3453 714 3491 versatur
730 3444 881 3491 totius
906 3446 1032 3509 reip.
1052 3443 1200 3492 salus.
1229 3445 1322 3491 Pu·
1406 3445 1577 3509 inops,
1602 3446 1688 3493 sed
1713 3463 1814 3494 uon
1847 3448 1992 3497 nimis
2025 3459 2227 3497 ornatus
2256 3466 2431 3513 genere

297 3520 426 3567 blica
466 3520 667 3571 liberta
703 3522 753 3569 in
790 3524 1062 3587 periculum
1093 3532 1318 3579 vocatum
1408 3524 1691 3583 verborum,
1719 3526 1962 3591 prudens,
1987 3539 2286 3587 acums,etc.
2303 3552 2328 3573 ι·

296 3599 352 3646 id
377 3599 540 3663 agitur
562 3610 620 3647 ut
655 3616 784 3666 resp.
810 3613 1075 3663 evertatur,
1103 3612 1163 3650 ut
1188 3601 1318 3665 opti·
1478 3605 1531 3652 3.
1563 3605 1715 3667 Quem
1753 3623 1846 3654 sua
1879 3624 2028 3656 eausa
2074 3625 2265 3673 cupere.
2303 3610 2430 3657 Mihi

294 3678 390 3724 1¹¹3·
422 3677 697 3743 quffbmque
726 3680 916 3729 civibus
933 3719 949 3743 ‚
978 3683 1064 3745 qui
1102 3696 1189 3729 ⁸¹¹⁸
1223 3681 1320 3727 Vir·
1408 3707 1553 3754 quem
1591 3708 1691 3739 ωε
1727 3708 1882 3740 cnusae
1913 3695 2074 3743 favere
2109 3697 2217 3744 scit.
2257 3696 2337 3743 Sic
2367 3695 2430 3742 ad

293 3766 404 3803 tute
433 3771 593 3820 remp.
618 3760 886 3819 sustinent,
910 3761 1113 3809 exitium
1148 3761 1319 3809 uffert·
1407 3771 1522 3818 Div.
1540 3771 1663 3817 1111
1680 3804 1694 3826 ‚
1723 3772 1807 3823 66.
1836 3775 1893 3819 111
1916 3774 2080 3837 priore
2101 3790 2276 3836 cupere
2294 3790 2431 3821 amor

293 3844 395 3883 ¹⁰¹·
422 3835 549 3882 Nm*
573 3838 614 3883 δί
643 3838 883 3886 inuocem
916 3840 996 3887 ille
1033 3840 1318 3899 ‘hum-“⁰¹⁸2
1411 3849 1686 3897 ostenditur
1704 3884 1719 3908 ,
1748 3850 1798 3897 in
1827 3855 2095 3914 posteriore
2124 3854 2297 3901 debere
2320 3852 2430 3901 offi-

293 3915 409 3976 quis
447 3914 674 3975 sicarius,
719 3917 857 3980 quod
896 3919 1069 3979 libeat,
1117 3920 1170 3967 id
1230 3921 1323 3968 sibi
1415 3928 1563 3976 cium.
1585 3957 1652 3965 —
1671 3931 1703 3977 J
1709 3931 1794 3978 .V.
1818 3933 1872 3979 L.
1894 3931 2150 3998 intelligat.

295 4007 400 4039 non
440 3991 584 4042 licere
614 4006 871 4058 putaturus
893 4002 1006 4046 est?
1041 3999 1158 4046 vid.
1183 4002 1235 4049 J.
1259 4004 1316 4048 F.
1478 4017 1529 4065 4.
1560 4009 1673 4055 Hac
1708 4008 1980 4061 nobilitate.
2016 4011 2280 4059 Nobilibus
2307 4012 2436 4058 Mes-

294 4073 516 4120 Gronov.
538 4073 603 4121 ad
628 4077 687 4123 Τ.
711 4077 811 4123 mv.
831 4080 1029 4136 xxv1,
1057 4096 1106 4141 9.
1406 4086 1536 4133 sallae
1558 4088 1809 4136 similibus.
1980 4073 1986 4079 ι

367 4168 417 4199 2.
454 4154 705 4203 Messalla.
726 4158 800 4204 De
827 4159 920 4205 hoc
943 4159 1160 4223 loquitur
1182 4162 1318 4210 Cice·
1482 4168 1529 4212 5.
1545 4167 1663 4212 Haec
1681 4178 1797 4213 acta
1814 4183 1906 4214 res.
1929 4174 2073 4215 Arma
2095 4176 2283 4229 sumpta
2302 4176 2431 4215 snut.
