3044 4788
680 390 819 461 336
1323 391 1420 457 M.
1464 392 1544 457 T.
1597 391 2162 460 CICERONIS

674 534 840 582 rum
876 514 1087 582 etiam
1128 512 1490 581 sociorum
1540 525 1759 608 atque
1795 517 2237 600 amicorum,
2276 510 2366 581 ad
2401 514 2547 581 vim
2587 528 2830 609 atque

676 623 765 693 ad
804 646 997 692 arma
1051 619 1510 716 confugient,
1568 636 1651 691 ut
1705 621 1796 692 ab
1838 646 1914 692 se
1963 637 2183 718 atque
2236 621 2330 692 ab
2369 622 2616 693 liberis
2662 628 2836 694 suis

677 734 887 830 legati
932 730 1186 829 populi
1228 732 1509 800 romani
1563 731 1793 802 scelus
1829 756 1911 802 ac
1958 730 2339 803 libidinem
2383 731 2826 828 propulsare

675 841 997 940 possint?
1025 843 1209 910 Nam
1237 863 1485 933 qnaero
1522 838 1652 911 abs
1690 855 1796 927 te,
1835 843 2442 912 circumsessusne
2472 848 2569 912 sis
2609 847 2828 912 Lam·

678 952 913 1050 psaci;
954 949 1349 1045 coeperitne
1408 946 1708 1019 domum
1735 1003 1754 1037 ,
1806 951 1882 1019 in
1928 974 2072 1046 qua
2128 949 2632 1036 deversabare,
2671 950 2827 1020 'illa

675 1057 1071 1130 multitudo
1098 1055 1526 1142 incendere3
1564 1058 2018 1128 voluerintne
2049 1059 2367 1154 legatum
2406 1058 2663 1155 populi
2703 1084 2827 1129 ro·

674 1174 869 1240 mani
931 1166 1361 1239 comburere
1422 1169 1666 1238 vivum
1719 1169 2233 1265 Lampsaceni?
2303 1171 2583 1265 Negare
2658 1193 2823 1237 non

676 1293 881 1375 potes
914 1306 928 1348 :
970 1276 1206 1348 habeo
1256 1278 1447 1348 enim
1494 1279 2036 1347 testimonium‘·
2072 1293 2283 1348 tuum
2307 1331 2324 1362 ,
2377 1277 2578 1373 quod
2619 1278 2826 1376 apud

673 1390 1037 1457 Neronem
1071 1385 1352 1473 dixisti3
1388 1384 1660 1473 haben,
1695 1410 1874 1483 quas
1908 1386 2000 1475 ad
2036 1387 2374 1459 eumdem
2401 1387 2641 1458 literas
2677 1390 2825 1458 mi-

676 1498 846 1567 sisti.
888 1498 1133 1573 Recita
1171 1497 1372 1566 hunc
1406 1500 1644 1593 ipsum
1671 1496 1914 1567 locum
1944 1496 2036 1568 de
2072 1500 2490 1569 testimonio
2524 1523 2539 1564 :
2572 1502 2826 1568 Tsss‘rr·

677 1632 970 1678 monum
1012 1609 1089 1676 C.
1115 1611 1386 1676 Vmuus
1422 1630 1498 1675 nv
1525 1610 2091 1677 ARTEmnonnM.
2127 1605 2418 1679 Recita-'³
2463 1633 2552 1678 ex
2569 1611 2823 1679 Verris

676 1718 903 1790 literis
933 1715 1022 1787 ad
1062 1712 1481 1787 Neronem⁶
1512 1742 1530 1784 z
1565 1720 1672 1785 Ex
1708 1740 1975 1787 maius
2001 1721 2079 1788 C.
2105 1722 2375 1789 Vmuus
2416 1741 2516 1787 AD
2549 1721 2634 1788 C.
2666 1721 2821 1789 NE·-

678 1852 950 1899 nomm.
1007 1828 1169 1894 Nom
1209 1850 1454 1895 nmmo
1496 1850 1667 1895 Pos‘r
1703 1852 1786 1896 nv
1818 1852 2086 1927 bognum
2094 1882 2205 1898 .....
2216 1828 2628 1898 -Bellumne
2679 1854 2822 1926 po·

679 1938 856 2034 pulo
884 1957 1189 2005 romano
1216 1936 1680 2030 Lampsaceni
1706 1934 1942 2007 facere
1972 1937 2465 2008 conabantur?
2499 1936 2823 2009 deficere

678 2046 772 2117 ab
801 2047 1104 2140 imperio
1135 2067 1216 2112 ac
1248 2046 1542 2115 nomine
1581 2060 1831 2117 nostro
1866 2045 2258 2117 volebant?
2295 2048 2529 2120 Video
2576 2051 2778 2117 enim
2799 2103 2819 2134 ,

681 2172 756 2227 et
782 2180 872 2224 ex
900 2155 1018 2240 iis,
1048 2178 1208 2247 quae
1245 2153 1383 2248 legi
1427 2170 1498 2223 et
1539 2155 1813 2243 audivi,
1844 2156 2203 2253 intelligo,
2241 2160 2318 2227 in
2356 2183 2499 2253 qua
2528 2159 2822 2229 civitate

681 2288 833 2333 non
862 2259 1122 2332 modo⁷
1163 2261 1440 2357 legatus
1470 2265 1723 2361 populi
1753 2269 2036 2336 romani
2072 2268 2619 2354 circumsessus,
2661 2293 2819 2337 non

680 2372 900 2445 modo
933 2373 1117 2471 igni,
1153 2370 1347 2444 ferro
1373 2428 1392 2459 ,
1426 2400 1682 2462 manu,
1727 2378 1953 2474 copiis
1991 2390 2486 2474 oppugnatus,
2524 2376 2661 2447 sed
2692 2377 2821 2448 ali·

678 2510 823 2581 qua
846 2511 934 2555 ex
962 2499 1161 2581 parte
1194 2484 1501 2554 violatus
1543 2486 1673 2570 sit3
1712 2487 1851 2555 nisi
1890 2484 2180 2582 publice
2216 2484 2655 2556 satisfactum
2690 2490 2814 2568 sit,

681 2599 746 2665 ei
794 2596 1054 2666 civitati
1084 2589 1388 2663 ‘bellum
1432 2589 1700 2664 indici⁸
1752 2610 1974 2691 atque
2030 2593 2278 2665 inferri
2330 2594 2580 2665 solere.
2636 2597 2813 2683 Qua:

678 2705 815 2780 fuit
862 2705 1089 2800 igitur
1119 2727 1368 2789 causa,
1407 2728 1539 2772 cur
1573 2719 1832 2773 cuncta
1868 2706 2115 2774 civitas
2153 2708 2813 2800 Lampsacenorum

678 2814 770 2885 de
815 2814 1208 2898 concione,
1275 2811 1893 2907 quemadmodum
1939 2827 2094 2884 tute
2156 2813 2450 2897 scribis,
2508 2812 2813 2883 domum

678 2940 875 2993 tuam
907 2923 1513 2993 concurrerent9?
1559 2927 1669 2992 Tu
1708 2925 1904 2993 enim
1944 2947 2183 3020 neque
2220 2925 2296 2992 in
2333 2922 2592 3009 literiS,
2633 2946 2812 3018 quas

677 3034 950 3102 Neroni
990 3032 1250 3117 mittis,
1280 3055 1520 3127 neque
1556 3033 1631 3100 in
1669 3033 2118 3120 testimonie,
2159 3056 2446 3102 causam
2484 3033 2668 3101 tanti
2702 3046 2814 3102 tu-

677 3141 948 3212 multus
976 3140 1297 3211 ostendis
1335 3141 1595 3210 ullam:
1637 3140 2015 3214 obsessum
2051 3158 2119 3213 te
2148 3142 2353 3229 dicis;
2388 3144 2631 3238 ignem
2658 3142 2816 3213 alla·

675 3320 969 3385 quibuscum
1009 3316 1191 3364 bellum
1235 3314 1425 3362 nullum
1467 3326 1565 3374 esu
1609 3318 1697 3366 sed
1784 3322 1904 3369 Ποῖ.
1939 3319 2181 3383 probante
2218 3318 2438 3367 Lambin.
2479 3320 2650 3367 Paullo
2692 3320 2812 3367 infra

675 3401 821 3447 etiam
852 3398 988 3462 pacis
1017 3412 1074 3443 ac
1098 3395 1218 3444 belli
1240 3395 1450 3443 societas
1481 3407 1555 3443 est
1581 3413 1696 3445 con-
1784 3398 1932 3447 codd.
1946 3403 2066 3448 Hot.
2084 3399 2373 3462 «Iampsaci
2394 3398 2624 3446 civitas».
2645 3398 2803 3447 codd.

611 3534 616 3538 .
675 3488 844 3525 tracta.
1783 3478 1907 3526 Pau.
1932 3488 1979 3525 et
2014 3477 2130 3525 edd.
2152 3488 2271 3526 vett.
2302 3479 2657 3541 «Iampsaoeni
2686 3479 2801 3523 civi-

747 3561 795 3610 4.
833 3553 1077 3602 Asconius
1101 3553 1156 3599 in
1181 3550 1406 3614 exemplo
1440 3568 1531 3601 suo
1567 3554 1694 3618 lege·
1786 3566 1859 3604 tas
1880 3577 1925 3603 a.
1957 3556 2132 3605 Lamb.
2171 3579 2196 3598 ιι
2221 3559 2548 3620 Lampsacena
2573 3558 2746 3605 civitas
2764 3580 2804 3601 ι.

675 3643 750 3680 rat
764 3667 779 3690 ,
809 3653 835 3673 α
854 3632 1185 3680 testimonium
1209 3629 1464 3695 publicum
1494 3643 1633 3682 tunm
1654 3655 1695 3681 ιι.
1783 3635 1886 3684 Alii
1904 3669 1923 3695 ,
1946 3638 2295 3701 «lampsaceni
2316 3637 2448 3684 cives
2462 3659 2503 3684 a.

673 3712 722 3759 J.
742 3713 802 3758 V.
828 3710 881 3756 1..
1858 3730 1908 3775 7.
1936 3716 2051 3764 Non
2077 3716 2239 3764 modo.
2258 3715 2485 3765 Nedum:
2511 3731 2616 3763 non
2645 3715 2771 3764 dico.

749 3789 797 3836 5.
825 3787 1205 3835 Artemidorum.
1235 3791 1418 3834 Forsan
1453 3787 1551 3836 hoc
1586 3790 1698 3837 Phi·-
1858 3796 1909 3841 8.
1950 3795 2140 3842 Bellum
2182 3793 2354 3843 indici.
2386 3795 2636 3843 Bellorum
2653 3828 2669 3853 ,
2705 3810 2807 3856 quae

673 3866 859 3914 lodami
913 3862 1041 3911 flliu-
1103 3865 1299 3913 nomine
1345 3867 1697 3930 appellabatur.
1786 3871 1853 3920 ob
1873 3872 1996 3920 male
2021 3872 2217 3922 habitos
2233 3874 2418 3937 legatos
2438 3886 2666 3937 suscepta
2684 3883 2808 3928 sunt,

673 3947 817 4006 Conj.
837 3943 1036 3992 Lallem.
1057 3965 1082 3984 σε
1097 3943 1489 3993 Philodamum».
1785 3950 1944 4015 plenae
1971 3964 2086 4000 aunt
2111 3954 2328 4002 historiae
2358 3970 2589 4002 romanae.

742 4027 795 4074 6.
826 4024 1019 4073 Absunt
1053 4023 1193 4072 verba
1229 4026 1362 4083 haec,
1399 4047 1421 4069 ι
1440 4027 1687 4073 Recita...
1856 4048 1905 4093 9.
1925 4031 2006 4079 Sic
2033 4048 2093 4080 ex
2119 4033 2246 4081 MSS
2271 4031 2410 4088 edid.
2438 4036 2601 4082 Graev.
2625 4044 2675 4100 et
2699 4033 2802 4080 Em.

667 4108 974 4165 Neronem»,
1020 4122 1047 4151 a
1098 4105 1262 4154 multis
1302 4108 1441 4154 MSS.
1485 4107 1696 4154 Inseruit
1787 4107 1917 4170 Alii,
1946 4123 2263 4158 concurreret.
2297 4111 2464 4160 Lamb.
2497 4110 2800 4160 concurreris.
