<?xml version="1.0" encoding="UTF-8"?>
<!DOCTYPE html PUBLIC "-//W3C//DTD XHTML 1.0 Transitional//EN"
    "http://www.w3.org/TR/xhtml1/DTD/xhtml1-transitional.dtd">
<html xmlns="http://www.w3.org/1999/xhtml" xml:lang="en" lang="en">
 <head>
  <title>
</title>
<meta http-equiv="Content-Type" content="text/html;charset=utf-8" />
  <meta name='ocr-system' content='tesseract 3.04.00' />
  <meta name='ocr-capabilities' content='ocr_page ocr_carea ocr_par ocr_line ocrx_word'/>
</head>
<body>
  <div class='ocr_page' id='page_1' title='image "./mtciceronisquae09lemagoog/mtciceronisquae09lemagoog_0382.png"; bbox 0 0 3044 4788; ppageno 0'>
   <div class='ocr_carea' id='block_1_1' title="bbox 636 462 2126 548">
    <p class='ocr_par' dir='ltr' id='par_1_1' title="bbox 636 462 2126 548">
     <span class='ocr_line' id='line_1_1' title="bbox 636 462 2126 548; baseline 0 -15"><span class='ocrx_word' id='word_1_1' title='bbox 636 462 774 548; x_wconf 75' lang='lat'>342</span> <span class='ocrx_word' id='word_1_2' title='bbox 1260 468 1358 534; x_wconf 89' lang='lat' dir='ltr'>M.</span> <span class='ocrx_word' id='word_1_3' title='bbox 1409 467 1487 533; x_wconf 91' lang='lat' dir='ltr'>T.</span> <span class='ocrx_word' id='word_1_4' title='bbox 1541 463 2126 533; x_wconf 89' lang='lat' dir='ltr'>CICERONIS</span> 
     </span>
    </p>
   </div>
   <div class='ocr_carea' id='block_1_2' title="bbox 625 581 2794 3440">
    <p class='ocr_par' dir='ltr' id='par_1_2' title="bbox 625 581 2794 1565">
     <span class='ocr_line' id='line_1_2' title="bbox 628 581 2792 681; baseline -0 -26"><span class='ocrx_word' id='word_1_5' title='bbox 628 585 1011 657; x_wconf 91' lang='lat' dir='ltr'>hominum</span> <span class='ocrx_word' id='word_1_6' title='bbox 1049 587 1477 657; x_wconf 84' lang='lat' dir='ltr'>existimatio</span> <span class='ocrx_word' id='word_1_7' title='bbox 1513 609 1666 656; x_wconf 89' lang='lat' dir='ltr'>non</span> <span class='ocrx_word' id='word_1_8' title='bbox 1705 582 2085 673; x_wconf 82' lang='lat' dir='ltr'>movebat3</span> <span class='ocrx_word' id='word_1_9' title='bbox 2117 607 2212 654; x_wconf 91' lang='lat' dir='ltr'>ne</span> <span class='ocrx_word' id='word_1_10' title='bbox 2248 581 2426 654; x_wconf 88' lang='lat' dir='ltr'>illud</span> <span class='ocrx_word' id='word_1_11' title='bbox 2466 582 2792 681; x_wconf 86' lang='lat' dir='ltr'>quidem</span> 
     </span>
     <span class='ocr_line' id='line_1_3' title="bbox 629 691 2794 796; baseline -0.002 -29"><span class='ocrx_word' id='word_1_12' title='bbox 629 695 1023 796; x_wconf 86' lang='lat' dir='ltr'>cogitabas,</span> <span class='ocrx_word' id='word_1_13' title='bbox 1060 695 1277 792; x_wconf 90' lang='lat' dir='ltr'>hujus</span> <span class='ocrx_word' id='word_1_14' title='bbox 1299 694 1820 793; x_wconf 86' lang='lat' dir='ltr'>improbissimi</span> <span class='ocrx_word' id='word_1_15' title='bbox 1853 691 2028 762; x_wconf 87' lang='lat' dir='ltr'>furti</span> <span class='ocrx_word' id='word_1_16' title='bbox 2046 748 2066 781; x_wconf 94' lang='lat'>,</span> <span class='ocrx_word' id='word_1_17' title='bbox 2094 693 2245 763; x_wconf 84' lang='lat' dir='ltr'>sive</span> <span class='ocrx_word' id='word_1_18' title='bbox 2274 691 2452 764; x_wconf 90' lang='lat' dir='ltr'>adeo</span> <span class='ocrx_word' id='word_1_19' title='bbox 2479 692 2794 763; x_wconf 83' lang='lat' dir='ltr'>nefariae</span> 
     </span>
     <span class='ocr_line' id='line_1_4' title="bbox 625 802 2786 907; baseline -0.003 -30"><span class='ocrx_word' id='word_1_20' title='bbox 625 807 914 907; x_wconf 81' lang='lat' dir='ltr'>praedae,</span> <span class='ocrx_word' id='word_1_21' title='bbox 943 822 1091 878; x_wconf 89' lang='lat' dir='ltr'>tam</span> <span class='ocrx_word' id='word_1_22' title='bbox 1116 805 1469 877; x_wconf 83' lang='lat' dir='ltr'>illustrem</span> <span class='ocrx_word' id='word_1_23' title='bbox 1486 829 1572 876; x_wconf 90' lang='lat' dir='ltr'>ac</span> <span class='ocrx_word' id='word_1_24' title='bbox 1597 818 1745 875; x_wconf 88' lang='lat' dir='ltr'>tam</span> <span class='ocrx_word' id='word_1_25' title='bbox 1770 802 2095 874; x_wconf 90' lang='lat' dir='ltr'>nobilem</span> <span class='ocrx_word' id='word_1_26' title='bbox 2117 804 2477 887; x_wconf 69' lang='lat' dir='ltr'>civitatem</span> <span class='ocrx_word' id='word_1_27' title='bbox 2507 817 2786 874; x_wconf 88' lang='lat' dir='ltr'>testem</span> 
     </span>
     <span class='ocr_line' id='line_1_5' title="bbox 628 913 2784 1012; baseline -0.002 -23"><span class='ocrx_word' id='word_1_28' title='bbox 628 916 987 989; x_wconf 81' lang='lat' dir='ltr'>futuram?</span> <span class='ocrx_word' id='word_1_29' title='bbox 1024 920 1169 1003; x_wconf 87' lang='lat' dir='ltr'>An,</span> <span class='ocrx_word' id='word_1_30' title='bbox 1205 917 1380 1012; x_wconf 90' lang='lat' dir='ltr'>quia</span> <span class='ocrx_word' id='word_1_31' title='bbox 1414 931 1571 987; x_wconf 91' lang='lat' dir='ltr'>tum</span> <span class='ocrx_word' id='word_1_32' title='bbox 1601 919 1735 987; x_wconf 92' lang='lat' dir='ltr'>Cn.</span> <span class='ocrx_word' id='word_1_33' title='bbox 1770 913 2148 985; x_wconf 82' lang='lat' dir='ltr'>Dolabella</span> <span class='ocrx_word' id='word_1_34' title='bbox 2185 914 2261 984; x_wconf 89' lang='lat' dir='ltr'>in</span> <span class='ocrx_word' id='word_1_35' title='bbox 2295 938 2504 996; x_wconf 91' lang='lat' dir='ltr'>eum,</span> <span class='ocrx_word' id='word_1_36' title='bbox 2546 917 2678 1010; x_wconf 91' lang='lat' dir='ltr'>qui</span> <span class='ocrx_word' id='word_1_37' title='bbox 2708 916 2784 984; x_wconf 78' lang='lat' dir='ltr'>ei</span> 
     </span>
     <span class='ocr_line' id='line_1_6' title="bbox 628 1022 2788 1125; baseline -0.004 -26"><span class='ocrx_word' id='word_1_38' title='bbox 628 1028 1058 1125; x_wconf 82' lang='lat' dir='ltr'>myoparoni</span> <span class='ocrx_word' id='word_1_39' title='bbox 1092 1022 1510 1125; x_wconf 82' lang='lat' dir='ltr'>pr-aefuerat,</span> <span class='ocrx_word' id='word_1_40' title='bbox 1537 1026 1976 1122; x_wconf 86' lang='lat' dir='ltr'>Milesiisque</span> <span class='ocrx_word' id='word_1_41' title='bbox 2006 1047 2163 1093; x_wconf 91' lang='lat' dir='ltr'>rem</span> <span class='ocrx_word' id='word_1_42' title='bbox 2192 1036 2466 1120; x_wconf 85' lang='lat' dir='ltr'>gestam</span> <span class='ocrx_word' id='word_1_43' title='bbox 2495 1047 2788 1125; x_wconf 88' lang='lat' dir='ltr'>renun-</span> 
     </span>
     <span class='ocr_line' id='line_1_7' title="bbox 629 1137 2789 1233; baseline -0.004 -24"><span class='ocrx_word' id='word_1_44' title='bbox 629 1140 873 1224; x_wconf 89' lang='lat' dir='ltr'>tiarat,</span> <span class='ocrx_word' id='word_1_45' title='bbox 900 1137 1468 1208; x_wconf 88' lang='lat' dir='ltr'>animadvertere</span> <span class='ocrx_word' id='word_1_46' title='bbox 1512 1152 1642 1207; x_wconf 90' lang='lat' dir='ltr'>tuo</span> <span class='ocrx_word' id='word_1_47' title='bbox 1676 1150 1937 1233; x_wconf 85' lang='lat' dir='ltr'>rogatu</span> <span class='ocrx_word' id='word_1_48' title='bbox 1980 1148 2285 1205; x_wconf 87' lang='lat' dir='ltr'>conatus</span> <span class='ocrx_word' id='word_1_49' title='bbox 2331 1148 2475 1221; x_wconf 89' lang='lat' dir='ltr'>est,</span> <span class='ocrx_word' id='word_1_50' title='bbox 2500 1157 2789 1203; x_wconf 89' lang='lat' dir='ltr'>renun—</span> 
     </span>
     <span class='ocr_line' id='line_1_8' title="bbox 626 1242 2785 1344; baseline -0.003 -25"><span class='ocrx_word' id='word_1_51' title='bbox 626 1248 1149 1343; x_wconf 88' lang='lat' dir='ltr'>tiationemque</span> <span class='ocrx_word' id='word_1_52' title='bbox 1188 1246 1375 1341; x_wconf 80' lang='lat' dir='ltr'>ejuS,</span> <span class='ocrx_word' id='word_1_53' title='bbox 1415 1271 1580 1344; x_wconf 84' lang='lat' dir='ltr'>quae</span> <span class='ocrx_word' id='word_1_54' title='bbox 1620 1260 1774 1317; x_wconf 88' lang='lat' dir='ltr'>erat</span> <span class='ocrx_word' id='word_1_55' title='bbox 1801 1246 1879 1315; x_wconf 90' lang='lat' dir='ltr'>in</span> <span class='ocrx_word' id='word_1_56' title='bbox 1923 1242 2250 1343; x_wconf 85' lang='lat' dir='ltr'>publicas</span> <span class='ocrx_word' id='word_1_57' title='bbox 2278 1244 2521 1315; x_wconf 88' lang='lat' dir='ltr'>literas</span> <span class='ocrx_word' id='word_1_58' title='bbox 2549 1243 2785 1314; x_wconf 78' lang='lat' dir='ltr'>relata</span> 
     </span>
     <span class='ocr_line' id='line_1_9' title="bbox 630 1353 2784 1456; baseline -0 -30"><span class='ocrx_word' id='word_1_59' title='bbox 630 1357 919 1429; x_wconf 90' lang='lat' dir='ltr'>illorum</span> <span class='ocrx_word' id='word_1_60' title='bbox 964 1357 1284 1456; x_wconf 84' lang='lat' dir='ltr'>legibus,</span> <span class='ocrx_word' id='word_1_61' title='bbox 1338 1357 1495 1428; x_wconf 89' lang='lat' dir='ltr'>tolli</span> <span class='ocrx_word' id='word_1_62' title='bbox 1525 1357 1880 1452; x_wconf 86' lang='lat' dir='ltr'>jusserat:</span> <span class='ocrx_word' id='word_1_63' title='bbox 1919 1355 2190 1426; x_wconf 86' lang='lat' dir='ltr'>idcirco</span> <span class='ocrx_word' id='word_1_64' title='bbox 2222 1369 2295 1427; x_wconf 91' lang='lat' dir='ltr'>te</span> <span class='ocrx_word' id='word_1_65' title='bbox 2328 1379 2420 1426; x_wconf 86' lang='lat' dir='ltr'>ex</span> <span class='ocrx_word' id='word_1_66' title='bbox 2457 1353 2601 1425; x_wconf 88' lang='lat' dir='ltr'>hoc</span> <span class='ocrx_word' id='word_1_67' title='bbox 2636 1356 2784 1425; x_wconf 86' lang='lat' dir='ltr'>cri-</span> 
     </span>
     <span class='ocr_line' id='line_1_10' title="bbox 629 1462 2032 1565; baseline -0.001 -28"><span class='ocrx_word' id='word_1_68' title='bbox 629 1471 827 1539; x_wconf 89' lang='lat' dir='ltr'>mine</span> <span class='ocrx_word' id='word_1_69' title='bbox 862 1467 1274 1565; x_wconf 83' lang='lat' dir='ltr'>elapsurum</span> <span class='ocrx_word' id='word_1_70' title='bbox 1307 1492 1461 1540; x_wconf 91' lang='lat' dir='ltr'>esse</span> <span class='ocrx_word' id='word_1_71' title='bbox 1499 1462 2032 1539; x_wconf 64' lang='lat' dir='ltr'>arbitrabaress‘?</span> 
     </span>
    </p>

    <p class='ocr_par' dir='ltr' id='par_1_3' title="bbox 630 1575 2786 3440">
     <span class='ocr_line' id='line_1_11' title="bbox 723 1575 2781 1676; baseline -0.002 -25"><span class='ocrx_word' id='word_1_72' title='bbox 723 1583 1010 1651; x_wconf 89' lang='lat' dir='ltr'><strong>XXXV.</strong></span> <span class='ocrx_word' id='word_1_73' title='bbox 1063 1580 1380 1651; x_wconf 88' lang='lat' dir='ltr'>Multum</span> <span class='ocrx_word' id='word_1_74' title='bbox 1426 1593 1501 1673; x_wconf 73' lang='lat' dir='ltr'>te</span> <span class='ocrx_word' id='word_1_75' title='bbox 1543 1578 1677 1650; x_wconf 87' lang='lat' dir='ltr'>ista</span> <span class='ocrx_word' id='word_1_76' title='bbox 1725 1576 1979 1649; x_wconf 83' lang='lat' dir='ltr'>fefellit</span> <span class='ocrx_word' id='word_1_77' title='bbox 2022 1578 2315 1676; x_wconf 90' lang='lat' dir='ltr'>opinio,</span> <span class='ocrx_word' id='word_1_78' title='bbox 2361 1591 2436 1648; x_wconf 84' lang='lat' dir='ltr'>et</span> <span class='ocrx_word' id='word_1_79' title='bbox 2470 1575 2781 1674; x_wconf 89' lang='lat' dir='ltr'>quidem</span> 
     </span>
     <span class='ocr_line' id='line_1_12' title="bbox 631 1688 2786 1788; baseline -0.001 -28"><span class='ocrx_word' id='word_1_80' title='bbox 631 1691 873 1762; x_wconf 89' lang='lat' dir='ltr'>multis</span> <span class='ocrx_word' id='word_1_81' title='bbox 907 1694 986 1760; x_wconf 93' lang='lat' dir='ltr'>in</span> <span class='ocrx_word' id='word_1_82' title='bbox 1020 1688 1219 1761; x_wconf 90' lang='lat' dir='ltr'>locis.</span> <span class='ocrx_word' id='word_1_83' title='bbox 1266 1694 1569 1788; x_wconf 73' lang='lat' dir='ltr'>Semper</span> <span class='ocrx_word' id='word_1_84' title='bbox 1604 1692 1798 1761; x_wconf 90' lang='lat' dir='ltr'>enim</span> <span class='ocrx_word' id='word_1_85' title='bbox 1837 1690 2300 1776; x_wconf 84' lang='lat' dir='ltr'>existimasti,</span> <span class='ocrx_word' id='word_1_86' title='bbox 2352 1703 2426 1760; x_wconf 92' lang='lat' dir='ltr'>et</span> <span class='ocrx_word' id='word_1_87' title='bbox 2463 1691 2786 1759; x_wconf 87' lang='lat' dir='ltr'>maxime</span> 
     </span>
     <span class='ocr_line' id='line_1_13' title="bbox 630 1797 2782 1895; baseline -0.001 -23"><span class='ocrx_word' id='word_1_88' title='bbox 630 1804 719 1895; x_wconf 47' lang='lat' dir='ltr'>in·</span> <span class='ocrx_word' id='word_1_89' title='bbox 745 1800 1020 1887; x_wconf 86' lang='lat' dir='ltr'>Sicilia,</span> <span class='ocrx_word' id='word_1_90' title='bbox 1075 1802 1243 1870; x_wconf 89' lang='lat' dir='ltr'>satis</span> <span class='ocrx_word' id='word_1_91' title='bbox 1278 1815 1571 1872; x_wconf 89' lang='lat' dir='ltr'>cautum</span> <span class='ocrx_word' id='word_1_92' title='bbox 1609 1799 1743 1872; x_wconf 90' lang='lat' dir='ltr'>tibi</span> <span class='ocrx_word' id='word_1_93' title='bbox 1788 1800 1880 1872; x_wconf 89' lang='lat' dir='ltr'>ad</span> <span class='ocrx_word' id='word_1_94' title='bbox 1916 1797 2416 1872; x_wconf 88' lang='lat' dir='ltr'>defensionem</span> <span class='ocrx_word' id='word_1_95' title='bbox 2452 1797 2681 1885; x_wconf 87' lang='lat' dir='ltr'>fore¹,</span> <span class='ocrx_word' id='word_1_96' title='bbox 2721 1802 2782 1870; x_wconf 89' lang='lat' dir='ltr'>si</span> 
     </span>
     <span class='ocr_line' id='line_1_14' title="bbox 632 1907 2782 2010; baseline -0.002 -27"><span class='ocrx_word' id='word_1_97' title='bbox 632 1926 759 1982; x_wconf 86' lang='lat' dir='ltr'>aut</span> <span class='ocrx_word' id='word_1_98' title='bbox 810 1907 1064 1981; x_wconf 85' lang='lat' dir='ltr'>referri</span> <span class='ocrx_word' id='word_1_99' title='bbox 1105 1909 1379 2006; x_wconf 86' lang='lat' dir='ltr'>aliquid</span> <span class='ocrx_word' id='word_1_100' title='bbox 1420 1913 1496 1980; x_wconf 88' lang='lat' dir='ltr'>in</span> <span class='ocrx_word' id='word_1_101' title='bbox 1538 1911 1779 1983; x_wconf 88' lang='lat' dir='ltr'>literas</span> <span class='ocrx_word' id='word_1_102' title='bbox 1823 1911 2154 2010; x_wconf 90' lang='lat' dir='ltr'>publicas</span> <span class='ocrx_word' id='word_1_103' title='bbox 2186 1912 2574 1996; x_wconf 79' lang='lat' dir='ltr'>vetuisseS,</span> <span class='ocrx_word' id='word_1_104' title='bbox 2612 1926 2782 1995; x_wconf 85' lang='lat' dir='ltr'>aut,</span> 
     </span>
     <span class='ocr_line' id='line_1_15' title="bbox 632 2018 2780 2119; baseline -0.001 -28"><span class='ocrx_word' id='word_1_105' title='bbox 632 2019 838 2119; x_wconf 89' lang='lat' dir='ltr'>quod</span> <span class='ocrx_word' id='word_1_106' title='bbox 888 2018 1193 2090; x_wconf 90' lang='lat' dir='ltr'>relatum</span> <span class='ocrx_word' id='word_1_107' title='bbox 1236 2034 1457 2108; x_wconf 81' lang='lat' dir='ltr'>esset,</span> <span class='ocrx_word' id='word_1_108' title='bbox 1513 2022 1669 2092; x_wconf 90' lang='lat' dir='ltr'>tolli</span> <span class='ocrx_word' id='word_1_109' title='bbox 1717 2026 2093 2119; x_wconf 86' lang='lat' dir='ltr'>coegisses.</span> <span class='ocrx_word' id='word_1_110' title='bbox 2138 2027 2296 2093; x_wconf 89' lang='lat' dir='ltr'>Hoc</span> <span class='ocrx_word' id='word_1_111' title='bbox 2337 2044 2556 2118; x_wconf 86' lang='lat' dir='ltr'>quam</span> <span class='ocrx_word' id='word_1_112' title='bbox 2596 2019 2780 2090; x_wconf 87' lang='lat' dir='ltr'>nihil</span> 
     </span>
     <span class='ocr_line' id='line_1_16' title="bbox 633 2129 2782 2229; baseline 0 -29"><span class='ocrx_word' id='word_1_113' title='bbox 633 2131 725 2200; x_wconf 84' lang='lat' dir='ltr'>sit</span> <span class='ocrx_word' id='word_1_114' title='bbox 742 2183 761 2213; x_wconf 92' lang='lat'>,</span> <span class='ocrx_word' id='word_1_115' title='bbox 791 2130 1076 2201; x_wconf 87' lang='lat' dir='ltr'>tametsi</span> <span class='ocrx_word' id='word_1_116' title='bbox 1104 2151 1193 2198; x_wconf 84' lang='lat' dir='ltr'>ex</span> <span class='ocrx_word' id='word_1_117' title='bbox 1218 2129 1469 2200; x_wconf 91' lang='lat' dir='ltr'>multis</span> <span class='ocrx_word' id='word_1_118' title='bbox 1497 2131 1752 2202; x_wconf 84' lang='lat' dir='ltr'>Siciliae</span> <span class='ocrx_word' id='word_1_119' title='bbox 1784 2130 2195 2203; x_wconf 86' lang='lat' dir='ltr'>civitatibus</span> <span class='ocrx_word' id='word_1_120' title='bbox 2223 2132 2464 2229; x_wconf 89' lang='lat' dir='ltr'>priore</span> <span class='ocrx_word' id='word_1_121' title='bbox 2494 2131 2782 2202; x_wconf 88' lang='lat' dir='ltr'>actione</span> 
     </span>
     <span class='ocr_line' id='line_1_17' title="bbox 633 2230 2775 2339; baseline 0 -32"><span class='ocrx_word' id='word_1_122' title='bbox 633 2236 975 2323; x_wconf 89' lang='lat' dir='ltr'>didicisti,</span> <span class='ocrx_word' id='word_1_123' title='bbox 1026 2252 1265 2309; x_wconf 87' lang='lat' dir='ltr'>tamen</span> <span class='ocrx_word' id='word_1_124' title='bbox 1314 2240 1531 2311; x_wconf 88' lang='lat' dir='ltr'>etiam</span> <span class='ocrx_word' id='word_1_125' title='bbox 1572 2242 1650 2312; x_wconf 90' lang='lat' dir='ltr'>in</span> <span class='ocrx_word' id='word_1_126' title='bbox 1693 2241 1829 2313; x_wconf 92' lang='lat' dir='ltr'>hac</span> <span class='ocrx_word' id='word_1_127' title='bbox 1868 2244 2024 2339; x_wconf 89' lang='lat' dir='ltr'>ipsa</span> <span class='ocrx_word' id='word_1_128' title='bbox 2062 2243 2351 2312; x_wconf 85' lang='lat' dir='ltr'>civitate</span> <span class='ocrx_word' id='word_1_129' title='bbox 2393 2230 2775 2338; x_wconf 86' lang='lat' dir='ltr'>cognosce.</span> 
     </span>
     <span class='ocr_line' id='line_1_18' title="bbox 635 2346 2781 2451; baseline -0.002 -30"><span class='ocrx_word' id='word_1_130' title='bbox 635 2350 864 2421; x_wconf 80' lang='lat' dir='ltr'>Sunt²</span> <span class='ocrx_word' id='word_1_131' title='bbox 888 2346 988 2418; x_wconf 89' lang='lat' dir='ltr'>illi</span> <span class='ocrx_word' id='word_1_132' title='bbox 1016 2349 1314 2447; x_wconf 89' lang='lat' dir='ltr'>quidem</span> <span class='ocrx_word' id='word_1_133' title='bbox 1343 2347 1541 2423; x_wconf 90' lang='lat' dir='ltr'>dicto</span> <span class='ocrx_word' id='word_1_134' title='bbox 1560 2350 1968 2441; x_wconf 88' lang='lat' dir='ltr'>audientes,</span> <span class='ocrx_word' id='word_1_135' title='bbox 1994 2349 2346 2451; x_wconf 89' lang='lat' dir='ltr'>quamdiu</span> <span class='ocrx_word' id='word_1_136' title='bbox 2370 2348 2634 2423; x_wconf 89' lang='lat' dir='ltr'>adsunt</span> <span class='ocrx_word' id='word_1_137' title='bbox 2657 2346 2781 2436; x_wconf 75' lang='lat' dir='ltr'>ii3,</span> 
     </span>
     <span class='ocr_line' id='line_1_19' title="bbox 634 2459 2776 2555; baseline 0.001 -27"><span class='ocrx_word' id='word_1_138' title='bbox 634 2461 764 2555; x_wconf 90' lang='lat' dir='ltr'>qui</span> <span class='ocrx_word' id='word_1_139' title='bbox 793 2459 1195 2555; x_wconf 87' lang='lat' dir='ltr'>imperant:</span> <span class='ocrx_word' id='word_1_140' title='bbox 1225 2461 1551 2534; x_wconf 90' lang='lat' dir='ltr'>simulac</span> <span class='ocrx_word' id='word_1_141' title='bbox 1581 2461 2098 2549; x_wconf 87' lang='lat' dir='ltr'>discesserunt,</span> <span class='ocrx_word' id='word_1_142' title='bbox 2133 2488 2283 2533; x_wconf 92' lang='lat' dir='ltr'>non</span> <span class='ocrx_word' id='word_1_143' title='bbox 2323 2463 2559 2533; x_wconf 88' lang='lat' dir='ltr'>solum</span> <span class='ocrx_word' id='word_1_144' title='bbox 2597 2459 2776 2531; x_wconf 90' lang='lat' dir='ltr'>illud</span> 
     </span>
     <span class='ocr_line' id='line_1_20' title="bbox 635 2567 2774 2672; baseline 0 -32"><span class='ocrx_word' id='word_1_145' title='bbox 635 2567 1131 2667; x_wconf 89' lang='lat' dir='ltr'>perscribunt,</span> <span class='ocrx_word' id='word_1_146' title='bbox 1162 2572 1366 2670; x_wconf 89' lang='lat' dir='ltr'>quod</span> <span class='ocrx_word' id='word_1_147' title='bbox 1396 2587 1552 2645; x_wconf 92' lang='lat' dir='ltr'>tum</span> <span class='ocrx_word' id='word_1_148' title='bbox 1575 2574 1929 2672; x_wconf 89' lang='lat' dir='ltr'>prohibiti</span> <span class='ocrx_word' id='word_1_149' title='bbox 1958 2588 2129 2645; x_wconf 91' lang='lat' dir='ltr'>sunt</span> <span class='ocrx_word' id='word_1_150' title='bbox 2149 2628 2168 2661; x_wconf 87' lang='lat'>‚</span> <span class='ocrx_word' id='word_1_151' title='bbox 2208 2572 2332 2643; x_wconf 89' lang='lat' dir='ltr'>sed</span> <span class='ocrx_word' id='word_1_152' title='bbox 2364 2576 2580 2644; x_wconf 86' lang='lat' dir='ltr'>etiam</span> <span class='ocrx_word' id='word_1_153' title='bbox 2608 2596 2774 2643; x_wconf 88' lang='lat' dir='ltr'>cau·</span> 
     </span>
     <span class='ocr_line' id='line_1_21' title="bbox 635 2679 2771 2771; baseline 0.001 -22"><span class='ocrx_word' id='word_1_154' title='bbox 635 2703 786 2750; x_wconf 92' lang='lat' dir='ltr'>sam</span> <span class='ocrx_word' id='word_1_155' title='bbox 826 2679 1282 2771; x_wconf 89' lang='lat' dir='ltr'>adscribunt,</span> <span class='ocrx_word' id='word_1_156' title='bbox 1340 2707 1470 2754; x_wconf 89' lang='lat' dir='ltr'>cur</span> <span class='ocrx_word' id='word_1_157' title='bbox 1511 2710 1667 2755; x_wconf 90' lang='lat' dir='ltr'>non</span> <span class='ocrx_word' id='word_1_158' title='bbox 1709 2700 1866 2755; x_wconf 83' lang='lat' dir='ltr'>tum</span> <span class='ocrx_word' id='word_1_159' title='bbox 1907 2688 1979 2754; x_wconf 92' lang='lat' dir='ltr'>in</span> <span class='ocrx_word' id='word_1_160' title='bbox 2025 2684 2267 2756; x_wconf 87' lang='lat' dir='ltr'>literas</span> <span class='ocrx_word' id='word_1_161' title='bbox 2317 2683 2628 2755; x_wconf 91' lang='lat' dir='ltr'>relatum</span> <span class='ocrx_word' id='word_1_162' title='bbox 2661 2686 2771 2752; x_wconf 91' lang='lat' dir='ltr'>sit.</span> 
     </span>
     <span class='ocr_line' id='line_1_22' title="bbox 634 2792 2776 2883; baseline 0.002 -23"><span class='ocrx_word' id='word_1_163' title='bbox 634 2792 935 2861; x_wconf 89' lang='lat' dir='ltr'>Manent</span> <span class='ocrx_word' id='word_1_164' title='bbox 973 2792 1121 2862; x_wconf 83' lang='lat' dir='ltr'>istae</span> <span class='ocrx_word' id='word_1_165' title='bbox 1152 2793 1376 2864; x_wconf 86' lang='lat' dir='ltr'>literae</span> <span class='ocrx_word' id='word_1_166' title='bbox 1403 2796 1677 2882; x_wconf 89' lang='lat' dir='ltr'>Mileti,</span> <span class='ocrx_word' id='word_1_167' title='bbox 1733 2808 2070 2883; x_wconf 90' lang='lat' dir='ltr'>manent,</span> <span class='ocrx_word' id='word_1_168' title='bbox 2118 2809 2232 2883; x_wconf 92' lang='lat' dir='ltr'>et,</span> <span class='ocrx_word' id='word_1_169' title='bbox 2275 2794 2451 2865; x_wconf 92' lang='lat' dir='ltr'>dum</span> <span class='ocrx_word' id='word_1_170' title='bbox 2492 2796 2634 2865; x_wconf 87' lang='lat' dir='ltr'>erit</span> <span class='ocrx_word' id='word_1_171' title='bbox 2659 2792 2776 2864; x_wconf 86' lang='lat' dir='ltr'>illa</span> 
     </span>
     <span class='ocr_line' id='line_1_23' title="bbox 633 2900 2775 3000; baseline 0.001 -31"><span class='ocrx_word' id='word_1_172' title='bbox 633 2900 918 2986; x_wconf 85' lang='lat' dir='ltr'>civitas,</span> <span class='ocrx_word' id='word_1_173' title='bbox 963 2901 1387 2974; x_wconf 88' lang='lat' dir='ltr'>manebunt.</span> <span class='ocrx_word' id='word_1_174' title='bbox 1437 2908 1710 2977; x_wconf 90' lang='lat' dir='ltr'>Decem</span> <span class='ocrx_word' id='word_1_175' title='bbox 1752 2905 1944 2975; x_wconf 89' lang='lat' dir='ltr'>enim</span> <span class='ocrx_word' id='word_1_176' title='bbox 1988 2930 2203 2976; x_wconf 88' lang='lat' dir='ltr'>naves</span> <span class='ocrx_word' id='word_1_177' title='bbox 2241 2906 2451 3000; x_wconf 82' lang='lat' dir='ltr'>jussu</span> <span class='ocrx_word' id='word_1_178' title='bbox 2491 2907 2570 2974; x_wconf 88' lang='lat' dir='ltr'>L.</span> <span class='ocrx_word' id='word_1_179' title='bbox 2615 2908 2775 2975; x_wconf 86' lang='lat' dir='ltr'>Mu-</span> 
     </span>
     <span class='ocr_line' id='line_1_24' title="bbox 635 3011 2775 3113; baseline 0.003 -36"><span class='ocrx_word' id='word_1_180' title='bbox 635 3031 829 3078; x_wconf 83' lang='lat' dir='ltr'>renae</span> <span class='ocrx_word' id='word_1_181' title='bbox 852 3011 883 3060; x_wconf 67' lang='lat'><strong>4</strong></span> <span class='ocrx_word' id='word_1_182' title='bbox 921 3011 1241 3106; x_wconf 90' lang='lat' dir='ltr'>populus</span> <span class='ocrx_word' id='word_1_183' title='bbox 1272 3014 1595 3085; x_wconf 90' lang='lat' dir='ltr'>Milesius</span> <span class='ocrx_word' id='word_1_184' title='bbox 1638 3039 1724 3086; x_wconf 84' lang='lat' dir='ltr'>ex</span> <span class='ocrx_word' id='word_1_185' title='bbox 1749 3019 2079 3112; x_wconf 74' lang='lat' dir='ltr'>-pecunia</span> <span class='ocrx_word' id='word_1_186' title='bbox 2115 3015 2446 3112; x_wconf 84' lang='lat' dir='ltr'>vectigali</span> <span class='ocrx_word' id='word_1_187' title='bbox 2466 3011 2495 3056; x_wconf 83' lang='lat'>⁵</span> <span class='ocrx_word' id='word_1_188' title='bbox 2528 3012 2775 3113; x_wconf 86' lang='lat' dir='ltr'>populi</span> 
     </span>
     <span class='ocr_line' id='line_1_25' title="bbox 637 3116 2779 3222; baseline 0.003 -35"><span class='ocrx_word' id='word_1_189' title='bbox 637 3120 918 3188; x_wconf 88' lang='lat' dir='ltr'>romani</span> <span class='ocrx_word' id='word_1_190' title='bbox 957 3116 1222 3192; x_wconf 85' lang='lat' dir='ltr'>fecerat</span> <span class='ocrx_word' id='word_1_191' title='bbox 1246 3176 1266 3209; x_wconf 94' lang='lat'>,</span> <span class='ocrx_word' id='word_1_192' title='bbox 1304 3125 1488 3194; x_wconf 90' lang='lat' dir='ltr'>sicut</span> <span class='ocrx_word' id='word_1_193' title='bbox 1518 3147 1653 3221; x_wconf 91' lang='lat' dir='ltr'>pro</span> <span class='ocrx_word' id='word_1_194' title='bbox 1691 3148 1821 3194; x_wconf 89' lang='lat' dir='ltr'>sua</span> <span class='ocrx_word' id='word_1_195' title='bbox 1858 3148 2166 3222; x_wconf 85' lang='lat' dir='ltr'>quaeque</span> <span class='ocrx_word' id='word_1_196' title='bbox 2207 3137 2413 3222; x_wconf 91' lang='lat' dir='ltr'>parte</span> <span class='ocrx_word' id='word_1_197' title='bbox 2456 3128 2637 3194; x_wconf 85' lang='lat' dir='ltr'>Asiae</span> <span class='ocrx_word' id='word_1_198' title='bbox 2672 3147 2779 3194; x_wconf 90' lang='lat' dir='ltr'>ce·</span> 
     </span>
     <span class='ocr_line' id='line_1_26' title="bbox 635 3230 2776 3331; baseline 0.003 -34"><span class='ocrx_word' id='word_1_199' title='bbox 635 3239 807 3298; x_wconf 89' lang='lat' dir='ltr'>terae</span> <span class='ocrx_word' id='word_1_200' title='bbox 837 3230 1177 3301; x_wconf 82' lang='lat' dir='ltr'>civitates.</span> <span class='ocrx_word' id='word_1_201' title='bbox 1210 3230 1708 3321; x_wconf 89' lang='lat' dir='ltr'>Quamobrem</span> <span class='ocrx_word' id='word_1_202' title='bbox 1744 3259 1967 3304; x_wconf 89' lang='lat' dir='ltr'>unam</span> <span class='ocrx_word' id='word_1_203' title='bbox 1988 3261 2077 3306; x_wconf 86' lang='lat' dir='ltr'>ex</span> <span class='ocrx_word' id='word_1_204' title='bbox 2099 3232 2351 3304; x_wconf 89' lang='lat' dir='ltr'>decem</span> <span class='ocrx_word' id='word_1_205' title='bbox 2370 3290 2389 3322; x_wconf 89' lang='lat'>,</span> <span class='ocrx_word' id='word_1_206' title='bbox 2418 3260 2570 3306; x_wconf 92' lang='lat' dir='ltr'>non</span> <span class='ocrx_word' id='word_1_207' title='bbox 2596 3258 2776 3331; x_wconf 82' lang='lat' dir='ltr'>prae·</span> 
     </span>
     <span class='ocr_line' id='line_1_27' title="bbox 638 3335 2777 3440; baseline 0.003 -32"><span class='ocrx_word' id='word_1_208' title='bbox 638 3335 917 3412; x_wconf 87' lang='lat' dir='ltr'>donum</span> <span class='ocrx_word' id='word_1_209' title='bbox 951 3342 1338 3437; x_wconf 90' lang='lat' dir='ltr'>repentino</span> <span class='ocrx_word' id='word_1_210' title='bbox 1378 3339 1730 3432; x_wconf 89' lang='lat' dir='ltr'>adventu,</span> <span class='ocrx_word' id='word_1_211' title='bbox 1755 3343 1885 3418; x_wconf 90' lang='lat' dir='ltr'>sed</span> <span class='ocrx_word' id='word_1_212' title='bbox 1919 3344 2132 3440; x_wconf 88' lang='lat' dir='ltr'>legati</span> <span class='ocrx_word' id='word_1_213' title='bbox 2168 3343 2597 3431; x_wconf 85' lang='lat' dir='ltr'>latrocinio;</span> <span class='ocrx_word' id='word_1_214' title='bbox 2628 3369 2777 3414; x_wconf 91' lang='lat' dir='ltr'>non</span> 
     </span>
    </p>
   </div>
   <div class='ocr_carea' id='block_1_3' title="bbox 636 3541 2779 3851">
    <p class='ocr_par' dir='ltr' id='par_1_4' title="bbox 636 3541 2779 3851">
     <span class='ocr_line' id='line_1_28' title="bbox 702 3541 2778 3617; baseline 0.007 -30"><span class='ocrx_word' id='word_1_215' title='bbox 702 3541 758 3589; x_wconf 77' lang='lat'>6.</span> <span class='ocrx_word' id='word_1_216' title='bbox 786 3542 911 3601; x_wconf 77' lang='lat' dir='ltr'>Alii,</span> <span class='ocrx_word' id='word_1_217' title='bbox 942 3543 1258 3593; x_wconf 76' lang='lat' dir='ltr'>arbitrabere.</span> <span class='ocrx_word' id='word_1_218' title='bbox 1287 3545 1384 3594; x_wconf 84' lang='lat' dir='ltr'>Sed</span> <span class='ocrx_word' id='word_1_219' title='bbox 1422 3546 1487 3596; x_wconf 86' lang='lat' dir='ltr'>ef.</span> <span class='ocrx_word' id='word_1_220' title='bbox 1516 3545 1664 3596; x_wconf 78' lang='lat' dir='ltr'>finem</span> <span class='ocrx_word' id='word_1_221' title='bbox 1827 3555 1876 3603; x_wconf 73' lang='grc'>4.</span> <span class='ocrx_word' id='word_1_222' title='bbox 1900 3550 1959 3596; x_wconf 87' lang='lat' dir='ltr'>L.</span> <span class='ocrx_word' id='word_1_223' title='bbox 1982 3550 2214 3598; x_wconf 72' lang='lat' dir='ltr'>Murena».</span> <span class='ocrx_word' id='word_1_224' title='bbox 2237 3553 2390 3599; x_wconf 77' lang='lat' dir='ltr'>Patris</span> <span class='ocrx_word' id='word_1_225' title='bbox 2410 3553 2543 3613; x_wconf 76' lang='lat' dir='ltr'>eius,</span> <span class='ocrx_word' id='word_1_226' title='bbox 2569 3568 2663 3617; x_wconf 82' lang='lat' dir='ltr'>pro</span> <span class='ocrx_word' id='word_1_227' title='bbox 2680 3569 2778 3617; x_wconf 84' lang='lat' dir='ltr'>quo</span> 
     </span>
     <span class='ocr_line' id='line_1_29' title="bbox 636 3619 2778 3681; baseline 0.008 -17"><span class='ocrx_word' id='word_1_228' title='bbox 636 3633 744 3681; x_wconf 71' lang='lat' dir='ltr'>cap.</span> <span class='ocrx_word' id='word_1_229' title='bbox 774 3619 858 3679; x_wconf 85' lang='grc'>39.</span> <span class='ocrx_word' id='word_1_230' title='bbox 885 3622 1008 3670; x_wconf 67' lang='lat' dir='ltr'>LV.</span> <span class='ocrx_word' id='word_1_231' title='bbox 1029 3625 1083 3670; x_wconf 79' lang='lat'>1..</span> <span class='ocrx_word' id='word_1_232' title='bbox 1753 3638 1913 3675; x_wconf 66' lang='lat' dir='ltr'>exstat</span> <span class='ocrx_word' id='word_1_233' title='bbox 1958 3628 2213 3678; x_wconf 80' lang='lat' dir='ltr'>Ciceronis</span> <span class='ocrx_word' id='word_1_234' title='bbox 2256 3633 2432 3679; x_wconf 79' lang='lat' dir='ltr'>oratio.</span> <span class='ocrx_word' id='word_1_235' title='bbox 2475 3634 2596 3681; x_wconf 81' lang='lat' dir='ltr'>Post</span> <span class='ocrx_word' id='word_1_236' title='bbox 2636 3633 2778 3681; x_wconf 65' lang='lat' dir='ltr'>Sana</span> 
     </span>
     <span class='ocr_line' id='line_1_30' title="bbox 708 3698 2779 3774; baseline 0.008 -31"><span class='ocrx_word' id='word_1_237' title='bbox 708 3698 931 3746; x_wconf 77' lang='lat' dir='ltr'><strong>XXXV.</strong></span> <span class='ocrx_word' id='word_1_238' title='bbox 973 3716 1016 3747; x_wconf 84' lang='lat'>1.</span> <span class='ocrx_word' id='word_1_239' title='bbox 1057 3701 1146 3748; x_wconf 82' lang='lat' dir='ltr'>Ad</span> <span class='ocrx_word' id='word_1_240' title='bbox 1176 3699 1503 3764; x_wconf 63' lang='lat' dir='ltr'>defensionem</span> <span class='ocrx_word' id='word_1_241' title='bbox 1527 3702 1664 3768; x_wconf 60' lang='grc' dir='ltr'>βω.</span> <span class='ocrx_word' id='word_1_242' title='bbox 1754 3707 2046 3769; x_wconf 72' lang='lat' dir='ltr'>discessum,</span> <span class='ocrx_word' id='word_1_243' title='bbox 2069 3710 2208 3770; x_wconf 84' lang='lat' dir='ltr'>cujus</span> <span class='ocrx_word' id='word_1_244' title='bbox 2232 3710 2421 3774; x_wconf 76' lang='lat' dir='ltr'>legatus</span> <span class='ocrx_word' id='word_1_245' title='bbox 2448 3712 2502 3759; x_wconf 87' lang='lat' dir='ltr'>in</span> <span class='ocrx_word' id='word_1_246' title='bbox 2522 3712 2635 3759; x_wconf 79' lang='lat' dir='ltr'>Asia</span> <span class='ocrx_word' id='word_1_247' title='bbox 2662 3712 2779 3770; x_wconf 79' lang='lat' dir='ltr'>fuit,</span> 
     </span>
     <span class='ocr_line' id='line_1_31' title="bbox 636 3776 2777 3851; baseline 0.01 -31"><span class='ocrx_word' id='word_1_248' title='bbox 636 3776 797 3821; x_wconf 80' lang='lat' dir='ltr'>Voces</span> <span class='ocrx_word' id='word_1_249' title='bbox 830 3776 917 3824; x_wconf 77' lang='lat' dir='ltr'>has</span> <span class='ocrx_word' id='word_1_250' title='bbox 953 3778 1161 3840; x_wconf 83' lang='lat' dir='ltr'>glossam</span> <span class='ocrx_word' id='word_1_251' title='bbox 1206 3796 1374 3844; x_wconf 78' lang='lat' dir='ltr'>sapere</span> <span class='ocrx_word' id='word_1_252' title='bbox 1407 3783 1665 3832; x_wconf 81' lang='lat' dir='ltr'>contendit</span> <span class='ocrx_word' id='word_1_253' title='bbox 1753 3796 1930 3851; x_wconf 86' lang='lat' dir='ltr'>sponte</span> <span class='ocrx_word' id='word_1_254' title='bbox 1978 3803 2063 3838; x_wconf 72' lang='lat' dir='ltr'>sun</span> <span class='ocrx_word' id='word_1_255' title='bbox 2107 3789 2290 3837; x_wconf 82' lang='lat' dir='ltr'>bellum</span> <span class='ocrx_word' id='word_1_256' title='bbox 2337 3791 2625 3840; x_wconf 71' lang='lat' dir='ltr'>instauravit</span> <span class='ocrx_word' id='word_1_257' title='bbox 2668 3809 2777 3840; x_wconf 85' lang='lat' dir='ltr'>cnm</span> 
     </span>
    </p>
   </div>
   <div class='ocr_carea' id='block_1_4' title="bbox 636 3853 2778 4173">
    <p class='ocr_par' dir='ltr' id='par_1_5' title="bbox 638 3853 2778 4092">
     <span class='ocr_line' id='line_1_32' title="bbox 638 3853 2775 3928; baseline 0.009 -29"><span class='ocrx_word' id='word_1_258' title='bbox 638 3853 860 3903; x_wconf 79' lang='lat' dir='ltr'>Lambin.</span> <span class='ocrx_word' id='word_1_259' title='bbox 1753 3865 2068 3928; x_wconf 72' lang='lat' dir='ltr'>Mithridate,</span> <span class='ocrx_word' id='word_1_260' title='bbox 2092 3880 2142 3917; x_wconf 86' lang='lat' dir='ltr'>et</span> <span class='ocrx_word' id='word_1_261' title='bbox 2169 3870 2299 3918; x_wconf 65' lang='lat' dir='ltr'>Asin</span> <span class='ocrx_word' id='word_1_262' title='bbox 2325 3871 2532 3920; x_wconf 87' lang='lat' dir='ltr'>urbibus</span> <span class='ocrx_word' id='word_1_263' title='bbox 2560 3873 2612 3919; x_wconf 89' lang='lat' dir='ltr'>in</span> <span class='ocrx_word' id='word_1_264' title='bbox 2631 3870 2775 3919; x_wconf 78' lang='lat' dir='ltr'>fidem</span> 
     </span>
     <span class='ocr_line' id='line_1_33' title="bbox 711 3933 2778 4015; baseline 0.01 -37"><span class='ocrx_word' id='word_1_265' title='bbox 711 3947 758 3979; x_wconf 79' lang='lat'>2.</span> <span class='ocrx_word' id='word_1_266' title='bbox 779 3933 877 3982; x_wconf 82' lang='lat' dir='ltr'>Illi.</span> <span class='ocrx_word' id='word_1_267' title='bbox 901 3935 1243 3987; x_wconf 75' lang='lat' dir='ltr'>provinciales.</span> <span class='ocrx_word' id='word_1_268' title='bbox 1754 3945 1929 4010; x_wconf 87' lang='lat' dir='ltr'>populi</span> <span class='ocrx_word' id='word_1_269' title='bbox 1956 3950 2141 3995; x_wconf 77' lang='lat' dir='ltr'>romani</span> <span class='ocrx_word' id='word_1_270' title='bbox 2171 3952 2378 4015; x_wconf 81' lang='lat' dir='ltr'>receptis</span> <span class='ocrx_word' id='word_1_271' title='bbox 2396 3986 2410 4011; x_wconf 92' lang='lat'>,</span> <span class='ocrx_word' id='word_1_272' title='bbox 2447 3951 2508 4000; x_wconf 85' lang='lat' dir='ltr'>de</span> <span class='ocrx_word' id='word_1_273' title='bbox 2530 3968 2591 4000; x_wconf 92' lang='lat' dir='ltr'>eo</span> <span class='ocrx_word' id='word_1_274' title='bbox 2608 3985 2624 4013; x_wconf 91' lang='lat'>,</span> <span class='ocrx_word' id='word_1_275' title='bbox 2651 3967 2778 3998; x_wconf 81' lang='lat' dir='ltr'>anno</span> 
     </span>
     <span class='ocr_line' id='line_1_34' title="bbox 714 4010 2233 4092; baseline 0.011 -32"><span class='ocrx_word' id='word_1_276' title='bbox 714 4014 760 4060; x_wconf 88' lang='grc'>3.</span> <span class='ocrx_word' id='word_1_277' title='bbox 790 4010 855 4059; x_wconf 79' lang='grc' dir='ltr'><strong><em>Ηὶ</em></strong></span> <span class='ocrx_word' id='word_1_278' title='bbox 895 4013 1155 4078; x_wconf 84' lang='lat' dir='ltr'>legendum</span> <span class='ocrx_word' id='word_1_279' title='bbox 1192 4018 1323 4077; x_wconf 83' lang='lat' dir='ltr'>conj.</span> <span class='ocrx_word' id='word_1_280' title='bbox 1350 4019 1580 4069; x_wconf 79' lang='lat' dir='ltr'>Goerenz.</span> <span class='ocrx_word' id='word_1_281' title='bbox 1604 4022 1666 4070; x_wconf 78' lang='lat' dir='ltr'>ad</span> <span class='ocrx_word' id='word_1_282' title='bbox 1755 4026 1877 4086; x_wconf 82' lang='lat'>678,</span> <span class='ocrx_word' id='word_1_283' title='bbox 1895 4027 2233 4092; x_wconf 80' lang='lat' dir='ltr'>triumphavit.</span> 
     </span>
    </p>

    <p class='ocr_par' dir='ltr' id='par_1_6' title="bbox 636 4091 2774 4173">
     <span class='ocr_line' id='line_1_35' title="bbox 636 4091 2774 4173; baseline 0.009 -36"><span class='ocrx_word' id='word_1_284' title='bbox 636 4091 922 4141; x_wconf 85' lang='lat' dir='ltr'>Ciceronem</span> <span class='ocrx_word' id='word_1_285' title='bbox 969 4093 1057 4143; x_wconf 91' lang='lat' dir='ltr'>lib.</span> <span class='ocrx_word' id='word_1_286' title='bbox 1107 4095 1167 4143; x_wconf 85' lang='lat' dir='ltr'>de</span> <span class='ocrx_word' id='word_1_287' title='bbox 1209 4094 1435 4157; x_wconf 83' lang='lat' dir='ltr'>Finibus,</span> <span class='ocrx_word' id='word_1_288' title='bbox 1466 4101 1539 4162; x_wconf 87' lang='lat'>11,</span> <span class='ocrx_word' id='word_1_289' title='bbox 1578 4102 1660 4158; x_wconf 67' lang='grc'>34.</span> <span class='ocrx_word' id='word_1_290' title='bbox 1825 4106 1873 4151; x_wconf 82' lang='grc'>5.</span> <span class='ocrx_word' id='word_1_291' title='bbox 1921 4107 2176 4171; x_wconf 74' lang='lat' dir='ltr'>Vecte&#39;gali.</span> <span class='ocrx_word' id='word_1_292' title='bbox 2224 4110 2381 4170; x_wconf 81' lang='lat' dir='ltr'>Quam</span> <span class='ocrx_word' id='word_1_293' title='bbox 2425 4110 2612 4173; x_wconf 87' lang='lat' dir='ltr'>populo</span> <span class='ocrx_word' id='word_1_294' title='bbox 2657 4125 2774 4157; x_wconf 83' lang='lat' dir='ltr'>rom.</span> 
     </span>
    </p>
   </div>
   <div class='ocr_carea' id='block_1_5' title="bbox 631 4172 2774 4236">
    <p class='ocr_par' dir='ltr' id='par_1_7' title="bbox 631 4172 2774 4236">
     <span class='ocr_line' id='line_1_36' title="bbox 631 4172 2774 4236; baseline 0.007 -17"><span class='ocrx_word' id='word_1_295' title='bbox 631 4172 682 4219; x_wconf 85' lang='lat' dir='ltr'>J.</span> <span class='ocrx_word' id='word_1_296' title='bbox 704 4173 766 4218; x_wconf 79' lang='lat' dir='ltr'>V.</span> <span class='ocrx_word' id='word_1_297' title='bbox 797 4173 848 4220; x_wconf 82' lang='lat' dir='ltr'>L.</span> <span class='ocrx_word' id='word_1_298' title='bbox 1755 4181 1961 4231; x_wconf 83' lang='lat' dir='ltr'>debebat</span> <span class='ocrx_word' id='word_1_299' title='bbox 2006 4201 2068 4232; x_wconf 83' lang='lat' dir='ltr'>ex</span> <span class='ocrx_word' id='word_1_300' title='bbox 2115 4186 2309 4235; x_wconf 79' lang='lat' dir='ltr'>soedere.</span> <span class='ocrx_word' id='word_1_301' title='bbox 2350 4216 2414 4224; x_wconf 91' lang='lat'><em>-</em></span> <span class='ocrx_word' id='word_1_302' title='bbox 2451 4188 2598 4235; x_wconf 85' lang='lat' dir='ltr'>Multi</span> <span class='ocrx_word' id='word_1_303' title='bbox 2632 4187 2774 4236; x_wconf 83' lang='lat' dir='ltr'>codd.</span> 
     </span>
    </p>
   </div>
  </div>
 </body>
</html>
