3044 4788
663 458 806 542 [μί.
1293 454 1391 521 Μ.
1440 453 1516 519 Τ.
1571 451 2166 520 CICERONIS

662 578 951 648 finitum
976 597 1207 671 genus
1235 573 1610 643 invenerat
1649 567 1739 639 ad
1777 570 2369 642 innumerabilem
2412 575 2830 669 pecuniam

670 684 1228 785 corripiendam.

761 801 919 867 XII.
964 792 1288 866 Dubium
1318 792 1594 861 nemini
1624 806 1772 876 est,
1811 792 1991 887 quin
2026 815 2281 863 omnes
2316 794 2659 863 omnium
2705 820 2833 891 pe·

664 908 931 979 cuniae¹
994 904 1241 1002 positae
1297 903 1444 971 sint
1494 902 1573 970 iu
1618 926 1872 972 eorum
1914 915 2301 999 potestate,
2360 905 2491 1000 qui
2535 904 2833 999 judicia

665 1019 913 1101 dant2,
952 1029 1026 1085 et
1060 1036 1317 1083 eorum
1336 1008 1393 1100 ³,
1419 1012 1552 1108 qui
1580 1011 1947 1106 judicant3
1985 1013 2168 1108 quin
2204 1036 2425 1083 nemo
2472 1029 2828 1085 nostrum

666 1126 896 1226 possit
930 1121 1118 1193 aedes
1160 1147 1361 1210 suas»,
1408 1146 1629 1193 nemo
1673 1120 2019 1209 fundum,
2061 1147 2278 1201 nemo
2320 1122 2522 1195 bona
2576 1128 2827 1223 patria

667 1237 1030 1321 obtinere,
1088 1238 1186 1321 si,
1244 1258 1471 1331 quum
1524 1233 1680 1304 haec
1735 1258 1777 1304 a
1831 1238 2178 1332 quopiam
2220 1248 2545 1305 vestrum
2587 1237 2830 1333 petita

670 1351 849 1435 sint,
880 1361 1143 1445 praetor
1172 1344 1548 1444 improbus
1569 1398 1588 1431 ‚
1618 1348 1733 1415 cui
1771 1370 1993 1416 nemo
2027 1344 2518 1418 intercedet&
2541 1350 2785 1444 possit
2804 1401 2826 1433 ‚

670 1459 794 1531 det
812 1513 831 1544 ‚
852 1482 1073 1554 quem
1104 1456 1272 1528 velit
1290 1511 1309 1544 ‚
1331 1454 1650 1550 judicem
1671 1482 1690 1539 3
1712 1455 1933 1549 judex
1959 1480 2269 1552 nequam
2293 1470 2367 1526 et
2389 1456 2590 1544 levis,
2610 1457 2827 1554 quod

670 1584 934 1668 praetor
952 1568 1271 1665 jusserit,
1304 1564 1600 1661 judicet.
1633 1568 1706 1637 Si
1729 1561 1940 1636 vero⁵
1959 1564 2141 1637 illud
2169 1591 2472 1663 quoque
2494 1567 2824 1649 accedet,

674 1685 857 1752 utin
877 1675 1010 1751 ea⁶
1035 1676 1255 1749 verba
1279 1691 1547 1774 praetor
1557 1674 1913 1771 judicium
1938 1673 2089 1760 det,
2111 1690 2195 1747 ut
2223 1676 2338 1747 vel
2364 1681 2439 1746 L.
2472 1679 2825 1748 Octavius

671 1791 936 1863 Balbus
975 1787 1234 1884 judex,
1277 1787 1505 1858 homo
1557 1800 1629 1856 et
1672 1787 1854 1880 juris
1896 1800 1969 1856 et
2021 1783 2241 1856 officii
2290 1787 2819 1883 peritissimu5‚

674 1928 827 1973 non
866 1900 1091 1997 possit
1126 1898 1332 1994 aliter
1365 1895 1734 1990 judicare3
1769 1897 1829 1966 si
1865 1895 2221 1990 judicium
2266 1900 2358 1966 sit
2399 1897 2816 1993 ejusmodi:

672 2018 752 2083 L.
788 2016 1154 2081 Ocuvms
1188 2031 1415 2076 mnssx
1461 2031 1757 2077 Es'rozsi
1797 2031 2025 2076 PARET
2049 2018 2102 2093 7,
2141 2030 2443 2077 Pmoun
2481 2011 2821 2079 Cumu-

604 2208 609 2213 ι
674 2145 853 2202 Ten,
904 2141 1051 2200 Quo
1103 2141 1194 2185 nn
1238 2140 1547 2203 Acri-un,
1593 2142 1684 2185 Ex
1727 2140 1902 2186 Jmuz
1948 2119 2356 2207 anrrmnt
2397 2120 2470 2189 P.
2498 2121 2818 2189 Smivim

676 2255 861 2316 Essa,
901 2252 1138 2311 NEQUE
1179 2251 1241 2297 1s
1284 2251 1564 2297 rnmms
1598 2228 1683 2316 Q.
1720 2230 2014 2297 Cuneo
2068 2251 2552 2299 RESTITUETIJR
2586 2257 2602 2299 ε
2663 2255 2814 2300 non

677 2361 970 2409 necesse
1034 2333 1209 2408 erit⁸
1273 2341 1349 2408 L.
1385 2340 1685 2409 Octavio
1726 2337 1952 2433 judici
1999 2362 2255 2436 cogere
2315 2344 2390 2410 P.
2429 2338 2816 2412 Servilium

744 2577 862 2624 ΧΠ.
888 2591 931 2624 1.
951 2574 1188 2623 Pet-unice.
1209 2579 1455 2624 Fortunae.

746 2671 796 2704 a.
822 2653 919 2718 Qui
935 2652 1128 2718 judicia
1155 2653 1297 2703 dant.
1329 2656 1592 2711 Praetores,
1619 2656 1706 2717 qui

670 2734 855 2796 judicia
900 2732 1232 2789 constituunt,
1266 2744 1315 2781 et
1351 2732 1582 2780 formulas
1617 2749 1706 2796 per

675 2828 797 2877 quas
812 2811 1074 2873 judicetur.

749 2894 799 2939 3.
840 2892 1042 2938 Eorum.
1079 2890 1383 2937 Privatorum
1419 2891 1700 2951 hominum,

673 2969 759 3033 qui
780 2968 971 3029 judices
998 2986 1026 3017 a
1052 2980 1262 3032 praetore
1289 2969 1548 3021 dabantur.

746 3055 796 3104 4.
826 3048 1147 3098 Iason-edere.
1182 3051 1242 3098 In
1276 3050 1531 3113 provincia
1566 3050 1699 3099 scili·

675 3139 789 3177 cet:
830 3143 939 3174 nam
976 3129 1183 3196 quae,
1230 3129 1418 3176 tribuni
1456 3128 1615 3193 plebis
1653 3139 1702 3176 et

674 3210 796 3258 alter
835 3219 1018 3272 praetor
1051 3219 1100 3257 et
1143 3208 1369 3258 consules
1403 3207 1702 3257 intercedere

678 3299 925 3354 poterant.

752 3370 799 3417 5.
840 3368 894 3416 Si
916 3385 1060 3418 vero.
1089 3367 1261 3430 «Quid
1297 3381 1412 3414 vero
1442 3366 1484 3412 si
1511 3365 1671 3415 illud·
1689 3403 1706 3429 ,

674 3460 814 3496 vetus
837 3448 953 3496 cod.

746 3528 796 3574 6.
818 3528 878 3572 Ue
893 3525 943 3572 in
961 3541 1039 3571 ea.
1052 3523 1120 3570 Ut
1138 3538 1243 3571 eam
1256 3522 1429 3585 judicii
1448 3522 1706 3573 formulam

676 3604 757 3650 det
773 3637 787 3660 ,
818 3619 844 3650 a
863 3618 959 3666 qua
979 3619 1081 3650 nou
1103 3603 1257 3666 possit
1283 3602 1529 3651 discedere
1548 3602 1705 3663 judex

674 3682 755 3730 vel
780 3681 1100 3745 peritissimus
1121 3698 1168 3730 v.
1185 3698 1236 3746 g.
1257 3683 1490 3730 Octavius
1507 3683 1705 3742 Balbus,

674 3762 764 3824 qui
791 3759 864 3807 vir
888 3759 1255 3822 integerrimus,
1269 3760 1424 3822 judex
1455 3763 1507 3809 in
1535 3764 1702 3811 Verris

674 3855 817 3888 causa
862 3837 1075 3887 sedebat.
1117 3840 1165 3885 Is
1199 3849 1275 3888 est
1314 3840 1527 3904 Balbus,
1557 3858 1702 3905 quem

674 3920 851 3968 Cicero
877 3919 931 3965 in
955 3917 1069 3965 Nat.
1087 3916 1235 3964 neor.
1253 3918 1446 3967 inducit
1467 3937 1561 3984 pro
1578 3922 1704 3969 Stoi-

670 3999 743 4044 cis
764 3996 1110 4060 disputantem.
1127 3997 1355 4046 Ceterum
1376 3998 1588 4048 vidimus
1600 4001 1702 4060 jam

671 4076 850 4140 saepins
892 4075 1108 4136 judicem
1150 4093 1177 4124 a
1227 4077 1451 4141 praetoris
1493 4079 1701 4128 formula

670 4172 773 4204 uon
821 4172 967 4220 posse
1014 4156 1090 4204 vel
1139 4157 1383 4206 tantillum
1421 4158 1701 4221 discedere,
1744 4180 1752 4192 ·

1792 2575 1861 2624 ita
1879 2585 1935 2623 ut
1961 2590 2016 2622 ea
2042 2574 2108 2622 sit
2131 2590 2243 2622 vere
2270 2577 2476 2623 omnino
2505 2578 2816 2626 consu-ictus.

1869 2672 1918 2716 7.
1940 2653 1996 2700 Si
2015 2664 2177 2717 poree.
2205 2655 2364 2702 Actor
2394 2652 2599 2718 fingitur
2633 2657 2686 2704 in
2723 2657 2818 2706 hoc

1792 2731 2018 2796 exemplo
2049 2731 2248 2782 Catulus
2262 2766 2277 2790 ,
2303 2749 2432 2780 unus
2454 2750 2482 2781 e
2501 2736 2668 2782 Verris
2682 2736 2816 2796 judi-

1793 2811 1961 2870 cibus,
1992 2813 2110 2876 qui,
2150 2814 2343 2860 actione
2380 2813 2450 2859 rei
2491 2814 2816 2865 vindicatoria

1789 2892 2037 2950 instituta,
2074 2892 2196 2954 petit
2218 2901 2274 2939 ut
2298 2891 2509 2950 fundus,
2540 2909 2685 2956 quem
2709 2897 2819 2956 jure

1788 2971 1980 3035 optimo
1997 2969 2219 3034 possidet
2230 2970 2492 3030 Servilius,
2515 2972 2638 3022 alter
2652 2977 2821 3023 Verris

1783 3050 1961 3112 judex,
1977 3049 2073 3098 sibi
2093 3050 2420 3111 adjudicetur.
2444 3053 2725 3103 Romulum
2739 3055 2821 3102 dat

1787 3140 1971 3194 μετοι-
1982 3133 2187 3188 Verres,
2211 3146 2308 3194 qua
2328 3132 2557 3198 precipit
2574 3133 2763 3193 iudici,
2779 3136 2822 3182 si

1789 3211 1998 3276 reperiat
2030 3225 2221 3258 summo
2246 3212 2359 3272 jure
2385 3211 2597 3260 Servilio
2623 3229 2824 3278 compe-

1791 3301 1892 3341 tere
1927 3291 2060 3339 hunc
2102 3290 2340 3349 fundum,
2382 3307 2543 3356 neque
2585 3294 2821 3342 Servilius

1790 3370 1924 3418 hunc
1950 3359 2150 3429 Catulo,
2176 3371 2264 3434 qui
2291 3370 2483 3420 nanum
2516 3373 2572 3421 in
2596 3390 2710 3421 ema
2741 3375 2822 3433 in·

1792 3446 1968 3506 habet,
1997 3450 2250 3500 restituere
2279 3449 2421 3508 velit3
2453 3473 2477 3495 ι
2494 3462 2597 3500 tuna
2624 3452 2822 3500 damne-

1793 3538 1875 3575 tur
1894 3525 2128 3576 Servilius
2146 3549 2197 3587 ι,
2222 3546 2334 3593 qnae
2353 3531 2501 3580 verba
2529 3533 2623 3581 tria
2647 3531 2820 3580 subin-

1791 3605 2090 3670 telliguntur.

1863 3684 1911 3731 8.
1930 3682 2040 3732 Non
2074 3701 2265 3736 necesse
2298 3687 2412 3737 eric.
2441 3689 2623 3737 Nonne
2647 3703 2820 3736 secun·
2914 3704 2918 3707 ’

1791 3762 1909 3811 dum
1931 3762 2190 3813 formulam
2215 3778 2419 3830 cogetur
2437 3767 2610 3828 judex,
2631 3768 2819 3815 edicese

1792 3854 1846 3892 ut
1890 3844 1943 3892 P.
1982 3845 2215 3894 Servilius
2266 3849 2333 3908 Q.
2385 3846 2564 3895 Catulo
2610 3846 2819 3895 fundmn

1792 3924 2030 3973 restituat.
2050 3926 2146 3976 Cui
2167 3927 2551 3978 interlocutoriae
2567 3929 2820 3977 sententia

1791 4002 1834 4050 si
1866 4016 2136 4054 contumax
2154 4006 2300 4055 suerit
2322 4007 2585 4069 Servilius,
2602 4025 2694 4057 nee
2716 4025 2819 4057 ren

1791 4084 2042 4133 restituere
2065 4086 2209 4144 velit,
2248 4098 2349 4135 tum
2378 4089 2621 4136 sententia
2649 4087 2821 4136 defini-

1791 4164 1894 4211 tiva
1919 4165 2015 4213 erit
2041 4155 2281 4226 dicenda,
2311 4182 2463 4230 eaque
2488 4166 2821 4217 condemnan-
