3044 4788
783 436 891 506 IN
943 436 1030 525 Q.
1074 434 1612 506 CAECII.1UM
1664 436 2235 505 DlleArlo.
2432 388 2562 533 193

440 560 627 629 rium
662 556 983 646 volunt³,
1003 572 1435 655 queruntur,
1459 571 1907 627 accusatores
1932 582 2007 629 se
2031 557 2335 629 idoneos
2355 562 2385 611 4
2418 585 2570 631 non

442 668 749 756 habere3
777 672 903 766 qui
930 693 1259 740 accusare
1290 680 1629 764 possunt,
1649 665 2089 761 judiciorum
2118 669 2570 740 severitatem

440 778 870 850 desiderant.
928 778 1246 875 Populus
1281 801 1624 847 romanus
1661 778 1974 864 interea,
2011 779 2293 850 tametsi
2325 780 2571 851 multis

441 886 964 960 incommodis⁵
984 886 1680 983 difficultatibusque
1704 884 2005 957 affectus
2037 902 2167 975 est,
2197 903 2438 960 tamen
2467 893 2574 959 ni-

439 996 542 1067 hil
579 1022 784 1095 aeque
810 1001 881 1068 in
907 996 1279 1096 republica
1305 1010 1522 1092 atque
1553 994 1745 1065 illam
1780 1009 2099 1068 veterem
2123 997 2568 1092 judiciorum

437 1109 582 1178 vim
618 1108 1181 1204 gravitatemque
1207 1105 1532 1203 requirit.
1570 1105 2019 1177 Judiciorum
2056 1108 2413 1180 desiderio
2452 1111 2571 1179 tri·

437 1219 710 1290 bunitia
748 1231 1067 1316 potestas
1103 1214 1487 1313 efflagitata
1525 1228 1633 1285 est
1656 1211 1721 1300 6;
1755 1214 2195 1309 judiciorum
2237 1217 2569 1290 levitate⁷

442 1328 625 1399 ordo
656 1351 952 1425 quoque
977 1326 1161 1396 alius
1189 1324 1275 1396 ad
1307 1348 1420 1395 res
1443 1321 1869 1419 judicandas
1895 1325 2339 1420 postulatur3
2373 1327 2572 1422 judi-

442 1463 609 1510 cum
637 1438 845 1535 culpa
875 1452 1094 1533 atque
1131 1434 1487 1506 dedecore
1515 1433 1729 1505 etiam
1771 1437 2180 1504 censorium
2203 1430 2231 1477 ⁸
2262 1461 2530 1508 nomen
2549 1492 2569 1525 ,

442 1547 644 1646 quod
687 1548 1005 1645 asperius
1049 1561 1259 1616 antea
1304 1543 1583 1642 populo
1625 1542 1865 1628 videri
1897 1542 2213 1633 solebat,
2251 1544 2331 1616 id
2373 1572 2573 1619 nunc

443 1661 787 1754 poscitur,
813 1656 885 1727 id
910 1657 1055 1751 jam
1084 1655 1437 1753 populare
1480 1668 1699 1750 atque
1737 1653 2112 1751 plausibile
2140 1654 2407 1728 factum
2440 1674 2569 1730 est.

445 1772 527 1849 In
562 1767 693 1837 hac
723 1762 1012 1836 libidine
1047 1764 1430 1835 hominum
1467 1763 2172 1850 nocentissimorum,
2211 1766 2284 1834 in
2322 1768 2575 1865 populi

445 1878 725 1947 romani
769 1876 1189 1973 quotidiana
1232 1874 1727 1971 querimonia,
1766 1872 2207 1967 judiciorum
2244 1874 2577 1962 infamia,

445 1990 663 2059 totius
714 1988 1041 2059 ordinis9
1085 1984 1529 2071 offensione,
1574 2006 1805 2080 quum
1850 1983 1992 2055 hoc
2037 2009 2268 2055 unum
2312 1986 2423 2057 his
2466 2002 2577 2059 tot

444 2097 923 2169 incommodis
976 2094 1377 2167 remedium
1434 2119 1589 2166 esse
1651 2092 2069 2176 arbitrarer.
2123 2110 2203 2167 ut
2241 2096 2573 2171 homines

445 2210 688 2281 idonei
710 2224 925 2305 atque
945 2209 1204 2305 integri
1222 2229 1505 2277 causam
1527 2203 1938 2302 reipublicae
1961 2204 2346 2303 legumque
2364 2211 2577 2280 susci-

445 2334 742 2417 perent;
767 2316 1021 2406 fateor‚¹
1042 2341 1183 2405 me,
1211 2315 1457 2388 salutis
1482 2316 1814 2386 omnium
1841 2339 2076 2405 causa,
2106 2316 2196 2399 ad
2223 2342 2380 2389 eam
2408 2344 2576 2418 par·

520 2571 569 2618 3.
601 2571 793 2618 Volunt.
821 2573 879 2617 Iu
911 2584 1080 2635 mag-na
1107 2570 1468 2635 exspectatione

445 2649 749 2717 lefourelia
779 2660 910 2709 erat,
937 2666 1089 2712 quum
1111 2650 1215 2697 haec
1245 2649 1465 2696 diceren-

449 2742 555 2777 tur:
579 2729 809 2793 flagrabat
836 2730 964 2775 enim
984 2729 1164 2776 invidia
1186 2728 1314 2776 ordo
1329 2743 1468 2775 sena-

1558 2567 1682 2630 Quze
1727 2578 1943 2632 potestas
1987 2569 2055 2615 eis
2099 2570 2196 2617 hoc
2238 2570 2345 2634 ipso
2384 2587 2515 2620 anno
2550 2589 2579 2620 a

1557 2649 1794 2710 Pompeio
1818 2658 1867 2696 et
1893 2647 2066 2696 Crasso
2095 2663 2220 2695 coss.
2242 2658 2313 2696 est
2336 2650 2577 2700 restituta.

1630 2743 1676 2786 7.
1702 2726 1925 2775 Levitaee.
1945 2728 2076 2773 Levis
2096 2727 2250 2787 judex
2270 2738 2343 2776 est
2358 2763 2372 2787 ,
2398 2731 2482 2792 qui
2510 2731 2580 2778 fa-

450 2811 629 2867 torius,
651 2809 736 2872 qui
756 2844 770 2868 ,
799 2809 994 2856 Sullana
1022 2808 1154 2873 lege,
1185 2825 1272 2873 per
1299 2806 1468 2854 decem

450 2904 602 2935 annos
634 2888 840 2951 turpiter
870 2887 1055 2949 judicia
1087 2886 1467 2935 administrabat.

449 2967 564 3017 vid.
589 2984 695 3030 sup.
715 2968 767 3014 in
795 2969 997 3030 Argum.

525 3054 571 3102 4.
599 3046 816 3096 Idoneus.
841 3046 1031 3108 Nempe
1054 3044 1277 3108 inge-nio,
1302 3043 1470 3108 probi-

452 3134 574 3183 tate,
598 3126 868 3171 constantia
895 3123 1148 3187 praeditos.

526 3203 572 3251 5.
602 3202 941 3251 Incommodt’s.
985 3202 1246 3249 Ademerat
1281 3200 1470 3265 populo

453 3281 584 3328 Sulla
620 3280 922 3329 tribuniciam
950 3291 1265 3345 potestatem,
1296 3294 1469 3326 censo-

452 3378 528 3408 res
553 3360 840 3415 sustula-au
878 3361 1184 3408 transtulerat
1203 3359 1386 3421 judicia
1408 3358 1470 3405 ab

450 3442 663 3505 equestri
706 3440 770 3487 ad
813 3440 969 3488 solum
1013 3440 1235 3489 ordinem
1280 3449 1471 3487 senato-

449 3537 592 3568 rium.

521 3599 570 3647 6.
615 3596 909 3664 Effingitaea
947 3608 1032 3645 est.
1073 3598 1142 3647 Ut
1177 3612 1351 3660 nempe
1386 3596 1471 3643 tri·

351 3722 358 3735 ,
451 3678 692 3724 hunorum
728 3676 1155 3725 intercessionibus
1176 3675 1472 3737 judiciorum

450 3756 724 3819 corruptela
754 3756 1108 3820 reprimeretur.
1136 3757 1265 3802 Ante
1292 3754 1472 3802 Sullam

450 3836 657 3883 tribunis
679 3851 734 3881 ea
761 3846 978 3899 potestas
1008 3843 1138 3891 erat,
1167 3844 1220 3880 ut
1242 3834 1471 3882 adversus

449 3916 726 3979 iniquorum
746 3908 754 3916 ⁶
761 3914 985 3975 judicum
1020 3912 1284 3959 sententias
1322 3913 1472 3960 inter·

452 3994 691 4051 cederent,
705 3992 972 4056 quemlibet
987 3990 1076 4055 qui
1099 4000 1300 4052 accepta
1323 4007 1470 4054 pecu·

452 4075 529 4119 nia
567 4072 833 4132 judicasset
854 4106 867 4128 ‚
917 4071 980 4117 ad
1017 4068 1259 4131 judicium
1300 4070 1472 4132 populi

453 4161 702 4214 raperent,
740 4151 883 4213 eique
918 4149 1150 4197 muletam
1185 4147 1470 4212 irrogarent.

647 4240 702 4305 I.
760 4252 847 4298 Cic.
867 4267 982 4314 pars
1012 4247 1227 4297 secunda.

1557 2803 1647 2850 cile
1668 2816 1911 2863 movetur,
1930 2818 1979 2853 et
1999 2804 2058 2852 de
2077 2817 2205 2854 recta
2228 2806 2482 2867 judicandi
2501 2810 2578 2858 via

1555 2883 1695 2930 facile
1714 2883 1942 2932 deflectit.
1974 2885 2102 2933 Huic
2132 2888 2402 2950 opponitur
2412 2889 2579 2956 gravis

1557 2971 1604 3009 et
1621 2973 1849 3009 constans
1864 2963 2034 3022 judex.

1630 3042 1678 3087 8.
1715 3041 1994 3088 Censorium
2019 3057 2212 3090 nomen.
2239 3044 2471 3104 Censura,
2488 3063 2578 3093 cu·

1555 3122 1637 3182 jus
1665 3120 1783 3168 olim
1810 3121 1887 3168 vel
1913 3137 2091 3168 nomen
2120 3135 2321 3186 propter
2345 3127 2576 3173 severita-

1562 3210 1659 3247 tem
1675 3198 1965 3261 horrebant,
1997 3216 2129 3249 nunc
2150 3202 2384 3265 poscitur,
2410 3215 2465 3251 nt
2486 3205 2580 3252 hac

1560 3279 1665 3343 ipsa
1704 3279 1956 3327 severitate
1985 3296 2093 3339 eos,
2126 3280 2211 3344 qui
2251 3293 2478 3344 corrupte
2499 3284 2581 3342 ju-

1562 3358 1825 3417 dicassent,
1862 3370 2036 3408 notent
2073 3371 2119 3407 et
2153 3373 2378 3409 moveant
2413 3374 2582 3421 senatu

1562 3454 1799 3487 censores.
1816 3441 1968 3486 Porro
1987 3439 2061 3485 illi
2077 3440 2287 3502 primum
2307 3443 2453 3489 creati
2477 3445 2581 3491 sue·

1562 3530 1671 3565 rant
1692 3534 1821 3565 anno
1840 3518 1989 3566 Urbis
2014 3520 2041 3567 3
2054 3535 2134 3580 12,
2151 3530 2205 3567 nt
2227 3535 2417 3591 morum
2432 3520 2572 3570 disci-

1560 3596 1809 3660 plinaeque
1852 3612 2065 3645 romauae
2114 3615 2262 3661 penes
2315 3584 2401 3647 eos
2456 3613 2583 3651 esset

1561 3677 1796 3740 regimen,
1825 3687 1873 3723 et
1900 3677 2090 3724 decoris
2117 3677 2464 3742 dedecorisque
2486 3679 2588 3727 dis·

1561 3755 1743 3802 crimen
1807 3755 1898 3802 sub
1959 3771 2129 3804 eorum
2180 3769 2304 3805 esset
2372 3757 2581 3808 ditione.

1560 3835 1712 3881 Porro
1739 3850 1826 3898 per
1851 3851 2005 3883 annos
2033 3835 2291 3884 duodecim
2317 3838 2369 3884 in
2392 3838 2584 3901 republ.

1560 3930 1661 3960 non
1695 3912 1908 3962 fuerunt.
1952 3914 2068 3962 Illos
2114 3915 2212 3963 hoc
2249 3916 2420 3964 eodem
2449 3932 2585 3964 anno

1562 3992 1775 4040 restituit
1804 3994 2088 4058 Pompeius.

1633 4087 1682 4133 9.
1715 4071 1929 4122 Ordinis.
1958 4075 2242 4123 Senatorum
2270 4090 2445 4138 nempe
2469 4088 2580 4120 om·

1561 4165 1715 4197 mum.

2260 4261 2283 4304 1
2302 4235 2342 4305 3
