3044 4788
711 398 852 482 480
1354 396 1447 461 Μ.
1502 395 1581 461 T.
1636 392 2218 463 CICERole

709 517 1042 589 nomine?
1076 518 1239 587 Non
1261 568 1281 602 ‚
1317 515 1584 611 opinor
1619 541 1633 582 ε
1678 514 1811 583 nisi
1840 510 2026 583 forte
2050 510 2081 554 ⁵
2117 513 2189 583 id
2227 514 2510 610 agimus
2533 570 2558 599 ,
2598 541 2768 587 non
2802 534 2872 586 ut

706 625 1238 726 magistratibus
1272 626 1541 696 nostris
1572 647 1850 693 moram
1878 621 2325 720 accipiundi,
2362 623 2489 693 sed
2525 640 2621 695 ut
2664 630 2873 698 sociis

706 761 989 809 causam
1019 733 1236 806 dandi
1278 733 1534 804 afferre
1561 732 1955 803 videamur.
1989 732 2206 822 Quod
2250 734 2309 803 si
2344 758 2572 833 quem
2613 752 2874 807 statuae

708 871 1152 946 magnopere
1171 843 1556 930 delectant,
1588 857 1659 914 et
1679 843 1738 913 si
1759 844 1920 939 quis
1944 866 2191 913 earum
2217 843 2501 914 honore
2526 860 2602 914 et
2635 848 2873 942 gloria

710 958 1041 1043 ‹lucitur3
1108 956 1168 1023 is
1213 953 1361 1022 haec
1411 966 1655 1023 tamen
1696 952 2087 1023 constituat
2130 976 2421 1023 necesse
2474 970 2592 1024 est
2629 982 2652 1039 3
2725 960 2870 1054 pri·

707 1091 951 1151 mum,
988 1066 1215 1134 averti
1249 1064 1637 1161 pecuniam
1667 1060 1969 1133 domum
2007 1088 2155 1133 non
2196 1063 2517 1161 placere3
2557 1065 2869 1147 deinde,

710 1183 1027 1276 ipsarum
1073 1188 1475 1245 statuarum
1510 1171 1811 1242 modum
1841 1173 2231 1269 quemdam
2277 1199 2433 1245 esse
2467 1191 2867 1273 oportere:

707 1285 972 1359 deinde
1015 1284 1228 1371 illud,
1263 1298 1455 1355 certe
1489 1281 1582 1353 ab
1626 1283 1865 1353 invitis
1903 1283 2090 1381 exigi
2131 1308 2279 1353 non
2318 1300 2726 1380 oportere.⁴

804 1400 982 1467 LIX.
1019 1400 1120 1466 Ac
1147 1393 1238 1464 de
1266 1390 1654 1464 avertenda
1672 1393 1981 1489 pecunia
1999 1446 2019 1480 ,
2047 1417 2290 1488 qua-ro
2320 1391 2449 1463 abs
2476 1408 2582 1477 te,
2611 1411 2865 1467 utrum

709 1509 878 1606 ipsae
920 1508 1240 1579 civitates
1277 1502 1680 1576 solitoesint
1716 1516 1986 1572 statuas
2026 1502 2157 1574 tibi
2200 1499 2579 1575 faciundas
2626 1505 2867 1578 locare

713 1620 820 1706 ei,
851 1620 970 1703 cui
1007 1629 1304 1714 possent
1340 1614 1615 1711 optima
1651 1611 2072 1684 conditione
2106 1613 2376 1700 locare,
2408 1639 2500 1684 an
2543 1616 2864 1714 aliquem

712 1744 1120 1802 curatorem
1158 1722 1524 1825 praeficere
1549 1777 1569 1809 ‚
1610 1725 1736 1820 qui
1764 1734 1782 1766 ¹
1817 1726 2068 1795 statuis
2106 1722 2459 1797 faciundis
2485 1745 2864 1824 praeesset,

713 1867 803 1911 an
835 1839 999 1926 tibi,
1023 1863 1113 1908 an
1154 1836 1271 1906 cui
1315 1850 1395 1906 tu
1432 1835 1891 1932 imperasses,
1921 1859 2396 1907 annumerare
2424 1841 2866 1934 pecuniam?

713 1954 894 2023 Nam
935 1950 993 2019 si
1031 1972 1163 2045 per
1206 1970 1331 2016 eos
1374 1959 1624 2015 statuae
1667 1942 1974 2031 flebant,
2016 1971 2058 2016 a
2100 1946 2369 2042 quibus
2393 1947 2527 2017 tibi
2558 1950 2698 2021 iste
2741 1952 2862 2020 ho-

713 2084 850 2131 nos
890 2056 1337 2142 habebatur3
1380 2053 1646 2125 audio²
1683 2083 1698 2124 τ
1739 2057 1847 2125 sin
1887 2057 2320 2129 Timarchidi
2358 2062 2678 2156 pecunia
2728 2087 2864 2131 nu·

715 2165 1163 2251 metabatur3
1214 2163 1503 2251 desine,
1554 2166 1837 2260 quaem,
1883 2166 2258 2253 simulare,
2311 2182 2425 2254 te,
2493 2194 2739 2264 quum
2793 2174 2865 2240 in

712 2273 1092 2347 manifesto
1167 2270 1363 2344 furto
1424 2288 1556 2344 tuo
1614 2289 1936 2363 teneare,
1999 2276 2240 2373 gloriae
2311 2276 2729 2351 studiosum
2787 2306 2866 2352 ac

713 2401 1363 2459 monumentorum
1403 2382 1648 2458 fuisse.

812 2498 1008 2590 Quid
1046 2497 1266 2569 vero?
1321 2496 1627 2568 modum
1660 2512 2058 2569 statuarum
2098 2498 2348 2571 haberi
2391 2499 2682 2571 nullum
2719 2502 2865 2599 pla-

714 2611 867 2684 cet?
891 2613 1089 2708 atqui
1115 2608 1472 2680 habeatur
1491 2632 1785 2679 necesse
1804 2622 1931 2680 est.
1949 2614 2234 2680 Etenim
2259 2611 2358 2680 sic
2376 2610 2859 2682 considerate.

711 2728 1156 2819 Syracusana
1180 2719 1425 2787 civitas
1455 2717 1578 2810 (ut
1611 2743 1766 2788 eam
1800 2720 2257 2815 potissimum
2286 2723 2717 2815 nominem)
2745 2722 2861 2792 de·

715 2834 822 2903 dit
847 2826 1016 2927 ipsi³
1034 2840 1373 2898 statuam:
1405 2840 1514 2896 est
1538 2827 1795 2897 honos.
1818 2832 1907 2897 Et
1934 2832 2159 2927 patri:
2189 2829 2371 2900 bella
2391 2829 2544 2900 haec
2568 2832 2860 2928 pietatis

715 2956 789 3011 et
809 2952 1212 3037 quaestuosa
1241 2934 1621 3007 simulatio.
1650 2939 1738 3005 Et
1762 2934 1956 3007 filio:
1992 2935 2161 3008 ferri
2186 2937 2327 3009 hoc
2352 2953 2595 3037 potest
2617 2967 2640 3029 3
2662 2940 2859 3012 hunc

785 3161 835 3208 5.
858 3154 1122 3221 Nisifhree.
1147 3154 1258 3203 Nisi
1283 3169 1375 3201 nos
1402 3169 1503 3201 nou
1527 3164 1622 3201 um
1644 3169 1744 3200 ma·

709 3241 997 3304 gistratuum
1012 3234 1268 3299 cupiditati
1288 3234 1539 3281 obstamus
1554 3268 1568 3291 ,
1595 3248 1740 3295 quam

1829 3154 1962 3203 tibus
2005 3153 2282 3221 accipiendi
2325 3173 2537 3216 morem,
2584 3158 2677 3206 sed
2710 3161 2857 3207 »odis

1828 3251 2020 3282 cauum
2050 3234 2213 3284 dandi.

711 3321 756 3369 ei
783 3333 949 3367 causas
974 3313 1296 3378 extorquendi
1315 3312 1582 3360 afferimus.
1606 3315 1739 3360 Loco

713 3398 898 3465 affine
917 3395 1063 3458 vulgo
1082 3405 1183 3440 erat
1201 3391 1415 3457 aufferre,
1444 3406 1592 3454 quem
1615 3392 1734 3440 Eru.

713 3479 827 3525 ferri
851 3492 997 3541 posse
1023 3471 1358 3528 existimabat,
1384 3470 1425 3517 si
1459 3470 1607 3517 verba
1643 3487 1740 3517 mo·

712 3572 813 3620 rem
852 3554 967 3619 (pro
1012 3549 1221 3613 moram)
1265 3560 1313 3596 et
1357 3565 1561 3596 causam
1603 3547 1740 3597 sedes

711 3642 1058 3698 permutarent.
1097 3634 1249 3678 Recte
1289 3630 1492 3676 Hotom.
1528 3629 1739 3690 conjecit

711 3711 973 3777 legendum
1007 3725 1110 3756 esee
1148 3707 1356 3774 affin-e,
1397 3707 1531 3771 quod
1573 3719 1742 3771 postea

714 3793 766 3840 in
791 3789 901 3839 cod.
923 3787 1111 3836 Metell.
1130 3797 1377 3851 repertum
1402 3786 1624 3850 plerique
1645 3789 1740 3836 edi·

714 3884 844 3918 tores
862 3865 1321 3929 comprobaverunt.
1333 3866 1559 3913 Manutio
1579 3877 1739 3915 tamen

710 3949 896 4015 placuit
924 3959 1148 3992 «morem
1180 3943 1734 4006 accipiendi...cau⁸am

710 4028 860 4078 dandi
885 4028 1140 4084 auferre»,
1176 4025 1273 4072 hoc
1298 4039 1461 4082 sensu:
1494 4026 1544 4073 Si
1573 4025 1735 4072 absol-

709 4109 822 4158 vitis
842 4109 1040 4156 Verrem
1057 4139 1071 4163 ‚
1097 4121 1199 4153 uon
1224 4103 1453 4151 auferetis
1487 4105 1732 4167 magistra·

1900 3316 2033 3362 LIX.
2061 3330 2104 3360 ι.
2124 3313 2283 3362 verba
2310 3314 2443 3372 hec,
2464 3317 2644 3379 «quin
2660 3331 2856 3381 ‚praev

1827 3403 1962 3451 oet»,
1991 3393 2213 3441 Herelius
2244 3409 2347 3441 non
2375 3395 2479 3441 siue
2496 3396 2610 3456 jure
2642 3396 2852 3460 quodam

1826 3472 2027 3521 insititio
2042 3473 2295 3534 judicavit.
2314 3474 2366 3521 J.
2385 3474 2451 3521 V.
2478 3474 2533 3519 1..

1898 3566 1947 3600 a.
1978 3551 2158 3599 Audio.
2187 3554 2315 3600 Bene
2341 3563 2415 3601 est
2442 3568 2456 3601 :
2499 3553 2626 3602 nihil
2656 3571 2850 3620 possu-

1826 3628 2004 3679 dicere.

1905 3712 1951 3758 3.
1979 3711 2147 3758 Lectio
2176 3714 2229 3759 F.
2247 3712 2432 3760 Ursino
2462 3714 2696 3777 probata,
2722 3730 2847 3778 pre·

1828 3789 1994 3837 sertim
2030 3807 2058 3837 e
2094 3806 2202 3854 cap.
2238 3792 2303 3852 67
2330 3807 2342 3838 ε
2371 3794 2649 3841 «QVerris
2676 3795 2842 3858 ipsius,

1826 3880 1878 3917 et
1895 3869 2072 3933 patris,
2097 3880 2146 3917 et
2172 3868 2315 3917 filii».
2336 3871 2551 3919 Alteram
2575 3888 2721 3930 vero,
2739 3872 2841 3926 isti.

1824 3947 1907 3995 alii
1936 3951 2088 4013 magis
2117 3950 2342 4013 probant.
2373 3953 2424 3999 J.
2448 3953 2510 4000 V.
2539 3953 2847 4016 L.—Nempe

1823 4028 1913 4075 alia
1948 4039 2021 4076 est
2045 4028 2094 4076 h.
2121 4028 2156 4076 l.
2184 4031 2338 4089 ratio,
2363 4031 2449 4079 ubi
2471 4033 2635 4080 Verris
2671 4047 2847 4079 nomen

1824 4123 1921 4154 non
1949 4106 2160 4156 additur.
