3044 4788
685 425 1074 493 ORATIO
1129 427 1324 494 PRO
1373 427 1442 494 S.
1497 428 1894 495 ROSCIO.
2264 429 2355 501 83

214 544 605 618 artificium
660 544 1153 634 obliviscatur,
1185 561 1258 620 et
1301 546 1624 618 studium
1658 548 2017 646 deponat,
2045 549 2356 624 licebit⁴.

216 655 434 749 Quod
469 658 763 725 tametsi
805 659 1148 727 miserum
1175 672 1249 727 et
1286 657 1668 754 indignum
1711 673 1857 747 est,
1901 657 2084 731 feret
2117 676 2357 733 tamen

213 752 424 863 aequo
450 770 734 854 anim0‚
753 765 1059 862 judiceS,
1086 769 1144 837 si
1168 791 1301 864 per
1327 792 1456 838 vos
1487 771 1705 839 vitam
1734 785 1806 840 et
1829 768 2087 839 famam
2119 787 2360 868 potest

211 877 575 947 obtinere.
610 882 769 947 Hoc
795 901 968 947 vero
995 891 1139 964 est,
1167 875 1369 973 quod
1397 875 1568 948 ferri
1603 903 1752 949 non
1778 895 2016 977 potest
2038 934 2057 968 ‚
2090 884 2145 951 si
2184 897 2256 952 et
2283 885 2357 951 in

214 986 400 1058 hanc
428 987 911 1057 calamitatem
945 991 1147 1059 venit
1167 1003 1467 1085 prop-ter
1491 989 1931 1086 proediorum
1959 990 2360 1063 bonitatem

213 1115 285 1170 et
317 1097 919 1185 multitudinem;
954 1112 1029 1168 et
1053 1152 1072 1185 ‚
1109 1097 1314 1194 quod
1346 1122 1430 1168 ea
1465 1098 1788 1170 studiose
1822 1099 2077 1188 coluit,
2115 1099 2189 1171 id
2226 1106 2363 1172 erit

213 1212 278 1279 ei
319 1211 639 1278 maxime
679 1206 973 1283 fraudi:
1015 1223 1098 1278 ut
1126 1232 1383 1307 parum
1432 1212 1733 1280 miseriae
1775 1213 1868 1280 sit
1892 1264 1911 1297 ‚
1951 1210 2155 1307 quod
2204 1213 2360 1283 aliis

214 1318 481 1402 coluit,
510 1341 662 1387 non
691 1316 872 1405 sibi3
899 1320 1035 1388 nisi
1065 1321 1280 1389 etiam
1299 1373 1320 1406 ‚
1351 1318 1557 1416 quod
1585 1320 1888 1389 omnino
1928 1320 2188 1408 coluit,
2220 1326 2356 1393 cri-

220 1432 402 1498 mini
434 1426 675 1497 fuerit.

314 1540 582 1606 XVIII.
639 1539 760 1607 Nae
794 1552 875 1607 tu
897 1591 916 1625 ‚
946 1541 1199 1625 Eruci,
1243 1552 1618 1609 aecusator
1648 1562 1838 1609 esses
1872 1538 2257 1629 ridiculus,
2292 1545 2351 1613 si

220 1646 371 1716 illis
399 1646 839 1744 temporibus
873 1661 1085 1719 natus
1119 1672 1342 1736 esses,
1385 1673 1622 1746 quum
1670 1646 1763 1719 ab
1805 1663 2043 1720 aratro
2066 1662 2084 1693 ¹
2123 1674 2356 1722 arces-

220 1753 593 1842 sebantur,
635 1759 762 1853 qui
802 1758 1135 1828 consules
1177 1756 1457 1829 fierent.
1509 1762 1839 1847 Etenim,
1879 1762 2008 1856 qui
2053 1785 2357 1858 praeesse

217 1889 394 1961 agro
422 1865 729 1936 colendo
742 1865 1090 1963 flagitium
1115 1881 1353 1965 putes,
1377 1865 1707 1965 profecto
1727 1862 1932 1938 illum
1960 1870 2355 1957 Attilium²‚

219 2001 440 2072 quem
475 2000 605 2046 sua
632 2001 855 2047 manu
886 1993 1343 2075 spargentem
1377 2001 1622 2048 semen
1648 2031 1667 2067 ‚
1720 1982 1848 2075 qui
1883 1982 2077 2049 missi
2115 1995 2356 2069 erant,

218 2101 762 2172 convenerunt,
803 2086 1173 2157 hominem
1217 2090 1718 2184 turpissimum
1764 2104 1986 2186 atque
2047 2089 2356 2162 inhone-

214 2192 656 2265 stissimum³
681 2195 1062 2291 judicares,
1088 2200 1179 2267 At
1209 2195 1505 2267 hercule
1541 2199 1847 2293 majores
1875 2202 2104 2269 nostri
2137 2200 2353 2297 longe

212 2308 418 2378 aliter
444 2321 521 2378 et
544 2305 637 2377 de
665 2307 813 2386 illo,
836 2321 908 2377 et
931 2306 1022 2376 de
1047 2309 1303 2376 ceteris
1325 2307 1590 2378 talibus
1621 2309 1791 2377 viris
1820 2308 2343 2381 existimabant.

215 2426 470 2517 Itaque
504 2444 592 2488 ex
623 2421 921 2488 minima
952 2420 1515 2514 tenuissimaque
1549 2418 1922 2516 republica
1968 2424 2352 2493 maximam

216 2545 287 2599 et
316 2528 903 2598 florentissimam
934 2527 1148 2598 nobis
1180 2526 1658 2624 reliquerunt.
1699 2530 1882 2598 Suos
1910 2530 2104 2599 enim
2141 2553 2352 2625 agros

217 2638 539 2709 studiose
586 2637 962 2726 colebant,
1023 2662 1173 2708 non
1234 2638 1507 2707 alienos
1558 2638 1822 2736 cupide
1863 2637 2305 2736 appetebant
2333 2667 2349 2709 ε

216 2749 485 2846 quibus
534 2746 829 2835 rebus4,
862 2762 934 2818 et
980 2751 1204 2844 agris,
1262 2762 1335 2817 et
1378 2746 1720 2834 urbibu5‚
1767 2761 1841 2819 et
1886 2748 2304 2820 nationibus
2331 2804 2352 2838 ,

216 2857 740 2957 rempublicam
776 2873 994 2953 atque
1022 2858 1165 2929 hoc
1196 2859 1584 2956 imperium
1615 2912 1635 2946 ‚
1676 2873 1748 2929 et
1779 2858 2033 2957 populi
2069 2864 2348 2932 romani

216 2992 485 3039 nomeu
518 2982 900 3039 auxerunt.

313 3083 564 3174 Neque
578 3101 714 3174 ego
733 3077 887 3148 haec
902 3102 989 3148 eo
1005 3075 1321 3175 profero,
1337 3072 1524 3172 quo⁵
1546 3073 1986 3147 conferenda
2014 3082 2158 3152 sint
2180 3104 2348 3150 cum

213 3188 452 3275 hisce,
476 3188 565 3260 de
595 3188 869 3286 quibus
904 3213 1102 3259 nunc
1127 3190 1558 3285 quaerimus3
1586 3184 1713 3257 sed
1745 3202 1828 3257 ut
1860 3187 2044 3258 illud
2073 3190 2344 3259 intelli-

288 3376 341 3423 4.
364 3365 566 3413 Licebit.
575 3366 846 3413 Vehemens
864 3365 1039 3425 ironia,
1061 3381 1121 3411 ex
1144 3380 1239 3428 qua
1327 3361 1511 3412 Consul
1533 3362 1627 3410 suit
1648 3363 1713 3409 A.
1737 3363 1799 3410 U.
1818 3363 1874 3411 C.
1900 3363 2020 3426 496,
2039 3373 2087 3410 et
2107 3363 2167 3411 de
2185 3367 2350 3415 Poeuis

212 3461 329 3494 uox
344 3445 401 3492 in
427 3445 772 3495 vividissimum
799 3443 1009 3507 assurgit
1022 3442 1240 3507 indigna·
1324 3441 1496 3489 eodem
1521 3457 1651 3489 anuo
1680 3440 2013 3506 triumphavit.

212 3525 397 3573 tionem
423 3534 610 3571 orator.
820 3545 825 3549 ·
1395 3521 1442 3568 3.
1470 3519 1931 3570 Inhoneseissimum.
1965 3521 2204 3569 Honesem
2228 3522 2349 3571 diei-

284 3606 486 3651 xvm.
520 3618 566 3651 ι.
596 3602 676 3650 Ab
695 3613 879 3649 aratro.
907 3602 982 3648 De
1003 3599 1079 3647 hin
1094 3599 1235 3664 plura
1323 3581 1404 3647 tur
1450 3600 1536 3662 qui
1579 3598 1849 3646 honoribus
1892 3615 1980 3646 seu
2027 3599 2347 3663 dignitatibus

211 3683 320 3732 vide
345 3683 483 3747 apud
506 3682 633 3729 Plin.
651 3683 923 3742 maij,
943 3689 995 3737 4.
1020 3682 1079 3727 Δ.
1099 3679 1229 3730 Gen.
1322 3694 1442 3741 quas
1463 3691 1548 3726 aut
1572 3679 1676 3742 ipse
1692 3711 1706 3736 ,
1743 3690 1829 3726 aut
1862 3680 2069 3739 maiores
2102 3681 2205 3741 ejus
2228 3692 2342 3730 sunt

212 3767 296 3821 IV,
325 3779 407 3811 η.
437 3761 697 3811 Columell.
724 3761 912 3825 praefat.
959 3759 1236 3808 Viator-ibus
1322 3755 1598 3820 aequati,
1638 3767 1711 3804 est
1745 3756 1968 3820 insignis.
1999 3758 2181 3806 Contra
2208 3758 2344 3808 inho-

212 3854 369 3890 autem
400 3857 584 3889 nomeu
619 3852 721 3889 ent
756 3841 816 3886 iis
852 3839 939 3902 qui
967 3838 1237 3901 antiquitus
1323 3848 1511 3893 raesens,
1547 3835 1659 3883 vilis
1681 3845 1732 3883 et
1756 3834 1960 3896 abjecta
1987 3838 2131 3885 sortis
2165 3838 2339 3898 homo;

212 3923 461 3969 Romanos
491 3934 723 3984 proceres
763 3935 829 3966 ex
865 3917 995 3965 villis
1031 3928 1082 3965 et
1110 3918 1237 3982 agris
1324 3913 1435 3961 vilis
1460 3915 1727 3978 operarius.

214 4001 306 4047 ιώ
327 3998 660 4047 arcessebant.
1399 4004 1452 4051 4.
1473 3996 1645 4045 Rebus.
1669 3994 1888 4045 Artibus.

277 4096 326 4128 ι.
354 4078 611 4128 Atrinum.
645 4077 747 4140 Qui
781 4092 808 4123 a
842 4075 1047 4124 serendo
1084 4076 1243 4122 Serra-
1402 4075 1450 4124 5.
1481 4076 1607 4138 Quo.
1648 4075 1927 4140 Elegantius
1966 4090 2059 4138 pro
2090 4076 2239 4139 quod.
2265 4076 2346 4124 Sic

215 4173 300 4206 nus
335 4158 507 4206 dictus
533 4169 624 4206 est.
647 4155 825 4219 Vin-gil.
852 4156 1082 4211 AEmVI,
1118 4154 1239 4210 844.
1331 4165 1455 4202 orat.
1474 4170 1570 4219 pro
1597 4157 1772 4218 Quint.
1799 4170 1876 4205 ιι.
1947 4170 1954 4177 ·

2039 4238 2105 4306 6.
