3044 4788
647 417 778 499 ’114
1275 407 1371 473 M.
1423 405 1498 470 T.
1556 398 2118 469 CICERONIS

634 536 944 608 riculum
976 529 1363 601 aditurum.
1392 522 1606 594 Illum
1634 542 1928 605 acuere3
1957 515 2127 603 hm,
2154 518 2283 611 qui
2314 514 2525 584 simul
2562 529 2763 585 erant

635 648 876 730 missi,
918 641 1159 712 fallere
1203 662 1220 703 ε
1266 634 1470 704 illum
1513 625 1912 700 identidem
1954 649 2285 711 monere,
2316 638 2398 694 ut
2440 639 2769 709 αιτιοι-εὶς

641 759 837 828 hisce
867 749 1206 823 insidiose
1227 769 1429 843 spem
1455 731 1702 811 falsam
1727 734 2142 808 ostendere:
2174 759 2341 806 cum
2364 733 2489 804 illo
2519 749 2767 805 contra

641 868 776 937 hos
808 868 991 935 inire
1024 856 1355 941 consilia3
1381 853 1650 923 horum
1679 847 1976 920 consilia
2005 847 2107 916 illi
2132 847 2513 916 enuntiare
2548 870 2565 911 :
2601 868 2764 914 cum
2842 873 2855 886 ·

633 978 758 1048 illo
795 967 1071 1073 pa'rtem
1099 991 1301 1039 suam
1321 961 1713 1060 depacisci3
1743 956 1968 1042 hisce,
1985 957 2225 1052 aliqua
2259 952 2524 1025 fretus⁴
2556 952 2765 1038 hora,

637 1109 921 1183 semper
938 1103 1192 1168 omnes
1213 1074 1453 1148 aditus
1473 1069 1566 1143 ad
1588 1069 1855 1142 Sullam
1874 1063 2377 1138 intercludere.
2393 1069 2765 1135 Postremo

639 1197 780 1263 isto
813 1191 1213 1275 hortatore,
1249 1198 1580 1267 auctore,
1607 1182 2108 1260 intercessore,
2131 1173 2224 1246 ad
2255 1173 2525 1245 Sullam
2556 1175 2764 1270 legati

638 1328 789 1373 non
816 1301 1192 1384 adierunt;
1223 1298 1429 1366 istius
1475 1288 1620 1360 fide
1642 1343 1662 1376 ‚
1692 1311 1776 1358 ac
1816 1289 2059 1385 potius
2094 1282 2395 1383 perfidia
2441 1283 2767 1382 decepti,

637 1412 714 1483 id
743 1408 944 1508 quod
970 1434 1059 1480 ex
1084 1408 1257 1505 ipsis
1287 1421 1721 1499 cognoscere
1747 1399 2075 1495 poteritis
2095 1450 2115 1483 ‚
2147 1398 2205 1467 si
2241 1409 2617 1465 accusator
2644 1419 2768 1465 vo-

639 1519 895 1594 luerit⁵
935 1517 1430 1590 testimonium
1461 1513 1563 1580 eis
1592 1506 2043 1594 denuntiare,
2071 1532 2205 1605 pro
2232 1531 2309 1577 re
2343 1500 2537 1576 certa'
2562 1529 2767 1602 spem

633 1632 882 1703 falsam
927 1627 1229 1698 domum
1266 1622 1694 1695 retulerunt.

734 1753 817 1818 In
845 1743 1145 1842 privatis
1182 1736 1400 1808 rebus
1431 1736 1487 1803 si
1524 1734 1651 1828 qui
1679 1754 1831 1800 rem
1851 1723 2323 1801 'mandatamfl
2356 1751 2509 1797 non
2542 1727 2766 1798 modo

640 1854 1067 1927 malitiosius
1101 1849 1465 1944 gessisset,
1496 1844 1609 1912 sui
1632 1853 1949 1937 quaestus
1974 1854 2102 1910 aut
2126 1835 2492 1909 commodi
2521 1860 2765 1922 causa,

631 1988 885 2036 verum
913 1963 1126 2032 etiam
1157 1955 1639 2052 negligentius
1657 2005 1678 2038 ‚
1703 1974 1871 2020 eum
1899 1952 2205 2046 majores
2238 1971 2607 2018 summum
2632 1946 2761 2017 ad-

632 2178 852 2230 Consilio
879 2190 969 2224 suo
988 2174 1233 2238 instigare,
1253 2183 1304 2219 et
1327 2170 1392 2218 ad
1409 2171 1536 2218 hanc
1555 2184 1657 2216 rem

632 2270 771 2308 caute
785 2268 834 2304 et
843 2255 1075 2304 insidiose
1085 2250 1383 2301 metandam
1391 2249 1656 2314 impellere.

705 2347 753 2396 4.
775 2335 959 2401 Aliqua
965 2333 1127 2399 fletus
1146 2327 1657 2383 hora.·11unclocum‚

630 2431 688 2467 ut
736 2416 902 2465 mendi
951 2423 1226 2477 suspectum
1239 2444 1253 2467 ,
1300 2408 1436 2456 docti
1481 2408 1659 2454 frustra

633 2498 914 2546 sollicitant.
939 2491 1117 2542 Sehfitz
1135 2487 1285 2555 fretis
1313 2488 1464 2550 legit,
1509 2496 1561 2533 et
1595 2485 1660 2533 sd

632 2578 818 2641 legatos
839 2574 1010 2629 resert3
1032 2571 1233 2616 Hotom.
1247 2576 1294 2614 et
1312 2564 1482 2613 Lamb.
1499 2579 1627 2612 aura
1638 2582 1658 2620 ,-

635 2659 832 2705 Gruter.
856 2675 880 2695 κ
898 2653 1074 2699 fretum
1102 2662 1188 2695 ors
1208 2661 1250 2703 ις
1276 2647 1468 2693 Manut.
1498 2644 1658 2691 «faeta

632 2751 769 2783 mors
789 2748 836 2791 ις
868 2735 1031 2781 Graev.
1067 2725 1268 2789 «eliqua
1302 2721 1414 2771 fleu
1458 2739 1658 2786 mora-»3

632 2814 781 2862 Beck.
810 2833 837 2853 α
858 2812 1009 2857 fretus
1034 2820 1170 2853 mora
1193 2825 1237 2850 ιο.
1282 2804 1468 2850 Ernest.
1497 2803 1658 2867 suspi-

631 2904 770 2940 catur
803 2904 973 2936 causa.
1023 2884 1119 2934 sed
1164 2880 1416 2930 retinenda
1462 2880 1657 2943 vulgata

629 2970 805 3027 lectio,
835 2950 993 3030 quum·
1012 2962 1235 3028 praebent
1261 2976 1427 3008 omnes
1455 2960 1584 3007 Mss
1610 2971 1659 3007 et

631 3048 745 3097 edd.
773 3064 826 3110 p.
858 3047 996 3092 Hora
1022 3042 1228 3091 sumitur
1265 3042 1347 3088 hic
1387 3054 1479 3104 pro
1507 3054 1657 3103 nego-

633 3128 704 3174 tio
721 3160 736 3185 ‚
776 3123 856 3172 cui
871 3124 994 3170 hora
1014 3120 1109 3168 diei
1129 3131 1258 3167 certa
1283 3120 1345 3166 sit
1367 3117 1656 3165 vacandum.

635 3208 715 3254 Sic
742 3223 766 3253 a
796 3201 1132 3268 Quintiliano,
1164 3198 1263 3257 Vt,
1302 3206 1361 3255 4,
1396 3197 1558 3245 dictus
1583 3209 1657 3245 est

634 3286 833 3337 Asinius
860 3282 1017 3332 Pollio
1043 3278 1297 3328 «omnium
1314 3277 1541 3324 horarum
1560 3276 1655 3325 ho-

633 3382 775 3425 mo»,
792 3362 929 3428 quod
948 3361 1077 3409 idem
1106 3374 1295 3421 semper
1321 3365 1460 3413 esset,
1491 3356 1653 3402 omni-

631 3444 818 3505 busque
845 3440 1052 3502 negotiis
1082 3449 1184 3485 tum
1220 3436 1375 3493 seriis,
1400 3447 1501 3482 tum
1529 3434 1656 3482 ludi·

632 3522 727 3567 cris
749 3517 1159 3567 accommodatus.
1191 3515 1369 3577 Capito
1394 3513 1546 3577 igitur
1566 3514 1654 3562 ali.

636 3616 731 3663 qua
753 3613 943 3660 semper
969 3596 1117 3643 Sullae
1149 3592 1473 3656 occupatione
1500 3592 1656 3640 conii-

559 3716 570 3725 ,
635 3695 733 3734 sus,
745 3677 870 3723 hanc
889 3672 1202 3740 praetexendo
1220 3672 1384 3719 socios
1399 3670 1656 3736 legationis

635 3758 874 3807 eludebat.
903 3757 1100 3818 Semper
1118 3752 1321 3817 aliquod
1342 3752 1486 3801 Sullae
1503 3752 1657 3816 impe-

636 3839 902 3886 dimentum
916 3833 1493 3895 comminiscebatur,t1uo
1508 3832 1658 3879 fretus

634 3917 803 3982 legatis
829 3915 1017 3962 aditum
1046 3913 1318 3975 impediret.
1342 3912 1420 3959 sic
1447 3910 1655 3959 Facciol.

632 4012 744 4061 quae
761 3993 906 4041 nobis
924 3992 1070 4051 hujus
1086 3990 1183 4037 loci
1201 3990 1447 4036 verissima
1460 3987 1659 4036 videtur

630 4073 881 4125 sententis.
919 4068 1057 4119 Nihil
1090 4077 1245 4116 mutat
1279 4066 1422 4113 etism
1457 4066 1652 4116 Lallem.

627 4157 715 4205 sed
736 4154 928 4204 diverso
955 4164 1123 4200 sensu:
1154 4148 1353 4212 «aliqua
1383 4149 1536 4196 fretus
1563 4148 1651 4196 ho-

1744 2183 1794 2215 rs
1812 2189 1860 2226 n,
1894 2183 2071 2232 nempe
2109 2174 2386 2230 opportuna
2421 2165 2582 2229 eliqua
2618 2180 2766 2213 oeen-

1743 2246 1880 2293 sione
1903 2243 2114 2293 adeundi
2137 2245 2322 2292 Sullam
2340 2281 2356 2307 ,
2380 2260 2533 2307 quum
2554 2243 2735 2292 diceret
2751 2279 2768 2300 ,

1742 2340 1794 2371 se
1815 2318 2140 2372 attentaturum
2177 2324 2337 2370 aditus
2362 2333 2412 2370 et
2444 2322 2607 2370 mollia
2632 2323 2766 2370 fandi

1742 2406 1981 2468 Tempora
1996 2427 2040 2464 υ,
2057 2415 2113 2452 ut
2129 2405 2195 2451 ait
2207 2404 2347 2467 Vin-g.
2364 2406 2475 2452 AEn.
2489 2405 2579 2451 lv.
2595 2404 2769 2450 Minus

1744 2484 1967 2533 feliciter.
1994 2485 2228 2547 Intelligit
2260 2494 2420 2532 antem
2453 2477 2621 2531 Garat.
2641 2481 2767 2529 nihil

1744 2564 1904 2613 aditus
1926 2562 2297 2612 intercludendo
2316 2562 2605 2626 Capitonem
2632 2578 2768 2624 que·

1745 2662 1875 2702 rere,
1905 2645 1999 2692 nisi
2024 2655 2078 2691 ut
2103 2645 2273 2691 horam
2311 2642 2518 2704 aliquam
2556 2642 2769 2690 ausam

1746 2736 1795 2772 et
1816 2725 2096 2772 lucraretur.
2136 2725 2305 2771 Fretus
2332 2722 2479 2786 igitur
2506 2720 2589 2768 ill·
2613 2721 2735 2769 hon
2754 2758 2771 2781 ‚

1743 2803 1887 2851 illave
1920 2819 2056 2850 mora
2102 2800 2235 2866 (nam
2271 2811 2529 2863 utrumque
2570 2800 2770 2866 recipit)

1744 2880 1928 2945 legatos
1962 2881 2023 2929 ab
2060 2881 2205 2928 Sullae
2239 2889 2504 2942 conspectu
2545 2879 2769 2939 arcebat,

1745 2960 1799 3007 id
1823 2962 1927 3008 fore
1948 2958 2229 3017 confidens,
2256 2958 2391 3022 quod
2417 2960 2580 3005 evenit
2596 2992 2611 3015 ‚
2648 2968 2706 3006 nt
2730 2959 2769 3005 ii

1746 3039 1955 3102 denique
2001 3038 2264 3087 mendaciis
2311 3038 2416 3097 eins
2466 3035 2771 3100 perfidiaque

1744 3117 1968 3182 decepti,
1994 3136 2021 3166 a
2048 3120 2241 3176 castris,
2269 3133 2319 3164 re
2337 3117 2531 3173 infecta,
2558 3115 2770 3164 abirent.

1817 3198 1864 3245 5.
1891 3197 1946 3244 Si
1969 3208 2230 3244 aecusator
2260 3194 2488 3243 voluerit.
2517 3195 2645 3242 Nam
2680 3210 2768 3242 reo

1743 3277 2065 3326 denuntiandi
2095 3275 2358 3325 testimonii
2397 3283 2615 3338 potestas
2662 3290 2767 3321 non

1743 3356 1968 3406 dabatur.
2000 3358 2141 3418 Quos
2166 3354 2464 3420 produxerat
2491 3364 2665 3413 testes,
2686 3370 2769 3401 sc-

1743 3447 1941 3483 cusator
1973 3446 2022 3483 et
2057 3445 2224 3497 postea
2264 3449 2375 3481 reus
2413 3432 2768 3496 interrogabat3

1742 3530 1990 3578 nunquam
2012 3529 2130 3561 vero
2146 3513 2319 3573 judex.

1814 3595 1864 3642 6.
1902 3595 2017 3639 Rem
2062 3593 2363 3639 mandatam.
2407 3588 2693 3638 Mandatum
2736 3605 2768 3637 a

1743 3672 1883 3721 JCtis
1929 3670 2155 3719 definitur
2208 3680 2491 3718 contractus
2534 3683 2637 3731 quo
2680 3684 2767 3714 ne·

1745 3754 1932 3815 gotium
1951 3749 2151 3813 aliquod
2174 3749 2434 3798 honestum
2460 3748 2771 3811 procuratori

1747 3831 1892 3894 gratis
1948 3830 2230 3894 suscipienti
2278 3828 2617 3876 committitur.
2665 3826 2771 3887 Qui

1746 3912 1944 3960 mandat
1970 3909 2235 3956 mandator
2268 3906 2475 3965 dieitur,
2513 3916 2563 3952 et
2604 3906 2647 3951 is
2684 3907 2770 3951 cui

1744 3993 2017 4047 mandatur,
2049 3985 2417 4042 mandatarius,
2444 3985 2486 4032 si
2513 3984 2770 4047 negotium

1745 4072 1810 4118 sit
1834 4070 2003 4129 civile,
2027 4078 2076 4114 et
2093 4067 2288 4130 proprie
2308 4073 2615 4124 procurator,
2645 4062 2684 4106 si
2706 4059 2774 4107 sd

1743 4150 1878 4198 litem
1898 4146 2177 4195 mandatum
2200 4142 2359 4191 fuerit.
