3044 4788
738 406 874 476 500
1384 406 1478 473 M.
1531 397 1608 472 T.
1663 400 2214 473 CICERONIS

732 549 1110 627 purpurae,
1164 528 1548 626 plurimam
1595 540 1863 596 vestem
1913 526 2414 611 Melitensem,
2484 526 2882 624 plurimam

728 640 1114 736 stragulam
1134 694 1153 726 ‚
1189 636 1488 706 multam
1521 635 1883 705 Deliacam
1908 633 1937 677 3
1968 635 2518 732 supellectilem,
2565 638 2881 735 plurima

731 775 894 820 vasa
940 748 1348 834 Corinthia,
1416 770 1757 841 magnum
1818 770 2205 815 numerum
2268 744 2674 836 frumenti,
2754 755 2880 820 vim

728 861 954 931 mellis
982 859 1396 936 maximam,
1422 858 1789 950 Syracusis
1816 870 2265 952 exportasse3
2297 856 2410 926 his
2444 882 2593 954 pro
2633 859 2877 941 rebus,

726 968 928 1066 quod
976 967 1380 1066 portorium
1437 989 1592 1034 non
1633 979 1819 1036 esset
1869 963 2154 1051 datum,
2217 958 2461 1036 literas
2502 967 2604 1037 ad
2646 972 2875 1039 socios

724 1081 999 1150 misisse
1028 1082 1108 1147 L.
1134 1075 1598 1168 Canuleium,
1623 1078 1751 1171 qui
1789 1077 1864 1143 in
1896 1088 2111 1171 portu
2145 1080 2398 1171 operas
2436 1074 2680 1148 daret.

815 1188 1090 1258 Satisne
1136 1208 1478 1281 magnum
1506 1185 1647 1254 hoc
1678 1186 1953 1254 crimen
1981 1184 2309 1254 videtur?
2344 1185 2682 1274 nullum,
2715 1192 2868 1285 opi·

719 1320 879 1382 nor,
916 1298 1166 1391 majus.
1206 1294 1400 1385 Quid
1435 1292 1775 1363 defendet
1805 1294 2272 1365 Hortensius?
2307 1295 2754 1392 postulabit,
2793 1314 2862 1368 ut

721 1409 959 1480 literas
986 1406 1308 1477 Canuleii
1349 1403 1750 1503 proferam?
1787 1406 2062 1475 crimen
2105 1404 2552 1500 hujusmodi,
2602 1411 2750 1479 nisi
2783 1409 2858 1478 li·

719 1522 889 1589 teris
941 1515 1436 1602 confirmetur,
1476 1517 1692 1584 inane
1729 1538 1884 1585 esse
1932 1515 2165 1586 dicet?
2199 1514 2587 1603 ClamabO,
2630 1517 2858 1588 literas

708 1643 1033 1707 ¹remotas
1069 1652 1221 1699 esse
1254 1624 1344 1695 de
1383 1623 1976 1711 medio;decreto
2010 1627 2374 1694 sociorum
2406 1640 2667 1721 erepta
2687 1627 2855 1697 mihi

718 1764 869 1827 esse
904 1740 1108 1809 istius
1158 1735 1416 1805 indicia
1462 1758 1545 1804 ac
1587 1749 2063 1804 monumenta
2098 1734 2483 1806 furtorum.
2531 1741 2690 1806 Aut
2727 1737 2856 1808 hoc

716 1848 1109 1919 contendat
1144 1868 1543 1941 numquam
1586 1868 1736 1914 esse
1777 1843 2087 1930 factum,
2124 1859 2249 1914 aut
2276 1846 2521 1914 omnia
2561 1847 2710 1916 tela
2744 1873 2855 1918 ex-

714 1962 930 2056 cipiat
968 1979 1259 2026 necesse
1289 1968 1416 2025 est.
1457 1957 1686 2051 Negas
1717 1976 1870 2023 esse
1907 1952 2171 2025 factum
2193 1955 2222 2024 Ξ)
2245 1953 2487 2051 placet
2511 1955 2700 2025 mihi
2727 1960 2854 2027 ista

715 2065 1041 2137 defensio
1098 2092 1111 2131 τ
1166 2063 1627 2170 descendo4:
1674 2089 1878 2160 aequa
1922 2067 2115 2134 enim
2159 2063 2518 2150 conditiO,
2559 2091 2848 2164 aequum

709 2189 1072 2246 certamen
1118 2176 1572 2271 proponitur.
1617 2174 2018 2246 Producam
2055 2189 2307 2262 testeS,
2339 2191 2413 2246 et
2445 2177 2848 2273 producam

708 2284 949 2382 plures
988 2283 1244 2354 eodem
1279 2298 1605 2380 tempore
1637 2311 1652 2353 ε
1686 2286 2030 2380 quoniam
2055 2281 2082 2326 ⁵
2119 2298 2307 2370 tum,
2345 2309 2578 2380 quum
2607 2303 2844 2357 actum

706 2411 844 2483 est,
886 2419 1031 2465 una
1076 2392 1410 2482 fuerunt,
1454 2420 1652 2464 nunc
1688 2401 1988 2491 q'uoque
2043 2421 2187 2465 una
2231 2398 2416 2483 sint,
2459 2422 2701 2493 quum
2737 2401 2843 2469 in-

704 2506 1302 2604 terrogabuutur3
1339 2505 1756 2602 obligentur
1791 2528 1944 2574 non
1969 2505 2210 2576 solum
2238 2505 2719 2599 jurisjurandi
2746 2525 2844 2580 at·

702 2643 848 2715 que
872 2618 1415 2693 existimationis
1441 2614 1788 2711 periculO,
1824 2613 1950 2683 sed
1970 2617 2187 2684 etiam
2213 2615 2641 2685 communi⁶
2659 2621 2841 2689 inter

666 2745 775 2798 ‘se
809 2727 1268 2797 conscientia.
1297 2729 1367 2794 Si
1402 2725 1699 2822 planum
1732 2721 1848 2809 fin,
1885 2722 2027 2792 hoc
2057 2726 2186 2808 ita,
2216 2725 2834 2820 quemadmodum

699 2838 888 2923 dim,
918 2860 1065 2906 esse
1098 2833 1402 2922 factum;
1440 2859 1619 2904 num
1648 2835 1921 2929 poteris
1951 2833 2217 2920 dicere,
2246 2839 2626 2923 Hortensi,
2667 2836 2838 2906 nihil

697 2949 772 3014 in
801 2946 952 3014 istis
980 2943 1199 3014 fuisse
1229 2944 1453 3015 literis
1476 3000 1493 3030 ,
1531 2942 1730 3040 quod
1747 2946 2045 3013 Verrem
2077 2944 2410 3014 laederet?
2434 2971 2586 3016 non
2619 2949 2837 3018 modo

694 3057 767 3126 id
805 3080 956 3124 non
993 3052 1220 3140 dices,
1265 3055 1389 3125 sed
1430 3080 1521 3124 ne
1559 3051 1738 3123 illud
1776 3052 2071 3149 quidem
2112 3052 2241 3123 tibi
2280 3053 2520 3125 dicere
2559 3056 2837 3130 licebit.

697 3182 970 3239 tautum
998 3221 1016 3252 ,
1062 3181 1417 3262 quantum
1457 3189 1593 3261 ego
1638 3164 1904 3250 dicam,
1946 3188 2095 3233 non
2155 3161 2391 3232 fuisse.
2456 3168 2649 3260 Ergo
2699 3168 2835 3238 hoc.

762 3347 809 3392 3.
855 3342 1128 3389 Deliacam.
1171 3344 1393 3402 Mensas,
1419 3341 1629 3390 lectulos
1656 3357 1716 3389 ex
1803 3340 1926 3398 sine,
1973 3339 2107 3402 quod
2150 3356 2213 3388 ex
2260 3341 2374 3388 cod.
2413 3339 2604 3390 Meteu.
2652 3346 2834 3406 reecpit

688 3440 782 3471 aere
820 3421 1019 3471 Deliaco
1058 3421 1348 3478 maximam,
1392 3430 1505 3483 post
1543 3421 1714 3468 Corin-
1807 3421 1991 3466 Ernest.
2010 3419 2159 3481 vulgo
2188 3429 2262 3466 est
2288 3435 2392 3467 una
2412 3431 2542 3469 sunt.

689 3502 789 3546 thia
804 3535 818 3559 ,
851 3500 1025 3547 famam
1045 3499 1269 3546 habuisse
1287 3510 1481 3550 constat
1500 3515 1563 3546 ex
1582 3500 1711 3547 Plio.
1874 3499 1925 3544 6.
1950 3497 2218 3546 Communi.
2251 3501 2380 3560 Quia
2403 3501 2534 3546 iuter
2560 3518 2613 3548 se
2648 3512 2828 3549 nonme

691 3578 778 3625 lib.
803 3579 1048 3636 xxxiv,
1081 3593 1188 3640 cap.
1219 3587 1264 3632 4.
1289 3577 1366 3634 CK.
1392 3577 1534 3624 etium
1563 3579 1709 3626 Rosc.
1802 3576 1854 3623 id
1882 3576 2021 3638 quod
2046 3587 2210 3623 actum
2247 3589 2352 3632 est3
2394 3587 2444 3625 et
2486 3594 2631 3626 nemo
2659 3598 2722 3629 ex
2749 3583 2826 3636 iis.

690 3662 799 3705 Am.
826 3671 936 3717 cap.
961 3655 1048 3708 46.
1750 3693 1755 3696 .
1799 3666 2033 3718 presente
2048 3655 2221 3712 altero,
2238 3657 2327 3717 qui
2354 3672 2455 3703 rem
2484 3661 2738 3720 aequaliter
2763 3674 2823 3707 te-

757 3744 804 3790 4.
828 3733 1092 3780 Descende.
1111 3734 1366 3782 Subintell.
1386 3734 1438 3780 in
1461 3751 1706 3801 campum,
1797 3745 1882 3780 net
1896 3768 1909 3790 ,
1946 3734 2140 3780 mentiri
2160 3732 2364 3781 audebit
2394 3747 2482 3784 aut
2514 3737 2820 3787 dissimulate.

680 3817 731 3860 in
757 3822 1014 3860 certamen.
1797 3811 1938 3859 Alter
1983 3813 2132 3875 igitur
2172 3811 2374 3859 alterius
2418 3818 2717 3865 conscientia
2756 3820 2818 3867 ita

754 3891 801 3939 5.
837 3888 1099 3954 Quoniam.
1149 3887 1314 3936 Plures
1355 3889 1499 3939 simul
1539 3894 1704 3941 citabo
1795 3888 2059 3952 impeditus
2083 3891 2201 3947 erit,
2231 3903 2285 3938 ut
2307 3891 2370 3938 ab
2404 3895 2543 3941 omni
2566 3907 2668 3943 tun
2688 3899 2819 3943 sinu-

676 3982 841 4029 testes‚
862 3981 940 4025 ut,
962 3968 1075 4031 quia
1106 3984 1197 4014 una
1228 3970 1422 4017 fuerunt
1448 3983 1599 4032 quum
1630 3989 1701 4019 re·
1787 3969 1985 4028 latione,
2014 3981 2117 4016 tum
2139 3969 2528 4020 dissimulatione
2547 3987 2812 4029 revocetur,

675 4060 823 4098 motae
857 4059 968 4096 sunt
1004 4046 1179 4105 literae,
1217 4064 1350 4095 nunc
1377 4065 1574 4112 quoque
1601 4065 1697 4097 una
1787 4063 1850 4093 ne
1878 4048 1985 4096 scil.
2008 4048 2248 4096 mendacii
2277 4049 2339 4097 ab
2365 4051 2477 4099 aliis
2508 4053 2724 4113 ejusden
2751 4054 2815 4100 πεί

590 4105 593 4106 ⁷
668 4123 767 4170 sint
795 4134 842 4170 et
872 4119 1182 4181 obligentur,
1212 4130 1307 4167 etc.
1338 4148 1403 4157 —
1435 4122 1567 4168 Loco
1597 4137 1698 4168 mea
1790 4126 2000 4173 consciis
2031 4140 2334 4190 coarguatur.
