3044 4788
659 365 798 438 270
1315 340 1411 407 M.
1452 339 1528 406 T.
1569 337 2123 408 CICERONIS

652 489 883 565 posse.
928 465 994 532 Ο
1028 457 1663 533 commemoranda
1691 458 2003 553 judicia,
2039 456 2602 556 praeelaramque
2641 458 2804 527 exi-

649 573 1132 661 stimationem
1162 571 1390 640 nostri
1414 567 1727 639 ordinis!
1761 593 1990 665 quum
2023 571 2202 640 socii
2230 567 2481 667 populi
2507 570 2803 638 romani

647 685 915 781 judicia
931 681 1022 751 de
1042 680 1369 777 pecuniis
1392 676 1818 775 repetundis
1836 675 1991 748 fieri
2027 679 2289 749 nolunt
2309 676 2364 764 ⁵,
2382 702 2546 775 quae
2575 702 2622 746 a
2650 701 2806 746 ma-

647 794 925 892 joribus
974 790 1236 860 nostris
1299 790 1664 859 sociorum
1711 811 1924 858 causa
1979 802 2393 886 comparata
2443 801 2638 857 sunt.
2684 791 2804 858 An

651 910 786 977 iste
809 923 1156 997 umquam
1171 896 1262 969 de
1287 922 1363 969 se
1386 898 1656 969 bonam
1682 921 1885 994 spem
1913 896 2453 982 habuisset‚nisi
2468 896 2559 967 de
2585 895 2806 967 vobis

656 1015 912 1086 malam
931 1010 1353 1108 opinionem
1368 1011 1616 1080 animo
1637 1008 2068 1080 imbibisset?
2078 1014 2246 1100 Quo
2262 1009 2534 1105 majore
2553 1009 2801 1092 etiam,

654 1128 714 1199 si
737 1124 891 1195 fieri
921 1135 1158 1220 potest
1173 1177 1192 1210 ‚
1212 1120 1409 1218 apud
1435 1144 1566 1191 vos
1582 1118 1752 1190 odio
1772 1144 1927 1193 esse
1957 1120 2200 1208 debet,
2230 1144 2447 1218 quam
2471 1133 2578 1191 est
2598 1119 2802 1217 apud

653 1234 1008 1336 populum
1035 1255 1459 1317 romanum,
1496 1256 1729 1327 quum
1777 1235 1852 1301 in
1892 1227 2257 1319 avaritia⁶‚
2293 1228 2591 1315 scelere,
2628 1253 2802 1326 per·

648 1348 845 1443 jurio
878 1369 1006 1415 vos
1039 1345 1149 1414 sui
1193 1340 1459 1413 similes
1499 1365 1654 1412 esse
1689 1339 2102 1413 arbitretur.

753 1462 904 1531 XV.
947 1456 1083 1528 Cui
1109 1453 1347 1538 loco¹‚
1375 1475 1507 1548 per
1543 1450 1721 1522 deos
1759 1452 2233 1537 immortaleS‚
2273 1448 2588 1548 judice5‚
2621 1473 2801 1518 con-

659 1568 872 1640 sulite
896 1588 979 1637 ac
1006 1561 1404 1662 providete.
1436 1563 1707 1631 Moneo
1734 1560 2198 1660 praedicoque
2228 1561 2301 1632 id
2326 1616 2344 1648 ‚
2366 1559 2571 1658 quod
2599 1559 2806 1629 intel·

660 1680 844 1778 ligo,
879 1691 1168 1772 tempus
1204 1673 1910 1770 opportunissimum
1931 1683 1962 1715 ²
1998 1672 2208 1744 vobis
2262 1672 2405 1742 hoc
2457 1671 2805 1741 divinitus

662 1793 909 1864 datum
938 1810 1092 1859 esse
1111 1839 1131 1870 ‚
1160 1799 1244 1854 ut
1270 1783 1443 1854 odio
1465 1837 1484 1870 ‚
1510 1782 1780 1854 invidia
1802 1838 1822 1871 ‚
1854 1781 2181 1870 infamia,
2205 1781 2660 1880 turpitudine
2696 1795 2808 1851 to-

663 1918 823 1973 tum
855 1895 1185 1967 ordinem
1214 1892 1554 1964 liberetis.
1575 1894 1792 1964 Nulla
1818 1895 1892 1963 in
1913 1892 2204 1986 judiciis
2225 1896 2593 1978 severitas-2,
2608 1892 2806 1963 nulla

664 2010 953 2106 religio,
995 2003 1195 2075 nulla
1244 2001 1561 2101 denique
1600 2004 1750 2098 jam
1790 2005 2292 2075 existimantur
2327 2029 2480 2075 esse
2510 2004 2803 2100 judicia.

664 2127 915 2216 Itaque
947 2140 987 2185 a
1017 2112 1293 2212 populo
1333 2138 1635 2185 romano
1685 2115 2232 2185 contemnimur
2247 2111 2302 2200 ³,
2328 2114 2805 2212 despicimur;

668 2228 864 2326 gravi
923 2225 1409 2318 diuturnaque
1474 2225 1627 2319 jam
1696 2223 2084 2322 flagramus
2170 2223 2485 2296 infamia.
2549 2230 2809 2323 Neque

668 2339 864 2413 enim
901 2334 1117 2408 ullam
1171 2333 1380 2407 aliam
1436 2332 1535 2407 ob
1580 2359 1866 2408 causam
1910 2335 2232 2434 populus
2270 2361 2617 2408 romanus
2668 2339 2803 2408 tri-

669 2455 1025 2528 bunitiam
1065 2464 1500 2549 potestatem
1540 2463 1743 2523 tanto
1780 2451 2069 2523 studio⁴
2118 2452 2538 2549 requisivit:
2586 2475 2805 2551 quam

673 2720 942 2774 oenus-tna
964 2715 1226 2782 largitione
1247 2727 1453 2777 ematur,
1471 2728 1521 2766 et
1541 2716 1698 2766 multo

676 2805 790 2869 plna
813 2801 997 2863 exiget,
1013 2813 1158 2862 quam
1181 2796 1319 2862 quod
1343 2796 1438 2846 eibi
1459 2798 1547 2847 nni
1567 2799 1700 2847 fure-

678 2894 761 2932 tm·
786 2889 975 2944 prator.
1628 2912 1633 2917 ,

752 2960 801 3007 5.
835 2958 947 3005 Non
971 2954 1163 3003 dubitat
1189 2957 1380 3003 Erneet.
1409 2956 1700 3004 Ciceronem

681 3039 918 3105 uei-ipsine
943 3034 1136 3089 nolent,
1177 3049 1331 3097 quum
1359 3051 1519 3083 sermo
1548 3035 1614 3082 sit
1638 3034 1703 3083 de

683 3139 737 3171 re
770 3120 950 3175 futura,
986 3130 1131 3178 qnam
1166 3115 1341 3165 Cicero
1383 3114 1702 3180 praedicebat.

683 3200 823 3254 Nihil
843 3212 954 3246 vero
972 3193 1260 3242 mutandum
1279 3193 1488 3242 videtur.
1504 3197 1538 3243 J
1543 3198 1625 3244 .V.
1646 3198 1702 3245 L.

756 3283 809 3330 6.
836 3280 892 3325 In
918 3271 1149 3323 avaricia.
1175 3275 1237 3320 In
1262 3272 1499 3337 capienda
1533 3285 1705 3324 contre

685 3364 817 3425 leges
838 3353 1061 3422 pecnnia.
1082 3379 1153 3389 —
1170 3351 1375 3400 Scelere.
1404 3354 1464 3400 In
1489 3353 1601 3418 ipso
1628 3354 1710 3403 ab·

688 3435 952 3495 solvendo,
995 3431 1194 3480 homine
1233 3432 1599 3484 nocentissimo.
1639 3461 1710 3472 —

690 3512 918 3581 Perjun‘o.
939 3514 998 3558 In
1020 3509 1390 3559 contemnendis
1416 3511 1630 3577 legibus,
1658 3514 1711 3562 in

661 3656 662 3659 Ἰ
689 3611 811 3662 qnae
830 3589 1037 3654 jnmtis.

759 3673 869 3721 Χῖ.
905 3684 952 3716 1.
996 3667 1085 3715 Cui
1123 3667 1248 3716 loeo.
1285 3668 1415 3716 Huic
1455 3670 1557 3730 rei,
1592 3670 1713 3721 huic

691 3746 1049 3805 existimationi.

766 3848 817 3881 2.
835 3822 1302 3892 opportunissimum
1320 3824 1457 3876 deest
1482 3828 1539 3876 in
1556 3826 1709 3877 duob·

695 3910 840 3962 codd.
861 3904 1145 3955 omiserunt
1174 3904 1342 3954 hmb.
1363 3917 1411 3955 et
1433 3908 1622 3957 Erunt.
1648 3910 1712 3957 Et

692 3993 774 4041 hic
805 3983 997 4052 quidem
1035 3997 1141 4030 eam
1181 3981 1249 4030 ob
1285 3999 1508 4044 cauum,
1543 3987 1706 4051 quod,

695 4070 888 4120 verbnm
907 4073 1206 4129 opportunus
1233 4065 1474 4128 requirat,
1501 4066 1584 4115 vel
1609 4085 1707 4132 qno

1788 2718 2072 2787 (tempore),
2094 2719 2171 2767 vei
2198 2720 2488 2785 genitivum3
2518 2737 2626 2770 non
2652 2733 2812 2771 autem

1787 2813 1848 2846 eo
1885 2799 2052 2864 potito
2087 2811 2319 2863 sequntur
2360 2811 2433 2849 ut.
2463 2801 2618 2849 Recte
2655 2811 2812 2849 autem

1786 2878 1977 2926 monuit
1999 2878 2207 2928 Beckiuc
2224 2878 2370 2928 verba
2393 2891 2448 2929 ue
2469 2880 2683 2930 liberetis
2698 2897 2816 2947 pen·

1788 2955 1901 3004 dere
1921 2974 1949 3005 a
1974 2958 2146 3005 dacum
2164 2974 2280 3006 esse.

1861 3036 1909 3085 3.
1940 3037 2314 3086 Contemm‘mur.
2338 3040 2528 3103 Nempe
2548 3048 2816 3088 senatores.

1789 3117 1848 3163 In
1871 3127 2148 3165 senatorum
2175 3134 2430 3167 numerum
2456 3130 2574 3184 post
2611 3129 2819 3183 quntu-

1791 3210 1894 3242 ram
1912 3198 2066 3245 suerat
2086 3209 2310 3261 receptus
2326 3199 2519 3248 Cicero.
2538 3199 2687 3247 Nunc
2704 3215 2820 3247 vero
2838 3230 2853 3237 —

1793 3290 1929 3323 cuam
1956 3292 2066 3324 cnm
2094 3277 2163 3323 eis
2186 3292 2377 3325 censam
2401 3279 2750 3341 communicat,
2766 3289 2821 3326 ut

1796 3355 2149 3404 contumeliose
2191 3358 2242 3405 in
2287 3373 2372 3405 eos
2407 3357 2536 3406 dicta
2554 3395 2570 3421 ,
2613 3375 2715 3407 non
2757 3375 2822 3407 ex

1797 3433 1918 3482 odio
1946 3450 2032 3482 sen
2059 3436 2159 3497 irai,
2187 3436 2276 3486 sed
2297 3453 2358 3485 ex
2384 3437 2599 3501 quodem
2623 3439 2823 3503 polluta

1800 3523 1948 3561 tantoe
1980 3512 2230 3577 dignitatis
2262 3517 2462 3577 dolore,
2500 3520 2719 3581 prosecta
2747 3516 2821 3566 vi·

1800 3591 2024 3639 deantur.

1874 3680 1922 3730 4.
1970 3674 2130 3722 Tanto
2178 3673 2359 3723 studio.
2406 3677 2501 3724 Per
2538 3686 2638 3726 trec
2672 3662 2824 3725 anno·

1800 3752 2084 3803 continuos.
2117 3779 2188 3790 —
2213 3754 2494 3819 Requisivit.
2519 3756 2690 3820 Qualis
2712 3767 2825 3804 ante

1798 3831 1984 3881 Sullam
2011 3832 2193 3892 suerat3
2225 3849 2338 3882 nam
2362 3835 2406 3883 ie
2432 3834 2581 3884 valde
2607 3852 2713 3885 eam
2738 3836 2826 3884 mi·

1796 3913 1942 3972 nuit,
1976 3912 2083 3977 lege
2107 3913 2205 3962 hta
2225 3950 2241 3976 ,
2278 3931 2341 3963 ne
2371 3916 2447 3975 ei,
2482 3917 2572 3981 qui
2600 3916 2823 3965 tribum„

1795 3991 1953 4058 plebis
1971 3993 2141 4043 fuisset
2155 4028 2170 4053 ,
2190 4005 2360 4061 ponte·
2378 3996 2504 4046 olion
2519 3998 2826 4063 meginratus

1796 4088 1969 4136 cepere
1994 4072 2178 4122 liceret.
