3044 4788
661 478 790 563 144
1277 473 1373 543 Μ.
1425 475 1505 542 Τ.
1557 472 2149 545 CICERONIS

647 596 988 670 referret?
1029 599 1416 692 Exspecto,
1460 619 1680 690 quam
1726 618 1894 664 mox
1937 594 2230 665 Chaerea
2271 592 2403 665 hac
2452 598 2786 666 oratione

649 724 929 780 utatur:
955 712 1202 802 Egone
1234 697 1424 775 hanc
1455 727 1778 792 manum,
1804 705 2093 803 plenam
2127 696 2441 802 perfidiae
2461 700 2516 790 ⁵,
2541 719 2617 775 et
2648 704 2786 777 hos

646 818 911 916 digitos
945 839 1144 886 meos
1169 815 1537 912 impellere
1569 816 1816 913 potui,
1847 830 1932 885 ut
1961 814 2219 886 falsum
2248 813 2789 912 perscriberent

647 953 916 1000 nomen
936 924 1017 997 ⁶?
1059 923 1280 1015 Quod
1312 928 1369 995 si
1403 925 1522 995 ille
1556 949 1720 995 suas
1750 924 2071 1023 proferet
2105 924 2383 1006 tabulas
2410 979 2429 1012 ,
2460 923 2787 1023 proferet

644 1062 809 1110 suas
832 1058 1130 1134 quoque
1157 1028 1459 1105 Roscius
1485 1060 1502 1102 ε
1533 1034 1672 1105 erit
1697 1037 1772 1105 in
1798 1033 1991 1105 illius
2016 1033 2278 1106 tabulis
2303 1033 2444 1105 hoc
2472 1054 2785 1121 nomen;

642 1162 719 1220 at
738 1152 814 1218 in
843 1146 969 1242 huj
980 1170 1063 1215 us
1085 1168 1236 1214 non
1265 1147 1421 1214 erit.
1447 1147 1598 1214 Cur
1620 1147 1867 1242 potius
1894 1145 2111 1231 illius,
2128 1168 2347 1242 quam
2373 1143 2499 1239 huj
2510 1169 2619 1230 us,
2641 1169 2786 1214 cre·

646 1255 902 1330 detur?
949 1255 1361 1352 Scripsisset
1401 1253 1518 1324 ille
1536 1256 1587 1339 ⁷,
1625 1257 1682 1324 si
1717 1279 1867 1324 non
1890 1255 2100 1350 jussu
2127 1253 2344 1349 hujus
2377 1277 2782 1351 expensum

643 1365 969 1439 tulisset?
989 1368 1154 1437 Non
1184 1365 1588 1460 scripsisset
1614 1362 1759 1451 hic,
1786 1362 1990 1460 quod
2016 1362 2152 1434 sibi
2177 1387 2577 1461 expensum
2605 1362 2780 1434 ferri

636 1467 1007 1573 jussisset?
1050 1477 1272 1559 Nam,
1323 1469 1947 1568 quemadmodum
1994 1475 2205 1572 turpe
2260 1486 2370 1543 est
2414 1471 2731 1544 scribere
2756 1528 2777 1561 ,

642 1586 847 1685 quod
879 1611 1030 1656 non
1077 1582 1466 1671 debeatur3
1512 1585 1617 1653 sic
1646 1582 2071 1681 improbum
2108 1598 2218 1654 est
2262 1608 2412 1653 non
2464 1582 2776 1668 referre,

643 1697 849 1796 quod
880 1696 1144 1768 debeas
1174 1720 1191 1762 ε
1229 1709 1434 1790 aeque
1462 1695 1660 1763 enim
1694 1691 1954 1764 tabulae
1981 1692 2568 1765 condemnantur
2592 1695 2776 1789 ejm,

641 1811 772 1904 qui
800 1801 1098 1877 verum⁸
1125 1827 1276 1875 non
1300 1802 1569 1891 retulit,
1596 1817 1671 1874 et
1699 1804 1762 1899 ej
1774 1827 1880 1892 us,
1905 1806 2034 1900 qui
2053 1802 2311 1874 falsum
2332 1806 2771 1901 perscripsit.

638 1916 782 1988 Sed
825 1939 960 2012 ego
993 1917 1204 2012 copia
1235 1927 1309 1983 et
1337 1910 1674 1983 facultate
1709 1937 1936 1983 causae
1978 1911 2334 2001 confisuS,
2373 1912 2575 1998 vide,
2615 1939 2770 2009 quo

638 2027 1076 2129 progrediar.
1130 2029 1201 2096 Si
1249 2025 1529 2097 tabulas
1569 2031 1648 2098 C.
1690 2029 2005 2098 Fannius
2047 2028 2325 2125 accepti
2370 2042 2444 2098 et
2473 2031 2772 2125 expensi

637 2137 924 2238 profert
948 2161 1143 2223 suas,
1171 2140 1250 2205 in
1279 2160 1485 2206 suam
1514 2160 1692 2223 rem,
1724 2161 1858 2208 suo
1888 2136 2239 2208 arbitratu
2263 2141 2595 2235 scriptas;
2617 2162 2773 2234 quo

640 2253 883 2319 minus
922 2245 1328 2319 secundum
1381 2247 1589 2316 illum
1625 2246 1967 2342 judicetis
1988 2301 2008 2336 ,
2053 2269 2202 2318 non
2252 2271 2529 2319 recuso.
2587 2250 2775 2337 Quis

640 2360 782 2431 hoc
813 2357 1031 2429 frater
1064 2356 1305 2445 fratri,
1357 2360 1527 2456 quis
1555 2380 1816 2456 parens
1847 2356 1999 2429 filio
2031 2357 2327 2446 tribuit,
2367 2374 2482 2446 ut,
2536 2356 2777 2455 quod-

636 2495 954 2568 cumque
985 2469 1379 2556 retulisset,
1426 2466 1504 2538 id
1553 2483 1790 2551 ratum
1822 2468 2163 2540 haberet?
2195 2485 2430 2539 ratum
2470 2467 2776 2540 habebit

642 2584 978 2668 Roscius;
1003 2577 1250 2679 profer
1279 2604 1296 2646 :
1334 2576 1540 2675 quod
1561 2577 1694 2649 tibi
1728 2576 1946 2650 fuerit
1969 2579 2604 2676 persuasum,huic
2632 2583 2773 2650 erit

638 2716 1061 2790 persuasum
1089 2716 1108 2777 ;
1146 2687 1348 2786 quod
1384 2686 1516 2759 tibi
1551 2686 1771 2758 fuerit
1799 2686 2215 2786 probatum,
2239 2688 2409 2759 huic
2436 2692 2574 2760 erit
2601 2714 2772 2787 pro-

635 2801 909 2874 batum.
940 2799 1188 2873 Paullo
1219 2811 1387 2869 ante
1425 2820 1469 2868 a
1512 2803 1609 2870 Μ.
1644 2803 2003 2897 Perperna
2031 2804 2105 2871 Ρ.
2140 2802 2449 2871 Saturii9
2484 2798 2770 2871 tabulas

709 3023 760 3071 5.
786 3022 984 3070 Plenam
991 3018 1240 3090 perfidia.
1258 3023 1545 3087 Suspectum
1560 3022 1659 3069 hoc

636 3101 784 3151 lubet
804 3102 994 3149 Emest.
1021 3116 1174 3163 quum
1200 3117 1343 3149 nemo
1372 3101 1443 3149 sic
1481 3100 1534 3147 in
1572 3115 1660 3147 sus

638 3180 918 3229 defensione
953 3178 1100 3228 dim.
1125 3179 1222 3228 Sed
1257 3190 1421 3244 potest
1456 3179 1599 3243 qussi
1630 3196 1658 3228 ι

633 3270 772 3325 pute
818 3257 1027 3308 oratoris
1065 3268 1114 3306 ct
1161 3258 1289 3306 intr·
1331 3258 1657 3321 parenthesim

637 3340 768 3390 dici:
797 3351 846 3389 et
869 3339 1046 3402 sepius
1065 3337 1133 3385 its
1145 3313 1408 3400 ⁴loquentes
1427 3337 1656 3387 adversa·

632 3419 734 3467 rios
759 3418 951 3467 inducit
980 3417 1156 3466 Cicero
1179 3427 1237 3464 ut
1262 3416 1510 3481 propriam
1538 3434 1653 3467 cau-

634 3513 737 3545 sam
767 3496 966 3545 ladsnt.
1002 3496 1083 3543 Sic
1114 3495 1280 3546 Divin.
1309 3511 1334 3555 7
1362 3496 1653 3547 Hortensius

637 3596 661 3620 ι
683 3576 744 3624 dc
769 3575 938 3622 infami
967 3586 1017 3623 et
1046 3573 1227 3641 nefaris
1262 3590 1371 3622 cers
1388 3596 1410 3617 ι
1441 3574 1547 3639 ipsc
1576 3576 1654 3625 lo·

631 3657 816 3720 quitur,
836 3670 983 3717 quam
999 3655 1118 3703 olim
1136 3654 1334 3703 dederat
1347 3654 1617 3717 jndicibus.

698 3735 752 3782 6.
780 3733 990 3781 Nomen.
1011 3734 1261 3782 Debitum.

703 3828 751 3872 7.
779 3811 1052 3876 &rupisset
1081 3812 1183 3864 mo.
1216 3811 1464 3876 Objoctio.
1505 3813 1650 3861 Anne

627 3890 900 3955 scripsisset
930 3891 1158 3951 Chaerca,
1200 3892 1268 3950 si,
1306 3908 1409 3940 non
1448 3894 1650 3955 permit-

629 3980 760 4018 tento
788 3969 998 4028 Roscio,
1031 3970 1137 4031 ejus
1169 3968 1389 4018 debitum
1423 3970 1476 4018 in
1505 3971 1647 4020 tabu-

623 4050 697 4099 lss
725 4049 948 4098 tulisset?
968 4075 1040 4085 -—
1061 4048 1432 4112 Respoudcmr:
1458 4051 1647 4098 Annon

1747 3019 1928 3071 factum
1964 3038 2056 3088 pro
2081 3022 2248 3088 aliquo
2273 3034 2538 3085 expensum
2566 3037 2608 3070 s.
2632 3037 2768 3069 sum-

1746 3111 1888 3165 ptum
1914 3101 2105 3152 referre.
2140 3098 2259 3151 Inde
2285 3100 2490 3163 expensi
2504 3110 2554 3147 et
2577 3100 2773 3164 accepti

1746 3182 2075 3248 tabulam-11.
2095 3183 2296 3249 regam
2316 3182 2379 3230 aa
2405 3181 2612 3246 dapem
2631 3190 2685 3227 ee
2702 3180 2767 3228 de

1743 3260 1954 3326 rucene).

1814 3344 1868 3391 8.
1896 3342 2087 3390 Verum.
2115 3341 2266 3404 Quod
2302 3356 2467 3390 revers
2499 3338 2663 3388 debet.
2692 3365 2766 3376 --

1740 3426 1858 3474 Non
1892 3420 2085 3475 ntulit,
2117 3420 2173 3467 in
2202 3436 2313 3468 suas
2338 3419 2548 3468 tubulas.

1813 3518 1866 3566 9.
1906 3502 1988 3550 Sic
2022 3500 2271 3549 nonnulle
2301 3499 2417 3549 edd.
2454 3511 2575 3549 vett.
2602 3509 2651 3547 et
2676 3515 2762 3548 tm.

1740 3582 1853 3631 cod.
1896 3583 2064 3629 oxon.
2101 3592 2151 3629 ct
2185 3580 2469 3644 Pantsgsth.
2498 3579 2761 3643 Vulgstsm

1742 3670 1933 3709 servant
1980 3659 2239 3707 lectionem
2302 3681 2329 3701 α
2348 3660 2423 3708 Μ.
2469 3660 2727 3722 Perperna
2743 3690 2761 3715 ,

1739 3742 1797 3788 Ρ.
1821 3737 1998 3788 suarii
2019 3737 2245 3786 tabulas·
2279 3738 2440 3786 (ἔνι-εν.
2462 3737 2582 3786 Em.
2613 3735 2760 3784 Beck.

1737 3818 1833 3868 hoc
1889 3818 2198 3882 potissimum
2250 3828 2533 3880 argumento
2552 3852 2568 3876 ‚
2622 3818 2761 3880 quod

1737 3897 1947 3947 duorum
1979 3898 2233 3948 hominum
2259 3900 2557 3963 -Perpemae
2591 3908 2641 3945 et
2673 3899 2761 3945 Ss-

1734 3978 1851 4024 turii
1895 3978 2074 4027 tabula
2102 3999 2127 4021 ο
2174 3990 2500 4042 opponuntur
2543 3977 2759 4024 utI-'annii

1735 4040 1888 4104 solius
1936 4056 2113 4105 tabulis
2130 4079 2171 4105 u.
2210 4060 2441 4105 Ceterum
2474 4071 2502 4103 ι
2544 4057 2617 4104 Μ.
2645 4057 2760 4104 Pcr-

625 4130 838 4177 vicissim
884 4127 1152 4190 scripsisset
1201 4127 1436 4188 Roscius,
1472 4129 1643 4192 quod,
1732 4150 1882 4199 perna
1912 4136 2089 4185 snm-ii
2120 4135 2307 4184 nbula
2326 4134 2625 4199 poscebant,
2651 4150 2759 4184 non

621 4220 806 4258 etc.—
831 4205 1275 4273 Expensumfim,
1293 4209 1435 4257 estin
1454 4208 1643 4259 tabulas
1732 4224 1979 4281 tamquam
2011 4232 2041 4265 a
2069 4216 2265 4278 jndice,
2310 4215 2396 4266 sed
2442 4226 2690 4281 umquam
2726 4233 2757 4263 a
