<?xml version="1.0" encoding="UTF-8"?>
<!DOCTYPE html PUBLIC "-//W3C//DTD XHTML 1.0 Transitional//EN"
    "http://www.w3.org/TR/xhtml1/DTD/xhtml1-transitional.dtd">
<html xmlns="http://www.w3.org/1999/xhtml" xml:lang="en" lang="en">
 <head>
  <title>
</title>
<meta http-equiv="Content-Type" content="text/html;charset=utf-8" />
  <meta name='ocr-system' content='tesseract 3.04.00' />
  <meta name='ocr-capabilities' content='ocr_page ocr_carea ocr_par ocr_line ocrx_word'/>
</head>
<body>
  <div class='ocr_page' id='page_1' title='image "./mtciceronisquae09lemagoog/mtciceronisquae09lemagoog_0619.png"; bbox 0 0 3044 4788; ppageno 0'>
   <div class='ocr_carea' id='block_1_1' title="bbox 727 438 2371 521">
    <p class='ocr_par' dir='ltr' id='par_1_1' title="bbox 727 438 2371 521">
     <span class='ocr_line' id='line_1_1' title="bbox 727 438 2371 521; baseline 0 -12"><span class='ocrx_word' id='word_1_1' title='bbox 727 441 862 510; x_wconf 88' lang='lat' dir='ltr'><strong>DE</strong></span> <span class='ocrx_word' id='word_1_2' title='bbox 910 443 1383 512; x_wconf 90' lang='lat' dir='ltr'>JUDICIIS</span> <span class='ocrx_word' id='word_1_3' title='bbox 1432 442 1923 511; x_wconf 89' lang='lat' dir='ltr'><strong>PRIVATIS.</strong></span> <span class='ocrx_word' id='word_1_4' title='bbox 2040 518 2045 521; x_wconf 54' lang='grc'><strong>,</strong></span> <span class='ocrx_word' id='word_1_5' title='bbox 2245 438 2371 509; x_wconf 86' lang='lat'><strong>581</strong></span> 
     </span>
    </p>
   </div>
   <div class='ocr_carea' id='block_1_2' title="bbox 228 560 2399 3703">
    <p class='ocr_par' dir='ltr' id='par_1_2' title="bbox 280 560 2393 1709">
     <span class='ocr_line' id='line_1_2' title="bbox 368 560 2381 655; baseline 0 -32"><span class='ocrx_word' id='word_1_6' title='bbox 368 561 561 624; x_wconf 86' lang='lat' dir='ltr'><strong>Secus</strong></span> <span class='ocrx_word' id='word_1_7' title='bbox 584 577 720 625; x_wconf 88' lang='lat' dir='ltr'><strong>erat</strong></span> <span class='ocrx_word' id='word_1_8' title='bbox 751 560 831 626; x_wconf 90' lang='lat' dir='ltr'><strong>de</strong></span> <span class='ocrx_word' id='word_1_9' title='bbox 863 564 1448 650; x_wconf 76' lang='lat' dir='ltr'><strong>recuperatoribus,</strong></span> <span class='ocrx_word' id='word_1_10' title='bbox 1473 564 1585 650; x_wconf 83' lang='lat' dir='ltr'><strong>qui</strong></span> <span class='ocrx_word' id='word_1_11' title='bbox 1617 584 1973 655; x_wconf 84' lang='lat' dir='ltr'><strong>numquam</strong></span> <span class='ocrx_word' id='word_1_12' title='bbox 2010 583 2141 624; x_wconf 89' lang='lat' dir='ltr'><strong>non</strong></span> <span class='ocrx_word' id='word_1_13' title='bbox 2166 560 2381 649; x_wconf 87' lang='lat' dir='ltr'><strong>plures</strong></span> 
     </span>
     <span class='ocr_line' id='line_1_3' title="bbox 281 664 2382 757; baseline 0.001 -32"><span class='ocrx_word' id='word_1_14' title='bbox 281 680 478 726; x_wconf 88' lang='lat' dir='ltr'><strong>erant.</strong></span> <span class='ocrx_word' id='word_1_15' title='bbox 510 664 614 729; x_wconf 90' lang='lat' dir='ltr'><strong>Ad</strong></span> <span class='ocrx_word' id='word_1_16' title='bbox 648 688 759 730; x_wconf 88' lang='lat' dir='ltr'><strong>eos</strong></span> <span class='ocrx_word' id='word_1_17' title='bbox 795 668 974 753; x_wconf 86' lang='lat' dir='ltr'><strong>quasi</strong></span> <span class='ocrx_word' id='word_1_18' title='bbox 1007 666 1088 731; x_wconf 90' lang='lat' dir='ltr'><strong>ad</strong></span> <span class='ocrx_word' id='word_1_19' title='bbox 1118 667 1348 731; x_wconf 81' lang='lat' dir='ltr'><strong>diversi</strong></span> <span class='ocrx_word' id='word_1_20' title='bbox 1382 668 1630 757; x_wconf 85' lang='lat' dir='ltr'><strong>generis</strong></span> <span class='ocrx_word' id='word_1_21' title='bbox 1665 667 1959 747; x_wconf 77' lang='lat' dir='ltr'><strong>arbitros,</strong></span> <span class='ocrx_word' id='word_1_22' title='bbox 1989 666 2117 743; x_wconf 82' lang='lat' dir='ltr'><strong>sive</strong></span> <span class='ocrx_word' id='word_1_23' title='bbox 2154 689 2382 753; x_wconf 82' lang='lat' dir='ltr'><strong>seque-</strong></span> 
     </span>
     <span class='ocr_line' id='line_1_4' title="bbox 281 771 2383 860; baseline 0.001 -30"><span class='ocrx_word' id='word_1_24' title='bbox 281 784 477 848; x_wconf 84' lang='lat' dir='ltr'><strong>stres,</strong></span> <span class='ocrx_word' id='word_1_25' title='bbox 532 771 641 857; x_wconf 88' lang='lat' dir='ltr'><strong>qui</strong></span> <span class='ocrx_word' id='word_1_26' title='bbox 691 773 1059 835; x_wconf 80' lang='lat' dir='ltr'><strong>summatim</strong></span> <span class='ocrx_word' id='word_1_27' title='bbox 1107 772 1187 836; x_wconf 90' lang='lat' dir='ltr'><strong>de</strong></span> <span class='ocrx_word' id='word_1_28' title='bbox 1220 797 1289 836; x_wconf 87' lang='lat' dir='ltr'><strong>re</strong></span> <span class='ocrx_word' id='word_1_29' title='bbox 1324 771 1722 851; x_wconf 81' lang='lat' dir='ltr'><strong>deciderent,</strong></span> <span class='ocrx_word' id='word_1_30' title='bbox 1767 771 2222 860; x_wconf 81' lang='lat' dir='ltr'><strong>confugiebant</strong></span> <span class='ocrx_word' id='word_1_31' title='bbox 2259 771 2383 854; x_wconf 76' lang='lat' dir='ltr'><strong>litis</strong></span> 
     </span>
     <span class='ocr_line' id='line_1_5' title="bbox 282 872 2387 971; baseline 0.001 -36"><span class='ocrx_word' id='word_1_32' title='bbox 282 873 411 936; x_wconf 88' lang='lat' dir='ltr'><strong>cito</strong></span> <span class='ocrx_word' id='word_1_33' title='bbox 431 876 803 963; x_wconf 84' lang='lat' dir='ltr'><strong>peragendae</strong></span> <span class='ocrx_word' id='word_1_34' title='bbox 824 877 1072 971; x_wconf 67' lang='lat' dir='ltr'><strong>cupidi,</strong></span> <span class='ocrx_word' id='word_1_35' title='bbox 1097 895 1159 955; x_wconf 81' lang='lat' dir='ltr'><strong>et</strong></span> <span class='ocrx_word' id='word_1_36' title='bbox 1189 879 1232 941; x_wconf 93' lang='lat' dir='ltr'><strong>ii</strong></span> <span class='ocrx_word' id='word_1_37' title='bbox 1260 878 1522 966; x_wconf 87' lang='lat' dir='ltr'><strong>quidem</strong></span> <span class='ocrx_word' id='word_1_38' title='bbox 1549 900 1680 941; x_wconf 93' lang='lat' dir='ltr'><strong>non</strong></span> <span class='ocrx_word' id='word_1_39' title='bbox 1710 872 2098 963; x_wconf 82' lang='lat' dir='ltr'><strong>nobiliorum</strong></span> <span class='ocrx_word' id='word_1_40' title='bbox 2119 924 2136 957; x_wconf 93' lang='lat'><strong>,</strong></span> <span class='ocrx_word' id='word_1_41' title='bbox 2170 874 2282 939; x_wconf 92' lang='lat' dir='ltr'><strong>sed</strong></span> <span class='ocrx_word' id='word_1_42' title='bbox 2311 899 2387 959; x_wconf 52' lang='lat' dir='ltr'><strong>eg</strong></span> 
     </span>
     <span class='ocr_line' id='line_1_6' title="bbox 280 978 2389 1071; baseline 0.001 -32"><span class='ocrx_word' id='word_1_43' title='bbox 280 978 570 1062; x_wconf 87' lang='lat' dir='ltr'><strong>quolibet</strong></span> <span class='ocrx_word' id='word_1_44' title='bbox 594 982 826 1045; x_wconf 80' lang='lat' dir='ltr'><strong>civium</strong></span> <span class='ocrx_word' id='word_1_45' title='bbox 857 1005 1126 1047; x_wconf 88' lang='lat' dir='ltr'><strong>numero</strong></span> <span class='ocrx_word' id='word_1_46' title='bbox 1154 982 1569 1071; x_wconf 82' lang='lat' dir='ltr'><strong>eligebantur.</strong></span> <span class='ocrx_word' id='word_1_47' title='bbox 1602 984 1675 1066; x_wconf 76' lang='lat' dir='ltr'><strong>ln</strong></span> <span class='ocrx_word' id='word_1_48' title='bbox 1701 982 2042 1071; x_wconf 71' lang='lat' dir='ltr'><strong>provinciis</strong></span> <span class='ocrx_word' id='word_1_49' title='bbox 2070 980 2389 1069; x_wconf 77' lang='lat' dir='ltr'><strong>dabantur</strong></span> 
     </span>
     <span class='ocr_line' id='line_1_7' title="bbox 283 1083 2388 1177; baseline 0.002 -32"><span class='ocrx_word' id='word_1_50' title='bbox 283 1105 362 1146; x_wconf 86' lang='lat' dir='ltr'><strong>ex</strong></span> <span class='ocrx_word' id='word_1_51' title='bbox 389 1083 533 1149; x_wconf 87' lang='lat' dir='ltr'><strong>foro</strong></span> <span class='ocrx_word' id='word_1_52' title='bbox 566 1086 674 1151; x_wconf 89' lang='lat' dir='ltr'><strong>illo</strong></span> <span class='ocrx_word' id='word_1_53' title='bbox 695 1135 713 1167; x_wconf 91' lang='lat'>‚</span> <span class='ocrx_word' id='word_1_54' title='bbox 751 1105 816 1152; x_wconf 89' lang='lat' dir='ltr'><strong>et</strong></span> <span class='ocrx_word' id='word_1_55' title='bbox 852 1106 1209 1168; x_wconf 87' lang='lat' dir='ltr'><strong>conventu,</strong></span> <span class='ocrx_word' id='word_1_56' title='bbox 1244 1086 1311 1151; x_wconf 87' lang='lat' dir='ltr'><strong>id</strong></span> <span class='ocrx_word' id='word_1_57' title='bbox 1342 1104 1471 1169; x_wconf 87' lang='lat' dir='ltr'><strong>est,</strong></span> <span class='ocrx_word' id='word_1_58' title='bbox 1514 1111 1593 1152; x_wconf 86' lang='lat' dir='ltr'><strong>ex</strong></span> <span class='ocrx_word' id='word_1_59' title='bbox 1639 1088 1882 1173; x_wconf 82' lang='lat' dir='ltr'><strong>civibus</strong></span> <span class='ocrx_word' id='word_1_60' title='bbox 1921 1088 2240 1177; x_wconf 73' lang='lat' dir='ltr'><strong>romanis,</strong></span> <span class='ocrx_word' id='word_1_61' title='bbox 2281 1109 2388 1158; x_wconf 50' lang='lat' dir='ltr'><strong>so:-</strong></span> 
     </span>
     <span class='ocr_line' id='line_1_8' title="bbox 282 1188 2391 1283; baseline 0.001 -32"><span class='ocrx_word' id='word_1_62' title='bbox 282 1188 505 1271; x_wconf 81' lang='lat' dir='ltr'><strong>ciisve,</strong></span> <span class='ocrx_word' id='word_1_63' title='bbox 538 1193 650 1278; x_wconf 87' lang='lat' dir='ltr'><strong>qui</strong></span> <span class='ocrx_word' id='word_1_64' title='bbox 682 1194 747 1255; x_wconf 83' lang='lat' dir='ltr'><strong>in</strong></span> <span class='ocrx_word' id='word_1_65' title='bbox 794 1193 1159 1280; x_wconf 86' lang='lat' dir='ltr'><strong>iis.oppidis</strong></span> <span class='ocrx_word' id='word_1_66' title='bbox 1199 1199 1634 1282; x_wconf 76' lang='lat' dir='ltr'><strong>versarentur,</strong></span> <span class='ocrx_word' id='word_1_67' title='bbox 1687 1215 1830 1278; x_wconf 83' lang='lat' dir='ltr'><strong>quae</strong></span> <span class='ocrx_word' id='word_1_68' title='bbox 1865 1191 1946 1256; x_wconf 90' lang='lat' dir='ltr'><strong>ad</strong></span> <span class='ocrx_word' id='word_1_69' title='bbox 1983 1191 2047 1256; x_wconf 90' lang='lat' dir='ltr'><strong>id</strong></span> <span class='ocrx_word' id='word_1_70' title='bbox 2077 1192 2391 1283; x_wconf 66' lang='lat' dir='ltr'><strong>oppidum</strong></span> 
     </span>
     <span class='ocr_line' id='line_1_9' title="bbox 281 1294 2391 1387; baseline 0.002 -31"><span class='ocrx_word' id='word_1_71' title='bbox 281 1296 732 1377; x_wconf 83' lang='lat' dir='ltr'><strong>convenirent,</strong></span> <span class='ocrx_word' id='word_1_72' title='bbox 764 1297 831 1360; x_wconf 92' lang='lat' dir='ltr'><strong>in</strong></span> <span class='ocrx_word' id='word_1_73' title='bbox 868 1320 1000 1384; x_wconf 88' lang='lat' dir='ltr'><strong>quo</strong></span> <span class='ocrx_word' id='word_1_74' title='bbox 1033 1298 1247 1362; x_wconf 80' lang='lat' dir='ltr'><strong>forum</strong></span> <span class='ocrx_word' id='word_1_75' title='bbox 1276 1298 1504 1387; x_wconf 78' lang='lat' dir='ltr'><strong>agebat</strong></span> <span class='ocrx_word' id='word_1_76' title='bbox 1531 1294 1789 1384; x_wconf 77' lang='lat' dir='ltr'><strong>praetor.&#39;</strong></span> <span class='ocrx_word' id='word_1_77' title='bbox 1815 1294 1999 1381; x_wconf 90' lang='lat' dir='ltr'><strong>[Gall.</strong></span> <span class='ocrx_word' id='word_1_78' title='bbox 2026 1298 2136 1384; x_wconf 80' lang='lat' dir='ltr'><strong>qui</strong></span> <span class='ocrx_word' id='word_1_79' title='bbox 2157 1294 2391 1360; x_wconf 77' lang='lat' dir='ltr'><strong>e&#39;taiem</strong></span> 
     </span>
     <span class='ocr_line' id='line_1_10' title="bbox 282 1394 2392 1491; baseline 0.001 -29"><span class='ocrx_word' id='word_1_80' title='bbox 282 1400 370 1462; x_wconf 82' lang='lat' dir='ltr'><strong>du</strong></span> <span class='ocrx_word' id='word_1_81' title='bbox 400 1402 671 1490; x_wconf 66' lang='lat' dir='ltr'><strong>ress-om]</strong></span> <span class='ocrx_word' id='word_1_82' title='bbox 711 1404 932 1489; x_wconf 88' lang='lat' dir='ltr'><strong>Itaque</strong></span> <span class='ocrx_word' id='word_1_83' title='bbox 975 1404 1145 1469; x_wconf 88' lang='lat' dir='ltr'><strong>inter</strong></span> <span class='ocrx_word' id='word_1_84' title='bbox 1189 1420 1397 1469; x_wconf 89' lang='lat' dir='ltr'><strong>cetera</strong></span> <span class='ocrx_word' id='word_1_85' title='bbox 1445 1405 1575 1467; x_wconf 88' lang='lat' dir='ltr'><strong>hoc</strong></span> <span class='ocrx_word' id='word_1_86' title='bbox 1617 1400 1883 1491; x_wconf 80' lang='lat' dir='ltr'><strong>quoque</strong></span> <span class='ocrx_word' id='word_1_87' title='bbox 1919 1394 2168 1465; x_wconf 86' lang='lat' dir='ltr'><strong>crimini</strong></span> <span class='ocrx_word' id='word_1_88' title='bbox 2202 1405 2392 1484; x_wconf 71' lang='lat' dir='ltr'><strong>vertit</strong></span> 
     </span>
     <span class='ocr_line' id='line_1_11' title="bbox 287 1490 2393 1597; baseline 0.003 -32"><span class='ocrx_word' id='word_1_89' title='bbox 287 1503 513 1568; x_wconf 86' lang='lat' dir='ltr'><strong>Cicero</strong></span> <span class='ocrx_word' id='word_1_90' title='bbox 535 1508 753 1588; x_wconf 84' lang='lat' dir='ltr'><strong>Verri,</strong></span> <span class='ocrx_word' id='word_1_91' title='bbox 791 1506 971 1597; x_wconf 83' lang='lat' dir='ltr'><strong>quod</strong></span> <span class='ocrx_word' id='word_1_92' title='bbox 1011 1533 1144 1573; x_wconf 93' lang='lat' dir='ltr'><strong>non</strong></span> <span class='ocrx_word' id='word_1_93' title='bbox 1195 1510 1276 1574; x_wconf 89' lang='lat' dir='ltr'><strong>de</strong></span> <span class='ocrx_word' id='word_1_94' title='bbox 1312 1525 1674 1590; x_wconf 83' lang='lat' dir='ltr'><strong>conventu,</strong></span> <span class='ocrx_word' id='word_1_95' title='bbox 1710 1490 1822 1571; x_wconf 82' lang='lat' dir='ltr'><strong>sed</strong></span> <span class='ocrx_word' id='word_1_96' title='bbox 1868 1507 1948 1571; x_wconf 88' lang='lat' dir='ltr'><strong>de</strong></span> <span class='ocrx_word' id='word_1_97' title='bbox 1981 1509 2245 1571; x_wconf 87' lang='lat' dir='ltr'><strong>cohorte</strong></span> <span class='ocrx_word' id='word_1_98' title='bbox 2278 1531 2393 1571; x_wconf 86' lang='lat' dir='ltr'><strong>sua</strong></span> 
     </span>
     <span class='ocr_line' id='line_1_12' title="bbox 286 1607 2240 1709; baseline 0.002 -37"><span class='ocrx_word' id='word_1_99' title='bbox 286 1607 562 1676; x_wconf 84' lang='lat' dir='ltr'><strong>dedisset</strong></span> <span class='ocrx_word' id='word_1_100' title='bbox 594 1631 1068 1701; x_wconf 83' lang='lat' dir='ltr'><strong>recuperatores</strong></span> <span class='ocrx_word' id='word_1_101' title='bbox 1089 1664 1106 1697; x_wconf 93' lang='lat'><strong>,</strong></span> <span class='ocrx_word' id='word_1_102' title='bbox 1133 1615 1245 1689; x_wconf 85' lang='lat' dir='ltr'><strong>lib.</strong></span> <span class='ocrx_word' id='word_1_103' title='bbox 1270 1617 1365 1679; x_wconf 86' lang='lat'><strong>111</strong></span> <span class='ocrx_word' id='word_1_104' title='bbox 1390 1617 1456 1678; x_wconf 90' lang='lat' dir='ltr'><strong>in</strong></span> <span class='ocrx_word' id='word_1_105' title='bbox 1476 1616 1662 1679; x_wconf 89' lang='lat' dir='ltr'><strong>Verr.</strong></span> <span class='ocrx_word' id='word_1_106' title='bbox 1694 1637 1884 1709; x_wconf 54' lang='lat' dir='ltr'><strong>capa</strong></span> <span class='ocrx_word' id='word_1_107' title='bbox 1904 1637 1958 1693; x_wconf 91' lang='lat'><strong>1,</strong></span> <span class='ocrx_word' id='word_1_108' title='bbox 1987 1613 2101 1699; x_wconf 90' lang='lat'><strong>59,</strong></span> <span class='ocrx_word' id='word_1_109' title='bbox 2137 1614 2240 1677; x_wconf 88' lang='lat'><strong>60.</strong></span> 
     </span>
    </p>

    <p class='ocr_par' dir='ltr' id='par_1_3' title="bbox 376 1716 2393 1805">
     <span class='ocr_line' id='line_1_13' title="bbox 376 1716 2393 1805; baseline 0.003 -27"><span class='ocrx_word' id='word_1_110' title='bbox 376 1716 773 1783; x_wconf 81' lang='lat' dir='ltr'><strong>Centumviri</strong></span> <span class='ocrx_word' id='word_1_111' title='bbox 806 1721 984 1805; x_wconf 85' lang='lat' dir='ltr'><strong>quasi</strong></span> <span class='ocrx_word' id='word_1_112' title='bbox 1026 1721 1207 1784; x_wconf 88' lang='lat' dir='ltr'><strong>electi</strong></span> <span class='ocrx_word' id='word_1_113' title='bbox 1231 1720 1512 1801; x_wconf 86' lang='lat' dir='ltr'><strong>judices,</strong></span> <span class='ocrx_word' id='word_1_114' title='bbox 1565 1741 1680 1782; x_wconf 87' lang='lat' dir='ltr'><strong>seu</strong></span> <span class='ocrx_word' id='word_1_115' title='bbox 1710 1718 1941 1801; x_wconf 89' lang='lat' dir='ltr'><strong>jurati,</strong></span> <span class='ocrx_word' id='word_1_116' title='bbox 1980 1717 2325 1805; x_wconf 84' lang='lat' dir='ltr'><strong>quotannis</strong></span> <span class='ocrx_word' id='word_1_117' title='bbox 2356 1741 2393 1785; x_wconf 79' lang='lat' dir='ltr'><strong>a</strong></span> 
     </span>
    </p>

    <p class='ocr_par' dir='ltr' id='par_1_4' title="bbox 228 1819 2399 3066">
     <span class='ocr_line' id='line_1_14' title="bbox 254 1819 2393 1912; baseline 0 -30"><span class='ocrx_word' id='word_1_118' title='bbox 254 1819 544 1908; x_wconf 84' lang='lat' dir='ltr'><strong>·triginta</strong></span> <span class='ocrx_word' id='word_1_119' title='bbox 587 1823 876 1911; x_wconf 82' lang='lat' dir='ltr'><strong>quinque</strong></span> <span class='ocrx_word' id='word_1_120' title='bbox 925 1824 1255 1906; x_wconf 85' lang='lat' dir='ltr'><strong>tribubus,</strong></span> <span class='ocrx_word' id='word_1_121' title='bbox 1290 1824 1453 1912; x_wconf 50' lang='lat' dir='ltr'><strong>quaeg</strong></span> <span class='ocrx_word' id='word_1_122' title='bbox 1478 1841 1605 1898; x_wconf 84' lang='lat' dir='ltr'><strong>tres</strong></span> <span class='ocrx_word' id='word_1_123' title='bbox 1655 1823 1921 1911; x_wconf 78' lang='lat' dir='ltr'><strong>singulae</strong></span> <span class='ocrx_word' id='word_1_124' title='bbox 1963 1822 2393 1899; x_wconf 83' lang='lat' dir='ltr'><strong>assumebant,</strong></span> 
     </span>
     <span class='ocr_line' id='line_1_15' title="bbox 279 1926 2394 2019; baseline 0 -30"><span class='ocrx_word' id='word_1_125' title='bbox 279 1926 695 2013; x_wconf 86' lang='lat' dir='ltr'><strong>eligebantur,</strong></span> <span class='ocrx_word' id='word_1_126' title='bbox 739 1932 826 2019; x_wconf 88' lang='lat' dir='ltr'><strong>ita</strong></span> <span class='ocrx_word' id='word_1_127' title='bbox 875 1947 949 1993; x_wconf 90' lang='lat' dir='ltr'><strong>ut</strong></span> <span class='ocrx_word' id='word_1_128' title='bbox 1001 1940 1230 1995; x_wconf 76' lang='lat' dir='ltr'><strong>eorum</strong></span> <span class='ocrx_word' id='word_1_129' title='bbox 1280 1953 1590 2019; x_wconf 76' lang='lat' dir='ltr'><strong>numerus</strong></span> <span class='ocrx_word' id='word_1_130' title='bbox 1641 1930 1722 1994; x_wconf 88' lang='lat' dir='ltr'><strong>ad</strong></span> <span class='ocrx_word' id='word_1_131' title='bbox 1755 1951 1961 2016; x_wconf 88' lang='lat' dir='ltr'><strong>usque</strong></span> <span class='ocrx_word' id='word_1_132' title='bbox 1995 1930 2287 2016; x_wconf 88' lang='lat' dir='ltr'><strong>quinque</strong></span> <span class='ocrx_word' id='word_1_133' title='bbox 2327 1944 2394 1991; x_wconf 87' lang='lat' dir='ltr'><strong>et</strong></span> 
     </span>
     <span class='ocr_line' id='line_1_16' title="bbox 276 2032 2393 2122; baseline 0.001 -30"><span class='ocrx_word' id='word_1_134' title='bbox 276 2047 536 2095; x_wconf 88' lang='lat' dir='ltr'><strong>centum</strong></span> <span class='ocrx_word' id='word_1_135' title='bbox 572 2034 1085 2122; x_wconf 87' lang='lat' dir='ltr'><strong>progrederetur,</strong></span> <span class='ocrx_word' id='word_1_136' title='bbox 1113 2033 1225 2099; x_wconf 89' lang='lat' dir='ltr'><strong>sed</strong></span> <span class='ocrx_word' id='word_1_137' title='bbox 1249 2033 1671 2099; x_wconf 89' lang='lat' dir='ltr'><strong>contrahendi</strong></span> <span class='ocrx_word' id='word_1_138' title='bbox 1704 2057 1892 2097; x_wconf 88' lang='lat' dir='ltr'><strong>causa</strong></span> <span class='ocrx_word' id='word_1_139' title='bbox 1925 2032 2080 2096; x_wconf 89' lang='lat' dir='ltr'><strong>dicti</strong></span> <span class='ocrx_word' id='word_1_140' title='bbox 2108 2048 2393 2096; x_wconf 89' lang='lat' dir='ltr'><strong>centum·</strong></span> 
     </span>
     <span class='ocr_line' id='line_1_17' title="bbox 275 2122 2392 2228; baseline 0.001 -31"><span class='ocrx_word' id='word_1_141' title='bbox 275 2136 394 2198; x_wconf 83' lang='lat' dir='ltr'><strong>viri</strong></span> <span class='ocrx_word' id='word_1_142' title='bbox 423 2137 735 2216; x_wconf 76' lang='lat' dir='ltr'><strong>absolute.</strong></span> <span class='ocrx_word' id='word_1_143' title='bbox 763 2139 863 2204; x_wconf 89' lang='lat' dir='ltr'><strong>Illi</strong></span> <span class='ocrx_word' id='word_1_144' title='bbox 898 2164 933 2203; x_wconf 89' lang='lat' dir='ltr'><strong>a</strong></span> <span class='ocrx_word' id='word_1_145' title='bbox 959 2141 982 2221; x_wconf 85' lang='lat' dir='ltr'><strong>j</strong></span> <span class='ocrx_word' id='word_1_146' title='bbox 1211 2122 1287 2203; x_wconf 86' lang='lat' dir='ltr'><strong>us</strong></span> <span class='ocrx_word' id='word_1_147' title='bbox 1319 2158 1383 2203; x_wconf 91' lang='lat' dir='ltr'><strong>et</strong></span> <span class='ocrx_word' id='word_1_148' title='bbox 1416 2141 1673 2228; x_wconf 80' lang='lat' dir='ltr'><strong>arbitris</strong></span> <span class='ocrx_word' id='word_1_149' title='bbox 1713 2162 1845 2207; x_wconf 86' lang='lat' dir='ltr'><strong>non</strong></span> <span class='ocrx_word' id='word_1_150' title='bbox 1892 2154 2156 2227; x_wconf 84' lang='lat' dir='ltr'><strong>propter</strong></span> <span class='ocrx_word' id='word_1_151' title='bbox 2183 2136 2392 2227; x_wconf 85' lang='lat' dir='ltr'><strong>digni-</strong></span> 
     </span>
     <span class='ocr_line' id='line_1_18' title="bbox 278 2242 2389 2335; baseline 0 -31"><span class='ocrx_word' id='word_1_152' title='bbox 278 2257 472 2307; x_wconf 87' lang='lat' dir='ltr'><strong>tatem</strong></span> <span class='ocrx_word' id='word_1_153' title='bbox 508 2242 918 2326; x_wconf 84' lang='lat' dir='ltr'><strong>differebant,</strong></span> <span class='ocrx_word' id='word_1_154' title='bbox 960 2268 1027 2310; x_wconf 90' lang='lat' dir='ltr'><strong>se</strong></span> <span class='ocrx_word' id='word_1_155' title='bbox 1114 2246 1294 2335; x_wconf 86' lang='lat' dir='ltr'><strong>quod</strong></span> <span class='ocrx_word' id='word_1_156' title='bbox 1324 2246 1594 2310; x_wconf 91' lang='lat' dir='ltr'><strong>omnino</strong></span> <span class='ocrx_word' id='word_1_157' title='bbox 1622 2268 1757 2309; x_wconf 93' lang='lat' dir='ltr'><strong>non</strong></span> <span class='ocrx_word' id='word_1_158' title='bbox 1795 2242 2031 2308; x_wconf 86' lang='lat' dir='ltr'><strong>similes</strong></span> <span class='ocrx_word' id='word_1_159' title='bbox 2064 2266 2153 2328; x_wconf 72' lang='lat' dir='ltr'><strong>eae</strong></span> <span class='ocrx_word' id='word_1_160' title='bbox 2185 2265 2389 2306; x_wconf 81' lang='lat' dir='ltr'><strong>causae</strong></span> 
     </span>
     <span class='ocr_line' id='line_1_19' title="bbox 278 2333 2392 2448; baseline 0 -37"><span class='ocrx_word' id='word_1_161' title='bbox 278 2364 490 2419; x_wconf 88' lang='lat' dir='ltr'><strong>essent</strong></span> <span class='ocrx_word' id='word_1_162' title='bbox 515 2348 597 2414; x_wconf 92' lang='lat' dir='ltr'><strong>de</strong></span> <span class='ocrx_word' id='word_1_163' title='bbox 623 2351 858 2448; x_wconf 83' lang='lat' dir='ltr'><strong>quibus</strong></span> <span class='ocrx_word' id='word_1_164' title='bbox 885 2333 1399 2442; x_wconf 81' lang='lat' dir='ltr'><strong>cognoscebant:</strong></span> <span class='ocrx_word' id='word_1_165' title='bbox 1438 2352 1484 2414; x_wconf 90' lang='lat' dir='ltr'><strong>ii</strong></span> <span class='ocrx_word' id='word_1_166' title='bbox 1512 2350 1776 2439; x_wconf 90' lang='lat' dir='ltr'><strong>quidem</strong></span> <span class='ocrx_word' id='word_1_167' title='bbox 1806 2353 1875 2412; x_wconf 86' lang='lat' dir='ltr'><strong>in</strong></span> <span class='ocrx_word' id='word_1_168' title='bbox 1906 2349 2167 2442; x_wconf 83' lang='lat' dir='ltr'><strong>Basilica</strong></span> <span class='ocrx_word' id='word_1_169' title='bbox 2192 2349 2224 2412; x_wconf 89' lang='lat' dir='ltr'>J</span> <span class='ocrx_word' id='word_1_170' title='bbox 2229 2349 2356 2413; x_wconf 90' lang='lat' dir='ltr'><strong>ulia</strong></span> <span class='ocrx_word' id='word_1_171' title='bbox 2373 2397 2392 2428; x_wconf 92' lang='lat'><strong>,</strong></span> 
     </span>
     <span class='ocr_line' id='line_1_20' title="bbox 279 2453 2394 2543; baseline 0 -27"><span class='ocrx_word' id='word_1_172' title='bbox 279 2454 476 2517; x_wconf 82' lang='lat' dir='ltr'><strong>m&#39;odo</strong></span> <span class='ocrx_word' id='word_1_173' title='bbox 511 2479 626 2543; x_wconf 88' lang='lat' dir='ltr'><strong>per</strong></span> <span class='ocrx_word' id='word_1_174' title='bbox 655 2475 895 2543; x_wconf 85' lang='lat' dir='ltr'><strong>partes,</strong></span> <span class='ocrx_word' id='word_1_175' title='bbox 935 2457 1132 2523; x_wconf 91' lang='lat' dir='ltr'><strong>modo</strong></span> <span class='ocrx_word' id='word_1_176' title='bbox 1161 2459 1479 2538; x_wconf 86' lang='lat' dir='ltr'><strong>universi,</strong></span> <span class='ocrx_word' id='word_1_177' title='bbox 1512 2458 1590 2520; x_wconf 79' lang='lat' dir='ltr'><strong>ex</strong></span> <span class='ocrx_word' id='word_1_178' title='bbox 1611 2457 1796 2536; x_wconf 88' lang='lat' dir='ltr'><strong>jussu</strong></span> <span class='ocrx_word' id='word_1_179' title='bbox 1830 2456 2119 2542; x_wconf 62' lang='lat' dir='ltr'><strong>praetoris</strong></span> <span class='ocrx_word' id='word_1_180' title='bbox 2142 2453 2394 2534; x_wconf 88' lang='lat' dir='ltr'><strong>judica-</strong></span> 
     </span>
     <span class='ocr_line' id='line_1_21' title="bbox 281 2544 2397 2651; baseline 0.001 -30"><span class='ocrx_word' id='word_1_181' title='bbox 281 2558 470 2640; x_wconf 88' lang='lat' dir='ltr'><strong>bant,</strong></span> <span class='ocrx_word' id='word_1_182' title='bbox 507 2562 638 2649; x_wconf 57' lang='grc' dir='ltr'><strong>Οἱς,</strong></span> <span class='ocrx_word' id='word_1_183' title='bbox 673 2560 757 2625; x_wconf 86' lang='lat' dir='ltr'><strong>de</strong></span> <span class='ocrx_word' id='word_1_184' title='bbox 789 2565 966 2651; x_wconf 78' lang='lat' dir='ltr'><strong>Orat.</strong></span> <span class='ocrx_word' id='word_1_185' title='bbox 1005 2564 1068 2644; x_wconf 89' lang='lat'><strong>1,</strong></span> <span class='ocrx_word' id='word_1_186' title='bbox 1104 2544 1223 2641; x_wconf 55' lang='lat'><strong>38,</strong></span> <span class='ocrx_word' id='word_1_187' title='bbox 1256 2580 1322 2650; x_wconf 90' lang='lat' dir='ltr'><strong>et</strong></span> <span class='ocrx_word' id='word_1_188' title='bbox 1354 2563 1433 2625; x_wconf 89' lang='lat' dir='ltr'><strong>de</strong></span> <span class='ocrx_word' id='word_1_189' title='bbox 1485 2563 1584 2625; x_wconf 91' lang='lat' dir='ltr'><strong>his</strong></span> <span class='ocrx_word' id='word_1_190' title='bbox 1617 2562 1811 2624; x_wconf 88' lang='lat' dir='ltr'><strong>rebus</strong></span> <span class='ocrx_word' id='word_1_191' title='bbox 1851 2560 2221 2642; x_wconf 87' lang='lat' dir='ltr'><strong>judicabant</strong></span> <span class='ocrx_word' id='word_1_192' title='bbox 2253 2582 2397 2646; x_wconf 85' lang='lat' dir='ltr'><strong>quae</strong></span> 
     </span>
     <span class='ocr_line' id='line_1_22' title="bbox 278 2660 2397 2753; baseline 0 -27"><span class='ocrx_word' id='word_1_193' title='bbox 278 2663 536 2743; x_wconf 86' lang='lat' dir='ltr'><strong>majoris</strong></span> <span class='ocrx_word' id='word_1_194' title='bbox 570 2660 781 2729; x_wconf 82' lang='lat' dir='ltr'><strong>essent</strong></span> <span class='ocrx_word' id='word_1_195' title='bbox 814 2669 1123 2730; x_wconf 86' lang='lat' dir='ltr'><strong>momenti</strong></span> <span class='ocrx_word' id='word_1_196' title='bbox 1154 2690 1170 2730; x_wconf 75' lang='grc' dir='ltr'>ε</span> <span class='ocrx_word' id='word_1_197' title='bbox 1207 2683 1400 2753; x_wconf 91' lang='lat' dir='ltr'><strong>puta,</strong></span> <span class='ocrx_word' id='word_1_198' title='bbox 1430 2665 1510 2730; x_wconf 90' lang='lat' dir='ltr'><strong>de</strong></span> <span class='ocrx_word' id='word_1_199' title='bbox 1545 2664 2084 2752; x_wconf 80' lang='lat' dir='ltr'><strong>usucapionibus,</strong></span> <span class='ocrx_word' id='word_1_200' title='bbox 2121 2664 2397 2727; x_wconf 85' lang='lat' dir='ltr'><strong>servitu-</strong></span> 
     </span>
     <span class='ocr_line' id='line_1_23' title="bbox 228 2768 2399 2858; baseline 0 -27"><span class='ocrx_word' id='word_1_201' title='bbox 228 2841 238 2854; x_wconf 44' lang='lat'><strong>·</strong></span> <span class='ocrx_word' id='word_1_202' title='bbox 281 2768 491 2852; x_wconf 83' lang='lat' dir='ltr'><strong>tibus,</strong></span> <span class='ocrx_word' id='word_1_203' title='bbox 539 2770 966 2851; x_wconf 75' lang='lat' dir='ltr'><strong>testamentiS,</strong></span> <span class='ocrx_word' id='word_1_204' title='bbox 1005 2786 1123 2858; x_wconf 85' lang='lat' dir='ltr'><strong>etc.</strong></span> <span class='ocrx_word' id='word_1_205' title='bbox 1164 2772 1255 2834; x_wconf 89' lang='lat' dir='ltr'><strong>Ea</strong></span> <span class='ocrx_word' id='word_1_206' title='bbox 1299 2786 1431 2833; x_wconf 88' lang='lat' dir='ltr'><strong>erat</strong></span> <span class='ocrx_word' id='word_1_207' title='bbox 1462 2769 1563 2832; x_wconf 86' lang='lat' dir='ltr'><strong>his</strong></span> <span class='ocrx_word' id='word_1_208' title='bbox 1586 2768 1840 2847; x_wconf 85' lang='lat' dir='ltr'><strong>judiciis</strong></span> <span class='ocrx_word' id='word_1_209' title='bbox 1880 2769 2016 2847; x_wconf 74' lang='lat' dir='ltr'><strong>viS,</strong></span> <span class='ocrx_word' id='word_1_210' title='bbox 2066 2783 2138 2830; x_wconf 96' lang='lat' dir='ltr'><strong>ut</strong></span> <span class='ocrx_word' id='word_1_211' title='bbox 2173 2768 2239 2830; x_wconf 91' lang='lat' dir='ltr'><strong>in</strong></span> <span class='ocrx_word' id='word_1_212' title='bbox 2273 2769 2399 2832; x_wconf 90' lang='lat' dir='ltr'><strong>Ro-</strong></span> 
     </span>
     <span class='ocr_line' id='line_1_24' title="bbox 283 2873 2392 2960; baseline 0 -25"><span class='ocrx_word' id='word_1_213' title='bbox 283 2896 623 2937; x_wconf 89' lang='lat' dir='ltr'><strong>manorum</strong></span> <span class='ocrx_word' id='word_1_214' title='bbox 646 2873 749 2953; x_wconf 88' lang='lat' dir='ltr'><strong>jus</strong></span> <span class='ocrx_word' id='word_1_215' title='bbox 783 2875 1049 2939; x_wconf 88' lang='lat' dir='ltr'><strong>transire</strong></span> <span class='ocrx_word' id='word_1_216' title='bbox 1078 2874 1354 2939; x_wconf 87' lang='lat' dir='ltr'><strong>solerent</strong></span> <span class='ocrx_word' id='word_1_217' title='bbox 1371 2923 1390 2956; x_wconf 96' lang='lat'><strong>,</strong></span> <span class='ocrx_word' id='word_1_218' title='bbox 1417 2889 1481 2936; x_wconf 90' lang='lat' dir='ltr'><strong>et</strong></span> <span class='ocrx_word' id='word_1_219' title='bbox 1503 2873 1594 2937; x_wconf 86' lang='lat' dir='ltr'><strong>eis</strong></span> <span class='ocrx_word' id='word_1_220' title='bbox 1621 2890 1787 2938; x_wconf 88' lang='lat' dir='ltr'><strong>esset</strong></span> <span class='ocrx_word' id='word_1_221' title='bbox 1808 2873 2152 2960; x_wconf 82' lang='lat' dir='ltr'><strong>auctoritas</strong></span> <span class='ocrx_word' id='word_1_222' title='bbox 2175 2896 2392 2936; x_wconf 90' lang='lat' dir='ltr'><strong>rerum</strong></span> 
     </span>
     <span class='ocr_line' id='line_1_25' title="bbox 279 2978 1374 3066; baseline 0.002 -24"><span class='ocrx_word' id='word_1_223' title='bbox 279 2995 596 3066; x_wconf 88' lang='lat' dir='ltr'><strong>perpetuo</strong></span> <span class='ocrx_word' id='word_1_224' title='bbox 623 2978 909 3043; x_wconf 88' lang='lat' dir='ltr'><strong>similiter</strong></span> <span class='ocrx_word' id='word_1_225' title='bbox 928 2979 1374 3060; x_wconf 87' lang='lat' dir='ltr'><strong>judicatarum.</strong></span> 
     </span>
    </p>

    <p class='ocr_par' dir='ltr' id='par_1_5' title="bbox 284 3082 2399 3381">
     <span class='ocr_line' id='line_1_26' title="bbox 369 3082 2399 3172; baseline -0.002 -24"><span class='ocrx_word' id='word_1_226' title='bbox 369 3084 697 3148; x_wconf 90' lang='lat' dir='ltr'><strong>Curabant</strong></span> <span class='ocrx_word' id='word_1_227' title='bbox 740 3100 949 3172; x_wconf 85' lang='lat' dir='ltr'><strong>partes</strong></span> <span class='ocrx_word' id='word_1_228' title='bbox 995 3102 1070 3149; x_wconf 87' lang='lat' dir='ltr'><strong>ut</strong></span> <span class='ocrx_word' id='word_1_229' title='bbox 1099 3085 1354 3171; x_wconf 82' lang='lat' dir='ltr'><strong>praetori</strong></span> <span class='ocrx_word' id='word_1_230' title='bbox 1400 3085 1715 3148; x_wconf 88' lang='lat' dir='ltr'><strong>arbitrum</strong></span> <span class='ocrx_word' id='word_1_231' title='bbox 1736 3133 1752 3160; x_wconf 95' lang='lat'><strong>,</strong></span> <span class='ocrx_word' id='word_1_232' title='bbox 1784 3085 1884 3146; x_wconf 87' lang='lat' dir='ltr'><strong>vel</strong></span> <span class='ocrx_word' id='word_1_233' title='bbox 1909 3082 2193 3162; x_wconf 85' lang='lat' dir='ltr'><strong>judicem</strong></span> <span class='ocrx_word' id='word_1_234' title='bbox 2234 3082 2399 3146; x_wconf 90' lang='lat' dir='ltr'><strong>desi·</strong></span> 
     </span>
     <span class='ocr_line' id='line_1_27' title="bbox 284 3188 2397 3280; baseline -0.003 -25"><span class='ocrx_word' id='word_1_235' title='bbox 284 3204 579 3279; x_wconf 84' lang='lat' dir='ltr'><strong>guarent,</strong></span> <span class='ocrx_word' id='word_1_236' title='bbox 612 3214 885 3280; x_wconf 85' lang='lat' dir='ltr'><strong>quarum</strong></span> <span class='ocrx_word' id='word_1_237' title='bbox 919 3191 1336 3278; x_wconf 86' lang='lat' dir='ltr'><strong>postulationi</strong></span> <span class='ocrx_word' id='word_1_238' title='bbox 1366 3191 1472 3254; x_wconf 84' lang='lat' dir='ltr'><strong>ille</strong></span> <span class='ocrx_word' id='word_1_239' title='bbox 1505 3213 1790 3254; x_wconf 89' lang='lat' dir='ltr'><strong>annuere</strong></span> <span class='ocrx_word' id='word_1_240' title='bbox 1827 3190 2090 3253; x_wconf 88' lang='lat' dir='ltr'><strong>solebat.</strong></span> <span class='ocrx_word' id='word_1_241' title='bbox 2123 3188 2234 3252; x_wconf 90' lang='lat' dir='ltr'><strong>Sin</strong></span> <span class='ocrx_word' id='word_1_242' title='bbox 2273 3188 2397 3250; x_wconf 89' lang='lat' dir='ltr'><strong>dis-</strong></span> 
     </span>
     <span class='ocr_line' id='line_1_28' title="bbox 285 3289 1503 3381; baseline 0.001 -19"><span class='ocrx_word' id='word_1_243' title='bbox 285 3299 597 3370; x_wconf 81' lang='lat' dir='ltr'><strong>sentirent</strong></span> <span class='ocrx_word' id='word_1_244' title='bbox 611 3347 628 3378; x_wconf 96' lang='lat'><strong>,</strong></span> <span class='ocrx_word' id='word_1_245' title='bbox 645 3289 835 3362; x_wconf 29' lang='lat' dir='ltr'><strong>*sorte</strong></span> <span class='ocrx_word' id='word_1_246' title='bbox 871 3298 1069 3378; x_wconf 84' lang='lat' dir='ltr'><strong>judex</strong></span> <span class='ocrx_word' id='word_1_247' title='bbox 1100 3299 1503 3381; x_wconf 87' lang='lat' dir='ltr'><strong>obveniebat.</strong></span> 
     </span>
    </p>

    <p class='ocr_par' dir='ltr' id='par_1_6' title="bbox 286 3399 2398 3703">
     <span class='ocr_line' id='line_1_29' title="bbox 373 3399 2398 3479; baseline -0.003 -12"><span class='ocrx_word' id='word_1_248' title='bbox 373 3404 487 3467; x_wconf 88' lang='lat' dir='ltr'><strong>His</strong></span> <span class='ocrx_word' id='word_1_249' title='bbox 524 3404 609 3467; x_wconf 82' lang='lat' dir='ltr'><strong>ita</strong></span> <span class='ocrx_word' id='word_1_250' title='bbox 640 3405 1006 3468; x_wconf 88' lang='lat' dir='ltr'><strong>constitutis</strong></span> <span class='ocrx_word' id='word_1_251' title='bbox 1027 3454 1042 3479; x_wconf 94' lang='lat'><strong>‚</strong></span> <span class='ocrx_word' id='word_1_252' title='bbox 1075 3421 1254 3468; x_wconf 90' lang='lat' dir='ltr'><strong>actor</strong></span> <span class='ocrx_word' id='word_1_253' title='bbox 1287 3425 1399 3466; x_wconf 93' lang='lat' dir='ltr'><strong>reo</strong></span> <span class='ocrx_word' id='word_1_254' title='bbox 1442 3418 1506 3465; x_wconf 90' lang='lat' dir='ltr'><strong>et</strong></span> <span class='ocrx_word' id='word_1_255' title='bbox 1542 3402 1742 3466; x_wconf 88' lang='lat' dir='ltr'><strong>actori</strong></span> <span class='ocrx_word' id='word_1_256' title='bbox 1780 3424 1928 3465; x_wconf 89' lang='lat' dir='ltr'><strong>reus</strong></span> <span class='ocrx_word' id='word_1_257' title='bbox 1977 3399 2398 3464; x_wconf 88' lang='lat' dir='ltr'><strong>denuntiabat</strong></span> 
     </span>
     <span class='ocr_line' id='line_1_30' title="bbox 287 3504 2397 3595; baseline -0.003 -23"><span class='ocrx_word' id='word_1_258' title='bbox 287 3531 418 3595; x_wconf 91' lang='lat' dir='ltr'><strong>quo</strong></span> <span class='ocrx_word' id='word_1_259' title='bbox 453 3507 559 3571; x_wconf 90' lang='lat' dir='ltr'><strong>die</strong></span> <span class='ocrx_word' id='word_1_260' title='bbox 596 3531 748 3572; x_wconf 89' lang='lat' dir='ltr'><strong>eum</strong></span> <span class='ocrx_word' id='word_1_261' title='bbox 782 3509 1026 3589; x_wconf 86' lang='lat' dir='ltr'><strong>judicio</strong></span> <span class='ocrx_word' id='word_1_262' title='bbox 1057 3508 1276 3578; x_wconf 88' lang='lat' dir='ltr'><strong>adesse</strong></span> <span class='ocrx_word' id='word_1_263' title='bbox 1307 3508 1512 3572; x_wconf 86' lang='lat' dir='ltr'><strong>vellet.</strong></span> <span class='ocrx_word' id='word_1_264' title='bbox 1552 3509 1614 3570; x_wconf 89' lang='lat' dir='ltr'><strong>Is</strong></span> <span class='ocrx_word' id='word_1_265' title='bbox 1643 3523 1778 3571; x_wconf 87' lang='lat' dir='ltr'><strong>erat</strong></span> <span class='ocrx_word' id='word_1_266' title='bbox 1810 3505 1944 3570; x_wconf 89' lang='lat' dir='ltr'><strong>dies</strong></span> <span class='ocrx_word' id='word_1_267' title='bbox 1983 3506 2239 3587; x_wconf 88' lang='lat' dir='ltr'><strong>tertius,</strong></span> <span class='ocrx_word' id='word_1_268' title='bbox 2266 3504 2397 3567; x_wconf 84' lang='lat' dir='ltr'><strong>sive</strong></span> 
     </span>
     <span class='ocr_line' id='line_1_31' title="bbox 286 3610 2398 3703; baseline -0.002 -28"><span class='ocrx_word' id='word_1_269' title='bbox 286 3611 712 3702; x_wconf 80' lang='lat' dir='ltr'><strong>perendinus:</strong></span> <span class='ocrx_word' id='word_1_270' title='bbox 760 3636 908 3677; x_wconf 89' lang='lat' dir='ltr'><strong>nam</strong></span> <span class='ocrx_word' id='word_1_271' title='bbox 938 3615 1005 3677; x_wconf 95' lang='lat' dir='ltr'><strong>in</strong></span> <span class='ocrx_word' id='word_1_272' title='bbox 1036 3636 1186 3680; x_wconf 88' lang='lat' dir='ltr'><strong>eum</strong></span> <span class='ocrx_word' id='word_1_273' title='bbox 1222 3612 1420 3703; x_wconf 84' lang='lat' dir='ltr'><strong>judex</strong></span> <span class='ocrx_word' id='word_1_274' title='bbox 1456 3611 1641 3702; x_wconf 80' lang='lat' dir='ltr'><strong>datus</strong></span> <span class='ocrx_word' id='word_1_275' title='bbox 1679 3613 1903 3676; x_wconf 87' lang='lat' dir='ltr'><strong>fuerat.</strong></span> <span class='ocrx_word' id='word_1_276' title='bbox 1956 3611 2108 3674; x_wconf 83' lang='lat' dir='ltr'><strong>Haec</strong></span> <span class='ocrx_word' id='word_1_277' title='bbox 2144 3610 2398 3673; x_wconf 85' lang='lat' dir='ltr'><strong>denun-</strong></span> 
     </span>
    </p>
   </div>
   <div class='ocr_carea' id='block_1_3' title="bbox 285 3715 2391 3903">
    <p class='ocr_par' dir='ltr' id='par_1_7' title="bbox 285 3715 2391 3903">
     <span class='ocr_line' id='line_1_32' title="bbox 285 3715 2391 3810; baseline -0.002 -29"><span class='ocrx_word' id='word_1_278' title='bbox 285 3718 466 3782; x_wconf 86' lang='lat' dir='ltr'><strong>tiatio</strong></span> <span class='ocrx_word' id='word_1_279' title='bbox 497 3718 705 3805; x_wconf 87' lang='lat' dir='ltr'><strong>prisco</strong></span> <span class='ocrx_word' id='word_1_280' title='bbox 737 3742 919 3786; x_wconf 85' lang='lat' dir='ltr'><strong>more</strong></span> <span class='ocrx_word' id='word_1_281' title='bbox 953 3719 1285 3810; x_wconf 86' lang='lat' dir='ltr'><strong>dicebatur</strong></span> <span class='ocrx_word' id='word_1_282' title='bbox 1317 3717 1675 3800; x_wconf 81' lang='lat' dir='ltr'><strong>condictio,</strong></span> <span class='ocrx_word' id='word_1_283' title='bbox 1714 3741 1825 3782; x_wconf 82' lang='lat' dir='ltr'><strong>seu</strong></span> <span class='ocrx_word' id='word_1_284' title='bbox 1861 3715 2391 3805; x_wconf 85' lang='lat' dir='ltr'><strong>comperendina-</strong></span> 
     </span>
     <span class='ocr_line' id='line_1_33' title="bbox 296 3822 825 3903; baseline 0.002 -17"><span class='ocrx_word' id='word_1_285' title='bbox 296 3823 405 3886; x_wconf 89' lang='lat' dir='ltr'><strong>tio.</strong></span> <span class='ocrx_word' id='word_1_286' title='bbox 432 3822 568 3887; x_wconf 89' lang='lat' dir='ltr'><strong>Gai.</strong></span> <span class='ocrx_word' id='word_1_287' title='bbox 592 3822 703 3903; x_wconf 88' lang='lat' dir='ltr'><strong>IV,</strong></span> <span class='ocrx_word' id='word_1_288' title='bbox 731 3822 825 3887; x_wconf 87' lang='lat'><strong>15.</strong></span> 
     </span>
    </p>
   </div>
   <div class='ocr_carea' id='block_1_4' title="bbox 990 2171 1211 2192">
    <p class='ocr_par' dir='ltr' id='par_1_8' title="bbox 990 2171 1211 2192">
     <span class='ocr_line' id='line_1_34' title="bbox 990 2171 1211 2192; baseline 0 2596"><span class='ocrx_word' id='word_1_289' title='bbox 990 2171 1211 2192; x_wconf 95' lang='lat' dir='ltr'><strong> </strong></span> 
     </span>
    </p>
   </div>
  </div>
 </body>
</html>
