<?xml version="1.0" encoding="UTF-8"?>
<!DOCTYPE html PUBLIC "-//W3C//DTD XHTML 1.0 Transitional//EN"
    "http://www.w3.org/TR/xhtml1/DTD/xhtml1-transitional.dtd">
<html xmlns="http://www.w3.org/1999/xhtml" xml:lang="en" lang="en">
 <head>
  <title>
</title>
<meta http-equiv="Content-Type" content="text/html;charset=utf-8" />
  <meta name='ocr-system' content='tesseract 3.04.00' />
  <meta name='ocr-capabilities' content='ocr_page ocr_carea ocr_par ocr_line ocrx_word'/>
</head>
<body>
  <div class='ocr_page' id='page_1' title='image "./mtciceronisquae09lemagoog/mtciceronisquae09lemagoog_0609.png"; bbox 0 0 3044 4788; ppageno 0'>
   <div class='ocr_carea' id='block_1_1' title="bbox 579 420 2369 521">
    <p class='ocr_par' dir='ltr' id='par_1_1' title="bbox 579 420 2369 521">
     <span class='ocr_line' id='line_1_1' title="bbox 579 420 2369 521; baseline 0.001 -27"><span class='ocrx_word' id='word_1_1' title='bbox 579 420 1108 496; x_wconf 77' lang='lat' dir='ltr'><strong>APPENDIX&#39;</strong></span> <span class='ocrx_word' id='word_1_2' title='bbox 1145 426 1281 493; x_wconf 88' lang='lat' dir='ltr'>DE</span> <span class='ocrx_word' id='word_1_3' title='bbox 1323 427 1536 495; x_wconf 86' lang='lat' dir='ltr'>JUD.</span> <span class='ocrx_word' id='word_1_4' title='bbox 1583 427 2063 495; x_wconf 89' lang='lat' dir='ltr'><strong>PRIVATIS.</strong></span> <span class='ocrx_word' id='word_1_5' title='bbox 2244 425 2369 521; x_wconf 84' lang='lat'>57¹</span> 
     </span>
    </p>
   </div>
   <div class='ocr_carea' id='block_1_2' title="bbox 193 583 2397 3884">
    <p class='ocr_par' dir='ltr' id='par_1_2' title="bbox 967 583 1687 813">
     <span class='ocr_line' id='line_1_2' title="bbox 1016 583 1651 649; baseline -0.003 0"><span class='ocrx_word' id='word_1_6' title='bbox 1016 583 1557 649; x_wconf 85' lang='lat' dir='ltr'><strong>ARTICULUS</strong></span> <span class='ocrx_word' id='word_1_7' title='bbox 1601 585 1651 647; x_wconf 91' lang='grc' dir='ltr'>Ι.</span> 
     </span>
     <span class='ocr_line' id='line_1_3' title="bbox 967 722 1687 813; baseline 0.003 -26"><span class='ocrx_word' id='word_1_8' title='bbox 967 722 1058 787; x_wconf 80' lang='lat' dir='ltr'>De</span> <span class='ocrx_word' id='word_1_9' title='bbox 1085 723 1354 812; x_wconf 80' lang='lat' dir='ltr'>judiciis</span> <span class='ocrx_word' id='word_1_10' title='bbox 1388 725 1687 813; x_wconf 77' lang='lat' dir='ltr'>privatis.</span> 
     </span>
    </p>

    <p class='ocr_par' dir='ltr' id='par_1_3' title="bbox 263 860 2397 2300">
     <span class='ocr_line' id='line_1_4' title="bbox 350 860 2391 955; baseline 0 -25"><span class='ocrx_word' id='word_1_11' title='bbox 350 865 518 930; x_wconf 81' lang='lat' dir='ltr'>Juris</span> <span class='ocrx_word' id='word_1_12' title='bbox 557 860 813 929; x_wconf 83' lang='lat' dir='ltr'>dicendi</span> <span class='ocrx_word' id='word_1_13' title='bbox 853 865 1251 954; x_wconf 84' lang='lat' dir='ltr'>provinciam</span> <span class='ocrx_word' id='word_1_14' title='bbox 1300 865 1489 931; x_wconf 89' lang='lat' dir='ltr'>initio</span> <span class='ocrx_word' id='word_1_15' title='bbox 1544 888 1728 955; x_wconf 81' lang='lat' dir='ltr'>reges</span> <span class='ocrx_word' id='word_1_16' title='bbox 1780 866 2106 949; x_wconf 80' lang='lat' dir='ltr'><strong>habuere,</strong></span> <span class='ocrx_word' id='word_1_17' title='bbox 2152 864 2391 931; x_wconf 90' lang='lat' dir='ltr'>deinde</span> 
     </span>
     <span class='ocr_line' id='line_1_5' title="bbox 263 971 2391 1061; baseline 0 -24"><span class='ocrx_word' id='word_1_18' title='bbox 263 972 562 1037; x_wconf 88' lang='lat' dir='ltr'>consules</span> <span class='ocrx_word' id='word_1_19' title='bbox 594 988 659 1036; x_wconf 90' lang='lat' dir='ltr'>et</span> <span class='ocrx_word' id='word_1_20' title='bbox 689 971 802 1060; x_wconf 87' lang='lat' dir='ltr'>qui</span> <span class='ocrx_word' id='word_1_21' title='bbox 832 994 983 1037; x_wconf 88' lang='lat' dir='ltr'>cum</span> <span class='ocrx_word' id='word_1_22' title='bbox 1015 987 1335 1060; x_wconf 77' lang='lat' dir='ltr'><strong>potestate</strong></span> <span class='ocrx_word' id='word_1_23' title='bbox 1371 973 1691 1037; x_wconf 89' lang='lat' dir='ltr'>consulari</span> <span class='ocrx_word' id='word_1_24' title='bbox 1722 974 2024 1055; x_wconf 77' lang='lat' dir='ltr'>fuerunt3</span> <span class='ocrx_word' id='word_1_25' title='bbox 2060 988 2391 1061; x_wconf 87' lang='lat' dir='ltr'>postremo</span> 
     </span>
     <span class='ocr_line' id='line_1_6' title="bbox 264 1076 2393 1167; baseline -0.002 -21"><span class='ocrx_word' id='word_1_26' title='bbox 264 1093 400 1147; x_wconf 82' lang='lat' dir='ltr'>tota</span> <span class='ocrx_word' id='word_1_27' title='bbox 433 1077 571 1156; x_wconf 88' lang='lat' dir='ltr'>ejus</span> <span class='ocrx_word' id='word_1_28' title='bbox 603 1076 1093 1142; x_wconf 80' lang='lat' dir='ltr'>administrandi</span> <span class='ocrx_word' id='word_1_29' title='bbox 1132 1078 1296 1142; x_wconf 89' lang='lat' dir='ltr'>ratio</span> <span class='ocrx_word' id='word_1_30' title='bbox 1332 1077 1415 1142; x_wconf 90' lang='lat' dir='ltr'>ad</span> <span class='ocrx_word' id='word_1_31' title='bbox 1460 1099 1793 1142; x_wconf 85' lang='lat' dir='ltr'>summum</span> <span class='ocrx_word' id='word_1_32' title='bbox 1839 1078 2188 1167; x_wconf 82' lang='lat' dir='ltr'>quemdam</span> <span class='ocrx_word' id='word_1_33' title='bbox 2219 1078 2393 1159; x_wconf 83' lang='lat' dir='ltr'>judi-</span> 
     </span>
     <span class='ocr_line' id='line_1_7' title="bbox 265 1182 2397 1272; baseline 0 -25"><span class='ocrx_word' id='word_1_34' title='bbox 265 1205 440 1264; x_wconf 88' lang='lat' dir='ltr'>cem,</span> <span class='ocrx_word' id='word_1_35' title='bbox 474 1205 594 1247; x_wconf 91' lang='lat' dir='ltr'>seu</span> <span class='ocrx_word' id='word_1_36' title='bbox 623 1198 966 1272; x_wconf 79' lang='lat' dir='ltr'>proetorem</span> <span class='ocrx_word' id='word_1_37' title='bbox 1003 1183 1331 1269; x_wconf 80' lang='lat' dir='ltr'>pervenit,</span> <span class='ocrx_word' id='word_1_38' title='bbox 1367 1184 1482 1271; x_wconf 89' lang='lat' dir='ltr'>qui</span> <span class='ocrx_word' id='word_1_39' title='bbox 1510 1182 1733 1270; x_wconf 89' lang='lat' dir='ltr'>legum</span> <span class='ocrx_word' id='word_1_40' title='bbox 1756 1183 2108 1272; x_wconf 78' lang='lat' dir='ltr'>interpres,</span> <span class='ocrx_word' id='word_1_41' title='bbox 2143 1202 2397 1266; x_wconf 89' lang='lat' dir='ltr'>custos,</span> 
     </span>
     <span class='ocr_line' id='line_1_8' title="bbox 264 1287 2392 1376; baseline 0.001 -25"><span class='ocrx_word' id='word_1_42' title='bbox 264 1287 638 1352; x_wconf 84' lang='lat' dir='ltr'>administer</span> <span class='ocrx_word' id='word_1_43' title='bbox 681 1303 848 1352; x_wconf 89' lang='lat' dir='ltr'>esset</span> <span class='ocrx_word' id='word_1_44' title='bbox 895 1302 960 1351; x_wconf 93' lang='lat' dir='ltr'>et</span> <span class='ocrx_word' id='word_1_45' title='bbox 1005 1304 1420 1375; x_wconf 82' lang='lat' dir='ltr'>exsequutor.</span> <span class='ocrx_word' id='word_1_46' title='bbox 1473 1287 1599 1353; x_wconf 88' lang='lat' dir='ltr'>Sed</span> <span class='ocrx_word' id='word_1_47' title='bbox 1641 1311 1848 1376; x_wconf 90' lang='lat' dir='ltr'>quum</span> <span class='ocrx_word' id='word_1_48' title='bbox 1895 1306 2028 1353; x_wconf 84' lang='lat' dir='ltr'>tam</span> <span class='ocrx_word' id='word_1_49' title='bbox 2074 1292 2278 1354; x_wconf 90' lang='lat' dir='ltr'>multa</span> <span class='ocrx_word' id='word_1_50' title='bbox 2323 1289 2392 1354; x_wconf 93' lang='lat' dir='ltr'>in</span> 
     </span>
     <span class='ocr_line' id='line_1_9' title="bbox 263 1391 2390 1481; baseline 0 -23"><span class='ocrx_word' id='word_1_51' title='bbox 263 1416 417 1458; x_wconf 88' lang='lat' dir='ltr'>eum</span> <span class='ocrx_word' id='word_1_52' title='bbox 453 1393 828 1481; x_wconf 80' lang='lat' dir='ltr'>ingruerent</span> <span class='ocrx_word' id='word_1_53' title='bbox 860 1391 1149 1481; x_wconf 88' lang='lat' dir='ltr'>negotia,</span> <span class='ocrx_word' id='word_1_54' title='bbox 1183 1409 1261 1457; x_wconf 90' lang='lat' dir='ltr'>ut</span> <span class='ocrx_word' id='word_1_55' title='bbox 1302 1416 1518 1481; x_wconf 88' lang='lat' dir='ltr'>neque</span> <span class='ocrx_word' id='word_1_56' title='bbox 1552 1393 1729 1457; x_wconf 88' lang='lat' dir='ltr'>solus</span> <span class='ocrx_word' id='word_1_57' title='bbox 1767 1392 1849 1457; x_wconf 95' lang='lat' dir='ltr'>de</span> <span class='ocrx_word' id='word_1_58' title='bbox 1889 1394 1980 1458; x_wconf 87' lang='lat' dir='ltr'>eis</span> <span class='ocrx_word' id='word_1_59' title='bbox 2016 1393 2390 1476; x_wconf 87' lang='lat' dir='ltr'>decernere,</span> 
     </span>
     <span class='ocr_line' id='line_1_10' title="bbox 268 1497 2395 1586; baseline 0.001 -25"><span class='ocrx_word' id='word_1_60' title='bbox 268 1519 483 1584; x_wconf 90' lang='lat' dir='ltr'>neque</span> <span class='ocrx_word' id='word_1_61' title='bbox 515 1498 605 1563; x_wconf 92' lang='lat' dir='ltr'>eis</span> <span class='ocrx_word' id='word_1_62' title='bbox 636 1497 857 1562; x_wconf 89' lang='lat' dir='ltr'>adesse</span> <span class='ocrx_word' id='word_1_63' title='bbox 886 1514 1139 1586; x_wconf 88' lang='lat' dir='ltr'>posset,</span> <span class='ocrx_word' id='word_1_64' title='bbox 1171 1515 1331 1564; x_wconf 90' lang='lat' dir='ltr'>tunc</span> <span class='ocrx_word' id='word_1_65' title='bbox 1353 1497 1690 1579; x_wconf 85' lang='lat' dir='ltr'>judicandi</span> <span class='ocrx_word' id='word_1_66' title='bbox 1718 1521 1990 1563; x_wconf 89' lang='lat' dir='ltr'>munere</span> <span class='ocrx_word' id='word_1_67' title='bbox 2020 1499 2199 1563; x_wconf 83' lang='lat' dir='ltr'>alteri</span> <span class='ocrx_word' id='word_1_68' title='bbox 2228 1499 2395 1565; x_wconf 92' lang='lat' dir='ltr'>dele·</span> 
     </span>
     <span class='ocr_line' id='line_1_11' title="bbox 266 1602 2391 1693; baseline 0 -27"><span class='ocrx_word' id='word_1_69' title='bbox 266 1617 448 1691; x_wconf 88' lang='lat' dir='ltr'>gato,</span> <span class='ocrx_word' id='word_1_70' title='bbox 493 1618 837 1691; x_wconf 79' lang='lat' dir='ltr'>postquam</span> <span class='ocrx_word' id='word_1_71' title='bbox 876 1603 1013 1692; x_wconf 88' lang='lat' dir='ltr'>ipse</span> <span class='ocrx_word' id='word_1_72' title='bbox 1043 1602 1126 1668; x_wconf 92' lang='lat' dir='ltr'>de</span> <span class='ocrx_word' id='word_1_73' title='bbox 1157 1603 1304 1683; x_wconf 82' lang='lat' dir='ltr'>jure</span> <span class='ocrx_word' id='word_1_74' title='bbox 1335 1604 1777 1693; x_wconf 77' lang='lat' dir='ltr'>cognovisset,</span> <span class='ocrx_word' id='word_1_75' title='bbox 1815 1603 1997 1690; x_wconf 91' lang='lat' dir='ltr'>quod</span> <span class='ocrx_word' id='word_1_76' title='bbox 2026 1603 2109 1668; x_wconf 85' lang='lat' dir='ltr'>ad</span> <span class='ocrx_word' id='word_1_77' title='bbox 2149 1607 2391 1669; x_wconf 81' lang='lat' dir='ltr'>factum</span> 
     </span>
     <span class='ocr_line' id='line_1_12' title="bbox 266 1707 2395 1793; baseline 0.002 -24"><span class='ocrx_word' id='word_1_78' title='bbox 266 1707 629 1793; x_wconf 82' lang='lat' dir='ltr'>pertinebat</span> <span class='ocrx_word' id='word_1_79' title='bbox 676 1708 781 1772; x_wconf 88' lang='lat' dir='ltr'>alii</span> <span class='ocrx_word' id='word_1_80' title='bbox 822 1707 1089 1773; x_wconf 84' lang='lat' dir='ltr'>cuilibet</span> <span class='ocrx_word' id='word_1_81' title='bbox 1140 1707 1623 1773; x_wconf 87' lang='lat' dir='ltr'>decernendum</span> <span class='ocrx_word' id='word_1_82' title='bbox 1670 1709 2136 1775; x_wconf 85' lang='lat' dir='ltr'>committebat.</span> <span class='ocrx_word' id='word_1_83' title='bbox 2189 1710 2395 1773; x_wconf 78' lang='lat' dir='ltr'>luris·</span> 
     </span>
     <span class='ocr_line' id='line_1_13' title="bbox 267 1810 2395 1903; baseline 0.001 -28"><span class='ocrx_word' id='word_1_84' title='bbox 267 1810 466 1875; x_wconf 89' lang='lat' dir='ltr'>dictio</span> <span class='ocrx_word' id='word_1_85' title='bbox 503 1813 702 1901; x_wconf 89' lang='lat' dir='ltr'>igitur</span> <span class='ocrx_word' id='word_1_86' title='bbox 739 1813 1029 1902; x_wconf 83' lang='lat' dir='ltr'>praetoris</span> <span class='ocrx_word' id='word_1_87' title='bbox 1065 1814 1135 1877; x_wconf 89' lang='lat' dir='ltr'>in</span> <span class='ocrx_word' id='word_1_88' title='bbox 1172 1813 1433 1877; x_wconf 88' lang='lat' dir='ltr'>duobus</span> <span class='ocrx_word' id='word_1_89' title='bbox 1475 1815 1603 1879; x_wconf 84' lang='lat' dir='ltr'>fuit</span> <span class='ocrx_word' id='word_1_90' title='bbox 1634 1816 1878 1901; x_wconf 87' lang='lat' dir='ltr'>posita,</span> <span class='ocrx_word' id='word_1_91' title='bbox 1913 1831 1990 1880; x_wconf 91' lang='lat' dir='ltr'>ut</span> <span class='ocrx_word' id='word_1_92' title='bbox 2017 1838 2254 1903; x_wconf 89' lang='lat' dir='ltr'>nempe</span> <span class='ocrx_word' id='word_1_93' title='bbox 2278 1832 2395 1879; x_wconf 85' lang='lat' dir='ltr'>aut</span> 
     </span>
     <span class='ocr_line' id='line_1_14' title="bbox 266 1916 2392 2006; baseline 0.003 -29"><span class='ocrx_word' id='word_1_94' title='bbox 266 1916 405 2004; x_wconf 87' lang='lat' dir='ltr'>ipse</span> <span class='ocrx_word' id='word_1_95' title='bbox 427 1917 770 1999; x_wconf 82' lang='lat' dir='ltr'>judicaret,</span> <span class='ocrx_word' id='word_1_96' title='bbox 802 1917 983 2006; x_wconf 86' lang='lat' dir='ltr'>quod</span> <span class='ocrx_word' id='word_1_97' title='bbox 1025 1940 1286 2006; x_wconf 88' lang='lat' dir='ltr'>perraro</span> <span class='ocrx_word' id='word_1_98' title='bbox 1328 1919 1575 1998; x_wconf 81' lang='lat' dir='ltr'>evenit,</span> <span class='ocrx_word' id='word_1_99' title='bbox 1618 1936 1733 1982; x_wconf 89' lang='lat' dir='ltr'>aut</span> <span class='ocrx_word' id='word_1_100' title='bbox 1773 1919 2106 1998; x_wconf 86' lang='lat' dir='ltr'>judicandi</span> <span class='ocrx_word' id='word_1_101' title='bbox 2151 1943 2392 1985; x_wconf 88' lang='lat' dir='ltr'>munus</span> 
     </span>
     <span class='ocr_line' id='line_1_15' title="bbox 267 2021 2392 2112; baseline 0.003 -28"><span class='ocrx_word' id='word_1_102' title='bbox 267 2021 448 2086; x_wconf 84' lang='lat' dir='ltr'>alteri</span> <span class='ocrx_word' id='word_1_103' title='bbox 484 2021 827 2112; x_wconf 84' lang='lat' dir='ltr'>delegaret.</span> <span class='ocrx_word' id='word_1_104' title='bbox 864 2025 1091 2106; x_wconf 88' lang='lat' dir='ltr'>Quum</span> <span class='ocrx_word' id='word_1_105' title='bbox 1127 2023 1470 2105; x_wconf 86' lang='lat' dir='ltr'>judicavit,</span> <span class='ocrx_word' id='word_1_106' title='bbox 1516 2041 1659 2089; x_wconf 91' lang='lat' dir='ltr'>tum</span> <span class='ocrx_word' id='word_1_107' title='bbox 1702 2024 2059 2090; x_wconf 81' lang='lat' dir='ltr'>decrevisse</span> <span class='ocrx_word' id='word_1_108' title='bbox 2077 2074 2096 2109; x_wconf 92' lang='lat'>,</span> <span class='ocrx_word' id='word_1_109' title='bbox 2134 2042 2247 2090; x_wconf 90' lang='lat' dir='ltr'>aut</span> <span class='ocrx_word' id='word_1_110' title='bbox 2277 2025 2392 2090; x_wconf 90' lang='lat' dir='ltr'>de-</span> 
     </span>
     <span class='ocr_line' id='line_1_16' title="bbox 267 2128 2395 2219; baseline 0.002 -28"><span class='ocrx_word' id='word_1_111' title='bbox 267 2144 515 2192; x_wconf 88' lang='lat' dir='ltr'>cretum</span> <span class='ocrx_word' id='word_1_112' title='bbox 551 2129 1041 2219; x_wconf 86' lang='lat' dir='ltr'>interposuisse;</span> <span class='ocrx_word' id='word_1_113' title='bbox 1073 2153 1284 2218; x_wconf 85' lang='lat' dir='ltr'>quum</span> <span class='ocrx_word' id='word_1_114' title='bbox 1333 2128 1605 2215; x_wconf 86' lang='lat' dir='ltr'>judicari</span> <span class='ocrx_word' id='word_1_115' title='bbox 1651 2132 1879 2213; x_wconf 89' lang='lat' dir='ltr'>jussit,</span> <span class='ocrx_word' id='word_1_116' title='bbox 1919 2131 2204 2212; x_wconf 78' lang='lat' dir='ltr'>judicem</span> <span class='ocrx_word' id='word_1_117' title='bbox 2241 2132 2395 2196; x_wconf 83' lang='lat' dir='ltr'>dare</span> 
     </span>
     <span class='ocr_line' id='line_1_17' title="bbox 268 2233 623 2300; baseline 0.008 -3"><span class='ocrx_word' id='word_1_118' title='bbox 268 2233 475 2299; x_wconf 89' lang='lat' dir='ltr'>dictus</span> <span class='ocrx_word' id='word_1_119' title='bbox 506 2252 623 2300; x_wconf 87' lang='lat' dir='ltr'>est.</span> 
     </span>
    </p>

    <p class='ocr_par' dir='ltr' id='par_1_4' title="bbox 268 2340 2392 2955">
     <span class='ocr_line' id='line_1_18' title="bbox 351 2340 2389 2433; baseline 0 -27"><span class='ocrx_word' id='word_1_120' title='bbox 351 2341 580 2429; x_wconf 86' lang='lat' dir='ltr'>Neque</span> <span class='ocrx_word' id='word_1_121' title='bbox 613 2358 831 2407; x_wconf 86' lang='lat' dir='ltr'>autem</span> <span class='ocrx_word' id='word_1_122' title='bbox 861 2340 1109 2422; x_wconf 82' lang='lat' dir='ltr'>judices</span> <span class='ocrx_word' id='word_1_123' title='bbox 1128 2390 1147 2425; x_wconf 94' lang='lat'>,</span> <span class='ocrx_word' id='word_1_124' title='bbox 1180 2360 1260 2408; x_wconf 91' lang='lat' dir='ltr'>ut</span> <span class='ocrx_word' id='word_1_125' title='bbox 1289 2342 1466 2433; x_wconf 86' lang='lat' dir='ltr'>apud</span> <span class='ocrx_word' id='word_1_126' title='bbox 1498 2365 1656 2425; x_wconf 88' lang='lat' dir='ltr'>nos,</span> <span class='ocrx_word' id='word_1_127' title='bbox 1684 2364 1762 2408; x_wconf 83' lang='lat' dir='ltr'>ex</span> <span class='ocrx_word' id='word_1_128' title='bbox 1787 2358 1962 2408; x_wconf 91' lang='lat' dir='ltr'>certo</span> <span class='ocrx_word' id='word_1_129' title='bbox 1984 2365 2058 2408; x_wconf 91' lang='lat' dir='ltr'>ac</span> <span class='ocrx_word' id='word_1_130' title='bbox 2086 2342 2389 2433; x_wconf 86' lang='lat' dir='ltr'>peculiari</span> 
     </span>
     <span class='ocr_line' id='line_1_19' title="bbox 269 2441 2392 2537; baseline 0.002 -29"><span class='ocrx_word' id='word_1_131' title='bbox 269 2445 497 2509; x_wconf 89' lang='lat' dir='ltr'>ordine</span> <span class='ocrx_word' id='word_1_132' title='bbox 550 2448 960 2529; x_wconf 86' lang='lat' dir='ltr'>constabant,</span> <span class='ocrx_word' id='word_1_133' title='bbox 1011 2471 1295 2537; x_wconf 88' lang='lat' dir='ltr'>quorum</span> <span class='ocrx_word' id='word_1_134' title='bbox 1355 2441 1697 2537; x_wconf 87' lang='lat' dir='ltr'>proprium</span> <span class='ocrx_word' id='word_1_135' title='bbox 1754 2447 1918 2513; x_wconf 90' lang='lat' dir='ltr'>illud</span> <span class='ocrx_word' id='word_1_136' title='bbox 1967 2466 2104 2512; x_wconf 85' lang='lat' dir='ltr'>erat</span> <span class='ocrx_word' id='word_1_137' title='bbox 2159 2467 2239 2513; x_wconf 87' lang='lat' dir='ltr'>ut</span> <span class='ocrx_word' id='word_1_138' title='bbox 2285 2450 2392 2528; x_wconf 83' lang='lat' dir='ltr'>jus</span> 
     </span>
     <span class='ocr_line' id='line_1_20' title="bbox 268 2549 2389 2640; baseline 0.002 -26"><span class='ocrx_word' id='word_1_139' title='bbox 268 2549 815 2633; x_wconf 88' lang='lat' dir='ltr'>administrarent,</span> <span class='ocrx_word' id='word_1_140' title='bbox 843 2574 1057 2640; x_wconf 89' lang='lat' dir='ltr'>neque</span> <span class='ocrx_word' id='word_1_141' title='bbox 1076 2577 1390 2640; x_wconf 86' lang='lat' dir='ltr'>umquam</span> <span class='ocrx_word' id='word_1_142' title='bbox 1413 2577 1491 2617; x_wconf 80' lang='lat' dir='ltr'>ex</span> <span class='ocrx_word' id='word_1_143' title='bbox 1515 2555 1627 2617; x_wconf 81' lang='lat' dir='ltr'>illo</span> <span class='ocrx_word' id='word_1_144' title='bbox 1653 2576 1925 2617; x_wconf 89' lang='lat' dir='ltr'>munere</span> <span class='ocrx_word' id='word_1_145' title='bbox 1952 2571 2389 2619; x_wconf 80' lang='lat' dir='ltr'>moverentur.</span> 
     </span>
     <span class='ocr_line' id='line_1_21' title="bbox 273 2655 2392 2748; baseline 0.002 -30"><span class='ocrx_word' id='word_1_146' title='bbox 273 2655 511 2719; x_wconf 85' lang='lat' dir='ltr'>Privati</span> <span class='ocrx_word' id='word_1_147' title='bbox 544 2656 785 2721; x_wconf 87' lang='lat' dir='ltr'>scilicet</span> <span class='ocrx_word' id='word_1_148' title='bbox 815 2673 1000 2721; x_wconf 79' lang='lat' dir='ltr'>erant</span> <span class='ocrx_word' id='word_1_149' title='bbox 1045 2658 1344 2723; x_wconf 90' lang='lat' dir='ltr'>homines</span> <span class='ocrx_word' id='word_1_150' title='bbox 1360 2705 1379 2733; x_wconf 90' lang='lat'><strong>‚</strong></span> <span class='ocrx_word' id='word_1_151' title='bbox 1414 2659 1529 2746; x_wconf 82' lang='lat' dir='ltr'>qui</span> <span class='ocrx_word' id='word_1_152' title='bbox 1561 2681 1640 2722; x_wconf 81' lang='lat' dir='ltr'>ex</span> <span class='ocrx_word' id='word_1_153' title='bbox 1669 2659 1940 2748; x_wconf 81' lang='lat' dir='ltr'>egregiis</span> <span class='ocrx_word' id='word_1_154' title='bbox 1972 2658 2201 2723; x_wconf 77' lang='lat' dir='ltr'>delecti</span> <span class='ocrx_word' id='word_1_155' title='bbox 2234 2660 2392 2722; x_wconf 85' lang='lat' dir='ltr'>civi-</span> 
     </span>
     <span class='ocr_line' id='line_1_22' title="bbox 269 2760 2390 2856; baseline 0.001 -31"><span class='ocrx_word' id='word_1_156' title='bbox 269 2761 424 2843; x_wconf 89' lang='lat' dir='ltr'>bus,</span> <span class='ocrx_word' id='word_1_157' title='bbox 457 2760 542 2826; x_wconf 86' lang='lat' dir='ltr'>ad</span> <span class='ocrx_word' id='word_1_158' title='bbox 576 2778 832 2849; x_wconf 88' lang='lat' dir='ltr'>tempus</span> <span class='ocrx_word' id='word_1_159' title='bbox 865 2760 947 2825; x_wconf 89' lang='lat' dir='ltr'>de</span> <span class='ocrx_word' id='word_1_160' title='bbox 980 2763 1218 2828; x_wconf 84' lang='lat' dir='ltr'>civium</span> <span class='ocrx_word' id='word_1_161' title='bbox 1249 2764 1558 2846; x_wconf 74' lang='lat' dir='ltr'>fortuniS,</span> <span class='ocrx_word' id='word_1_162' title='bbox 1597 2788 1672 2829; x_wconf 83' lang='lat' dir='ltr'>ex</span> <span class='ocrx_word' id='word_1_163' title='bbox 1707 2765 2001 2856; x_wconf 80' lang='lat' dir='ltr'>praetoris</span> <span class='ocrx_word' id='word_1_164' title='bbox 2031 2765 2350 2830; x_wconf 88' lang='lat' dir='ltr'>sententia</span> <span class='ocrx_word' id='word_1_165' title='bbox 2372 2814 2390 2846; x_wconf 94' lang='lat'>,</span> 
     </span>
     <span class='ocr_line' id='line_1_23' title="bbox 269 2866 2392 2955; baseline 0.001 -25"><span class='ocrx_word' id='word_1_166' title='bbox 269 2866 735 2950; x_wconf 85' lang='lat' dir='ltr'>decernebant;</span> <span class='ocrx_word' id='word_1_167' title='bbox 772 2889 939 2955; x_wconf 90' lang='lat' dir='ltr'>quos</span> <span class='ocrx_word' id='word_1_168' title='bbox 959 2869 1206 2955; x_wconf 87' lang='lat' dir='ltr'>optime</span> <span class='ocrx_word' id='word_1_169' title='bbox 1229 2869 1466 2933; x_wconf 86' lang='lat' dir='ltr'>nostris</span> <span class='ocrx_word' id='word_1_170' title='bbox 1489 2869 1717 2948; x_wconf 83' lang='lat' dir='ltr'>juratis</span> <span class='ocrx_word' id='word_1_171' title='bbox 1749 2870 1986 2935; x_wconf 86' lang='lat' dir='ltr'>similes</span> <span class='ocrx_word' id='word_1_172' title='bbox 2019 2869 2392 2934; x_wconf 81' lang='lat' dir='ltr'>dixerimus.</span> 
     </span>
    </p>

    <p class='ocr_par' dir='ltr' id='par_1_5' title="bbox 193 2973 2397 3884">
     <span class='ocr_line' id='line_1_24' title="bbox 359 2973 2393 3060; baseline 0.001 -24"><span class='ocrx_word' id='word_1_173' title='bbox 359 2973 603 3037; x_wconf 84' lang='lat' dir='ltr'>Praetor</span> <span class='ocrx_word' id='word_1_174' title='bbox 629 2989 882 3054; x_wconf 79' lang='lat' dir='ltr'>autem,</span> <span class='ocrx_word' id='word_1_175' title='bbox 911 2973 1184 3060; x_wconf 88' lang='lat' dir='ltr'>imperio</span> <span class='ocrx_word' id='word_1_176' title='bbox 1214 2974 1407 3038; x_wconf 90' lang='lat' dir='ltr'>simul</span> <span class='ocrx_word' id='word_1_177' title='bbox 1442 2998 1517 3039; x_wconf 91' lang='lat' dir='ltr'>ac</span> <span class='ocrx_word' id='word_1_178' title='bbox 1541 2976 2025 3059; x_wconf 85' lang='lat' dir='ltr'>jurisdictione,</span> <span class='ocrx_word' id='word_1_179' title='bbox 2071 2999 2188 3040; x_wconf 88' lang='lat' dir='ltr'>seu</span> <span class='ocrx_word' id='word_1_180' title='bbox 2218 2975 2393 3055; x_wconf 86' lang='lat' dir='ltr'>judi-</span> 
     </span>
     <span class='ocr_line' id='line_1_25' title="bbox 270 3077 2395 3170; baseline 0.002 -28"><span class='ocrx_word' id='word_1_181' title='bbox 270 3077 457 3142; x_wconf 88' lang='lat' dir='ltr'>candi</span> <span class='ocrx_word' id='word_1_182' title='bbox 492 3078 682 3142; x_wconf 83' lang='lat' dir='ltr'>simul</span> <span class='ocrx_word' id='word_1_183' title='bbox 714 3094 781 3141; x_wconf 89' lang='lat' dir='ltr'>et</span> <span class='ocrx_word' id='word_1_184' title='bbox 817 3078 1208 3166; x_wconf 84' lang='lat' dir='ltr'>exsequendi</span> <span class='ocrx_word' id='word_1_185' title='bbox 1244 3096 1560 3168; x_wconf 86' lang='lat' dir='ltr'>potestate</span> <span class='ocrx_word' id='word_1_186' title='bbox 1603 3082 1853 3170; x_wconf 89' lang='lat' dir='ltr'>legibus</span> <span class='ocrx_word' id='word_1_187' title='bbox 1894 3082 2040 3146; x_wconf 87' lang='lat' dir='ltr'>data</span> <span class='ocrx_word' id='word_1_188' title='bbox 2072 3083 2395 3147; x_wconf 88' lang='lat' dir='ltr'>utebatur.</span> 
     </span>
     <span class='ocr_line' id='line_1_26' title="bbox 269 3182 2393 3274; baseline 0.002 -28"><span class='ocrx_word' id='word_1_189' title='bbox 269 3184 441 3247; x_wconf 82' lang='lat' dir='ltr'>Tum</span> <span class='ocrx_word' id='word_1_190' title='bbox 473 3182 988 3262; x_wconf 86' lang='lat' dir='ltr'>jurisdictionem</span> <span class='ocrx_word' id='word_1_191' title='bbox 1032 3186 1395 3267; x_wconf 79' lang='lat' dir='ltr'>exercebat,</span> <span class='ocrx_word' id='word_1_192' title='bbox 1428 3209 1635 3273; x_wconf 87' lang='lat' dir='ltr'>quum</span> <span class='ocrx_word' id='word_1_193' title='bbox 1678 3186 1941 3251; x_wconf 85' lang='lat' dir='ltr'>definita</span> <span class='ocrx_word' id='word_1_194' title='bbox 1986 3189 2271 3274; x_wconf 87' lang='lat' dir='ltr'>primum</span> <span class='ocrx_word' id='word_1_195' title='bbox 2318 3210 2393 3250; x_wconf 86' lang='lat' dir='ltr'>ex</span> 
     </span>
     <span class='ocr_line' id='line_1_27' title="bbox 264 3288 2393 3380; baseline 0.002 -28"><span class='ocrx_word' id='word_1_196' title='bbox 264 3289 410 3369; x_wconf 87' lang='lat' dir='ltr'>jure</span> <span class='ocrx_word' id='word_1_197' title='bbox 446 3288 572 3352; x_wconf 89' lang='lat' dir='ltr'>litis</span> <span class='ocrx_word' id='word_1_198' title='bbox 618 3288 1062 3370; x_wconf 88' lang='lat' dir='ltr'>ordinatione,</span> <span class='ocrx_word' id='word_1_199' title='bbox 1112 3288 1348 3355; x_wconf 86' lang='lat' dir='ltr'>deinde</span> <span class='ocrx_word' id='word_1_200' title='bbox 1373 3290 1658 3372; x_wconf 82' lang='lat' dir='ltr'>judicem</span> <span class='ocrx_word' id='word_1_201' title='bbox 1696 3290 1877 3355; x_wconf 88' lang='lat' dir='ltr'>daret</span> <span class='ocrx_word' id='word_1_202' title='bbox 1908 3294 2024 3380; x_wconf 90' lang='lat' dir='ltr'>qui</span> <span class='ocrx_word' id='word_1_203' title='bbox 2059 3291 2139 3355; x_wconf 90' lang='lat' dir='ltr'>de</span> <span class='ocrx_word' id='word_1_204' title='bbox 2173 3314 2247 3356; x_wconf 89' lang='lat' dir='ltr'>ea</span> <span class='ocrx_word' id='word_1_205' title='bbox 2283 3314 2393 3355; x_wconf 91' lang='lat' dir='ltr'>co-</span> 
     </span>
     <span class='ocr_line' id='line_1_28' title="bbox 193 3396 2392 3480; baseline 0.001 -24"><span class='ocrx_word' id='word_1_206' title='bbox 193 3399 200 3404; x_wconf 83' lang='lat'><em>&#39;</em></span> <span class='ocrx_word' id='word_1_207' title='bbox 272 3409 610 3480; x_wconf 82' lang='lat' dir='ltr'>gnosceret</span> <span class='ocrx_word' id='word_1_208' title='bbox 639 3417 715 3458; x_wconf 88' lang='lat' dir='ltr'>ac</span> <span class='ocrx_word' id='word_1_209' title='bbox 745 3396 1129 3459; x_wconf 80' lang='lat' dir='ltr'>sententiam</span> <span class='ocrx_word' id='word_1_210' title='bbox 1168 3396 1383 3460; x_wconf 86' lang='lat' dir='ltr'>ferret.</span> <span class='ocrx_word' id='word_1_211' title='bbox 1428 3398 1522 3460; x_wconf 85' lang='lat' dir='ltr'>Re</span> <span class='ocrx_word' id='word_1_212' title='bbox 1551 3420 1708 3461; x_wconf 81' lang='lat' dir='ltr'>vero</span> <span class='ocrx_word' id='word_1_213' title='bbox 1729 3396 2039 3479; x_wconf 85' lang='lat' dir='ltr'>judicata,</span> <span class='ocrx_word' id='word_1_214' title='bbox 2081 3398 2215 3476; x_wconf 84' lang='lat' dir='ltr'>jam</span> <span class='ocrx_word' id='word_1_215' title='bbox 2243 3419 2392 3460; x_wconf 85' lang='lat' dir='ltr'>sen-</span> 
     </span>
     <span class='ocr_line' id='line_1_29' title="bbox 276 3499 2397 3591; baseline 0.001 -29"><span class='ocrx_word' id='word_1_216' title='bbox 276 3500 487 3562; x_wconf 84' lang='lat' dir='ltr'>tentiae</span> <span class='ocrx_word' id='word_1_217' title='bbox 517 3499 939 3587; x_wconf 67' lang='lat' dir='ltr'>exsequendae</span> <span class='ocrx_word' id='word_1_218' title='bbox 968 3517 1247 3590; x_wconf 85' lang='lat' dir='ltr'>potestas</span> <span class='ocrx_word' id='word_1_219' title='bbox 1289 3500 1370 3565; x_wconf 88' lang='lat' dir='ltr'>ad</span> <span class='ocrx_word' id='word_1_220' title='bbox 1410 3520 1749 3590; x_wconf 79' lang='lat' dir='ltr'>praetorem</span> <span class='ocrx_word' id='word_1_221' title='bbox 1795 3504 2193 3591; x_wconf 90' lang='lat' dir='ltr'>pertinebat,</span> <span class='ocrx_word' id='word_1_222' title='bbox 2243 3503 2353 3590; x_wconf 93' lang='lat' dir='ltr'>qui</span> <span class='ocrx_word' id='word_1_223' title='bbox 2377 3551 2397 3583; x_wconf 93' lang='lat'>,</span> 
     </span>
     <span class='ocr_line' id='line_1_30' title="bbox 273 3607 2397 3699; baseline 0.003 -31"><span class='ocrx_word' id='word_1_224' title='bbox 273 3607 326 3668; x_wconf 84' lang='lat' dir='ltr'>si</span> <span class='ocrx_word' id='word_1_225' title='bbox 375 3629 523 3670; x_wconf 87' lang='lat' dir='ltr'>reus</span> <span class='ocrx_word' id='word_1_226' title='bbox 567 3607 741 3672; x_wconf 83' lang='lat' dir='ltr'>ultro</span> <span class='ocrx_word' id='word_1_227' title='bbox 789 3631 1012 3695; x_wconf 88' lang='lat' dir='ltr'>parere</span> <span class='ocrx_word' id='word_1_228' title='bbox 1056 3626 1408 3690; x_wconf 86' lang='lat' dir='ltr'>recusaret,</span> <span class='ocrx_word' id='word_1_229' title='bbox 1453 3627 1628 3692; x_wconf 91' lang='lat' dir='ltr'>tum,</span> <span class='ocrx_word' id='word_1_230' title='bbox 1680 3635 1758 3676; x_wconf 84' lang='lat' dir='ltr'>ex</span> <span class='ocrx_word' id='word_1_231' title='bbox 1801 3613 2105 3699; x_wconf 88' lang='lat' dir='ltr'>imperio,</span> <span class='ocrx_word' id='word_1_232' title='bbox 2148 3612 2216 3674; x_wconf 93' lang='lat' dir='ltr'>in</span> <span class='ocrx_word' id='word_1_233' title='bbox 2259 3611 2397 3690; x_wconf 89' lang='lat' dir='ltr'>ejus</span> 
     </span>
     <span class='ocr_line' id='line_1_31' title="bbox 272 3711 2395 3806; baseline 0.005 -34"><span class='ocrx_word' id='word_1_234' title='bbox 272 3711 445 3774; x_wconf 88' lang='lat' dir='ltr'>bona</span> <span class='ocrx_word' id='word_1_235' title='bbox 488 3712 826 3799; x_wconf 89' lang='lat' dir='ltr'>petitorem</span> <span class='ocrx_word' id='word_1_236' title='bbox 862 3714 1266 3782; x_wconf 75' lang='lat' dir='ltr'>immittebat.</span> <span class='ocrx_word' id='word_1_237' title='bbox 1306 3716 1550 3781; x_wconf 90' lang='lat' dir='ltr'>Verum</span> <span class='ocrx_word' id='word_1_238' title='bbox 1595 3741 1670 3784; x_wconf 89' lang='lat' dir='ltr'>ea</span> <span class='ocrx_word' id='word_1_239' title='bbox 1720 3719 1914 3782; x_wconf 88' lang='lat' dir='ltr'>nobis</span> <span class='ocrx_word' id='word_1_240' title='bbox 1957 3718 2161 3782; x_wconf 90' lang='lat' dir='ltr'>serius</span> <span class='ocrx_word' id='word_1_241' title='bbox 2210 3739 2395 3806; x_wconf 89' lang='lat' dir='ltr'>repe-</span> 
     </span>
     <span class='ocr_line' id='line_1_32' title="bbox 278 3815 868 3884; baseline 0.008 -6"><span class='ocrx_word' id='word_1_242' title='bbox 278 3815 471 3880; x_wconf 84' lang='lat' dir='ltr'>tenda</span> <span class='ocrx_word' id='word_1_243' title='bbox 504 3834 868 3884; x_wconf 88' lang='lat' dir='ltr'>occurrent.</span> 
     </span>
    </p>
   </div>
   <div class='ocr_carea' id='block_1_3' title="bbox 597 3977 2064 4072">
    <p class='ocr_par' dir='ltr' id='par_1_6' title="bbox 597 3977 2064 4072">
     <span class='ocr_line' id='line_1_33' title="bbox 597 3977 2064 4072; baseline 0.004 -35"><span class='ocrx_word' id='word_1_244' title='bbox 597 3985 627 4050; x_wconf 76' lang='lat'>5</span> <span class='ocrx_word' id='word_1_245' title='bbox 667 3999 718 4038; x_wconf 88' lang='lat'>1.</span> <span class='ocrx_word' id='word_1_246' title='bbox 769 3977 843 4040; x_wconf 83' lang='lat' dir='ltr'>In</span> <span class='ocrx_word' id='word_1_247' title='bbox 862 3980 1014 4064; x_wconf 81' lang='lat' dir='ltr'>J&#39;ure</span> <span class='ocrx_word' id='word_1_248' title='bbox 1028 4027 1050 4058; x_wconf 90' lang='lat'>,</span> <span class='ocrx_word' id='word_1_249' title='bbox 1083 4003 1191 4044; x_wconf 80' lang='lat' dir='ltr'>seu</span> <span class='ocrx_word' id='word_1_250' title='bbox 1222 3997 1372 4046; x_wconf 82' lang='lat' dir='ltr'>ante</span> <span class='ocrx_word' id='word_1_251' title='bbox 1388 3995 1728 4072; x_wconf 81' lang='lat' dir='ltr'>proetorem</span> <span class='ocrx_word' id='word_1_252' title='bbox 1768 3982 2064 4070; x_wconf 68' lang='lat' dir='ltr'>lmgatio.</span> 
     </span>
    </p>
   </div>
   <div class='ocr_carea' id='block_1_4' title="bbox 364 4114 2401 4206">
    <p class='ocr_par' dir='ltr' id='par_1_7' title="bbox 364 4114 2401 4206">
     <span class='ocr_line' id='line_1_34' title="bbox 364 4114 2401 4206; baseline 0.002 -28"><span class='ocrx_word' id='word_1_253' title='bbox 364 4117 420 4179; x_wconf 79' lang='lat' dir='ltr'>A</span> <span class='ocrx_word' id='word_1_254' title='bbox 454 4115 600 4178; x_wconf 84' lang='lat' dir='ltr'>sella</span> <span class='ocrx_word' id='word_1_255' title='bbox 628 4114 833 4180; x_wconf 84' lang='lat' dir='ltr'>curuli</span> <span class='ocrx_word' id='word_1_256' title='bbox 858 4117 923 4180; x_wconf 91' lang='lat' dir='ltr'>in</span> <span class='ocrx_word' id='word_1_257' title='bbox 951 4140 1109 4204; x_wconf 84' lang='lat' dir='ltr'>qua,</span> <span class='ocrx_word' id='word_1_258' title='bbox 1146 4143 1349 4206; x_wconf 88' lang='lat' dir='ltr'>quum</span> <span class='ocrx_word' id='word_1_259' title='bbox 1377 4121 1891 4201; x_wconf 82' lang='lat' dir='ltr'>jurisdictionem</span> <span class='ocrx_word' id='word_1_260' title='bbox 1921 4135 2271 4200; x_wconf 79' lang='lat' dir='ltr'>exerceret,</span> <span class='ocrx_word' id='word_1_261' title='bbox 2311 4143 2401 4183; x_wconf 84' lang='lat' dir='ltr'>se-</span> 
     </span>
    </p>
   </div>
  </div>
 </body>
</html>
