3044 4788
684 423 798 493 IN
842 422 1289 491 VERREM.
1324 420 1541 490 ACT.
1588 424 1704 507 II,
1753 424 1944 491 LIB.
1995 424 2050 492 Ι.
2296 418 2436 492 315

299 547 505 620 fumo
538 548 1030 617 excruciatum
1054 598 1074 633 ‚
1116 544 1538 623 semivivum
1567 542 1880 640 reliquit.
1920 549 2075 615 Jam
2112 567 2272 640 quae
2307 546 2441 614 iste

298 659 535 755 signa,
570 678 752 752 quas
802 652 1080 725 tabulas
1125 654 1357 752 pictas
1397 679 1487 725 ex
1532 653 1801 725 Achaia
1836 655 2245 742 sustulerit,
2283 680 2438 725 uon

299 766 531 839 dicam
573 765 716 837 hoc
747 764 959 836 loco:
998 778 1107 835 est
1142 761 1374 843 alius⁶
1411 763 1591 841 mihi
1632 763 1833 837 locus
1872 763 1962 836 ad
2006 764 2194 835 hanc
2236 765 2440 836 istius

300 876 768 974 cupiditatem
818 874 1459 951 demonstrandam
1506 866 1900 947 servatum.
1964 875 2263 947 Athenis
2318 900 2441 946 au-

301 988 506 1059 distis
546 1012 638 1058 ex
685 985 836 1057 aede
874 982 1255 1056 Minervae⁸
1287 985 1559 1084 grande
1595 986 1751 1060 auri
1777 984 2066 1082 pondus
2090 983 2443 1071 ablatum3

305 1097 588 1170 dictum
637 1097 778 1169 hoc
834 1111 943 1168 est
996 1098 1071 1166 in
1115 1100 1245 1167 Cn.
1293 1094 1687 1167 Dolabellae
1736 1096 2011 1190 judicio
2052 1121 2068 1165 t
2122 1092 2442 1166 dictum?

304 1211 523 1280 etiam
559 1208 987 1281 aestimatum
1003 1216 1057 1275 9.
1103 1206 1340 1301 Hujus
1374 1206 1654 1277 consilii
1692 1231 1843 1277 non
1891 1204 2116 1277 modo
2156 1206 2446 1302 partici-

304 1342 469 1416 pem
507 1320 583 1387 C.
616 1319 956 1401 Verrem,
999 1316 1125 1387 sed
1164 1319 1571 1415 principem
1606 1314 1821 1387 fuisse
1852 1318 2248 1413 reperietis

406 1431 663 1498 XVIII.
705 1426 970 1501 Delum
1010 1429 1253 1505 venit:
1290 1425 1390 1497 ibi
1427 1450 1515 1498 ex
1560 1424 1730 1498 fano
1771 1426 2125 1523 Apollinis
2161 1426 2448 1523 religio-

310 1538 592 1609 sissimo
636 1550 858 1610 noctu
897 1535 1081 1606 clam
1128 1535 1416 1607 sustulit
1457 1540 1663 1634 signa
1705 1535 2193 1633 pulcherrima
2228 1551 2448 1633 atque

312 1647 842 1743 antiquissima3
881 1670 1112 1742 eaque
1157 1650 1233 1716 in
1276 1650 1682 1716 onerariam
1732 1669 1994 1717 navem
2030 1670 2234 1716 suam
2271 1670 2446 1716 con-

309 1757 621 1853 jicienda
655 1756 950 1826 curavit.
995 1754 1344 1827 Postridie
1376 1779 1609 1852 quum
1647 1754 1898 1826 fanum
1929 1754 2315 1850 spoliatum
2350 1758 2450 1824 vi-

312 1869 584 1950 derent„
613 1871 700 1957 ii,
742 1870 871 1965 qui
908 1869 1174 1939 Delum
1215 1867 1665 1954 incolebant,
1715 1869 2027 1964 graviter
2073 1866 2445 1940 ferebant:

311 1996 421 2053 est
457 1981 652 2051 enim
688 1992 887 2050 tanta
926 1977 1119 2075 apud
1166 2003 1290 2053 eos
1332 1978 1488 2073 ejus
1526 1975 1672 2048 fani
1717 1978 1969 2074 religio
2006 1993 2224 2076 atque
2262 1979 2451 2048 anti-

310 2092 582 2190 quitaS,
643 2104 727 2162 ut
769 2091 845 2159 in
895 2112 984 2167 eo
1025 2088 1190 2163 loco
1244 2094 1487 2187 ipsum
1540 2089 1945 2188 Apollinem
1998 2104 2252 2161 natum
2297 2114 2452 2160 esse

309 2202 800 2274 arbitrentur:
840 2199 1149 2273 verbum
1186 2215 1425 2275 tamen
1455 2197 1688 2273 facere
1722 2226 1874 2271 nou
1911 2199 2279 2271 audebant
2302 2253 2321 2284 ‚
2360 2224 2455 2270 ne

310 2312 502 2388 forte
558 2338 642 2384 ea
688 2337 803 2384 res
859 2310 948 2382 ad
1005 2310 1456 2383 Dolabellam
1513 2317 1754 2410 ipsum
1804 2316 2217 2411 pertineret.
2268 2315 2453 2382 Tum

312 2425 557 2498 subito
593 2441 1052 2523 tempestates
1098 2439 1361 2497 coortae
1398 2439 1571 2496 sunt
1609 2425 1972 2511 maximae,
2007 2421 2327 2518 judices,
2371 2436 2457 2493 ut

312 2560 469 2605 non
518 2532 742 2604 modo
783 2534 1174 2633 proficisci,
1228 2560 1460 2633 quum
1509 2548 1847 2633 cuperet,
1888 2531 2264 2609 Dolabella
2305 2558 2456 2603 non

316 2659 563 2743 posset
585 2698 604 2732 ‚
634 2642 761 2714 sed
785 2647 904 2715 vix
932 2650 1005 2716 in
1039 2645 1313 2744 oppido
1336 2657 1357 2688 ¹
1402 2649 1829 2717 consisteret
1864 2671 1878 2714 ε
1908 2644 2007 2714 ita
2047 2646 2285 2740 magni
2323 2643 2455 2714 flu·

315 2768 476 2826 ctus
497 2754 981 2850 ejiciebantur.
1014 2757 1145 2828 Hic
1166 2757 1368 2828 navis
1397 2756 1516 2827 illa
1547 2751 1906 2852 praedonis
1928 2754 2160 2840 istius,
2193 2766 2458 2823 onusta

318 2865 538 2961 signis
559 2865 908 2962 religiosis
924 2919 943 2950 ‚
968 2867 1265 2963 expulsa
1293 2880 1511 2965 atque
1534 2866 1762 2961 ejecta
1780 2865 2033 2955 fluctu,
2060 2863 2452 2963 frangitur:

323 2977 401 3046 in
439 2976 645 3046 litore
685 2977 888 3072 signa
920 2975 1040 3047 illa
1075 2977 1425 3076 Apollinis
1468 2979 1964 3075 reperiuntur3
1995 2978 2200 3073 jussu
2237 2975 2456 3046 Dola-

392 3125 443 3172 6.
462 3125 547 3171 Est
563 3125 708 3172 alius.
727 3127 784 3171 ln
804 3124 995 3186 judicio
1014 3124 1076 3173 de
1092 3125 1346 3188 peculatu,
1424 3136 1638 3189 paratus
1648 3142 1670 3182 ,·
1703 3124 1929 3173 nonnulli
1950 3123 2029 3172 alii
2045 3159 2060 3183 ,
2099 3134 2378 3173 roser-meus.
2407 3124 2457 3172 J.

320 3202 495 3251 sibine
509 3204 740 3262 evaserim
770 3220 872 3252 non
888 3221 1038 3264 vero,
1072 3214 1127 3252 ut
1155 3206 1349 3270 putavit
1433 3205 1499 3253 V.
1525 3207 1579 3253 L.

319 3284 595 3340 Asconius,
629 3283 683 3331 in
716 3282 847 3331 libro
880 3282 940 3331 de
966 3284 1126 3348 Signis
1142 3319 1158 3345 ,
1194 3299 1346 3347 quum
1507 3286 1555 3332 8.
1577 3283 1706 3332 AEde
1731 3282 1982 3331 Minerva.
2008 3285 2168 3346 Quam
2188 3282 2460 3330 Partheno-

320 3363 374 3410 in
409 3378 470 3411 eo
507 3361 568 3409 de
609 3361 788 3410 tabulis
824 3379 885 3410 ex
919 3363 1104 3411 Achaia
1141 3360 1348 3412 sublatis
1436 3349 1548 3411 nem
1589 3351 1752 3412 Groeci
1791 3363 2066 3422 vocabant,
2108 3379 2136 3411 a
2177 3361 2364 3411 Pericle
2408 3362 2462 3410 in

320 3441 525 3490 verbum
571 3441 758 3488 nullum
798 3440 897 3491 fiat.
955 3443 1035 3491 Sic
1077 3443 1347 3491 Manutius.
1436 3460 1547 3494 arce
1572 3453 1884 3493 exstructam.

320 3519 594 3570 Contendit
621 3531 780 3569 autem
809 3521 1047 3569 Fert-atius
1069 3522 1130 3570 de
1155 3522 1254 3570 hoc
1280 3522 1352 3569 ul·
1509 3539 1565 3586 9.
1590 3523 1923 3572 AEseimaeum.
1957 3521 2223 3572 Dolabella
2252 3521 2467 3586 imputa-

322 3601 446 3648 timo
478 3599 607 3647 libro
642 3599 724 3647 hic
756 3601 865 3665 agi,
907 3617 1060 3665 quum
1096 3602 1351 3666 promittat
1438 3612 1571 3659 tum,
1609 3603 1677 3650 ita
1717 3612 1776 3651 ut
1815 3602 2045 3650 damnato
2085 3601 2159 3649 illi
2193 3600 2339 3649 fuerit
2374 3600 2470 3648 sol·

323 3689 504 3738 orator,
531 3696 581 3727 se
606 3679 837 3727 nimirum
870 3679 1001 3727 hanc
1019 3684 1186 3729 Verris
1213 3681 1349 3745 cupi·
1437 3681 1670 3730 vendum.

323 3759 523 3807 ditarem
544 3757 988 3807 demonstraturum
1004 3792 1021 3817 ‚
1058 3776 1217 3824 neque
1234 3761 1348 3810 idco
1508 3763 1699 3809 xvm.
1739 3778 1784 3809 1.
1821 3763 1884 3808 In
1920 3760 2117 3825 oppido.
2157 3762 2281 3808 Rem
2318 3773 2466 3823 supra

324 3837 386 3886 de
422 3837 649 3886 Achaicis
683 3836 836 3900 signia
871 3836 1011 3899 loqui
1047 3839 1224 3886 Siciliae
1264 3856 1349 3904 pa·
1436 3840 1641 3888 modum
1661 3851 1807 3904 auget
1827 3852 2013 3889 orator.
2041 3840 2157 3888 Non
2180 3841 2308 3887 enim
2334 3837 2467 3885 veri-

323 3928 471 3966 trono
494 3932 688 3965 necesse
716 3916 780 3966 sit
800 3949 816 3974 ‚
854 3931 1005 3978 quum
1042 3933 1104 3964 ex
1131 3917 1272 3967 istius
1299 3921 1352 3967 in
1437 3919 1596 3967 simile
1619 3930 1692 3966 est
1718 3921 1901 3984 ejectos
1920 3919 2068 3968 fuisse
2099 3919 2281 3968 fluctus
2308 3918 2361 3964 in
2383 3933 2470 3980 op-

322 3995 420 4043 hoc
437 4011 610 4058 genere
636 3995 781 4042 furtis
806 3995 946 4043 facile
972 4008 1205 4060 appareat
1230 3998 1351 4062 quid
1436 3999 1608 4063 pidum
1623 4031 1639 4058 ‚
1661 4000 1797 4062 quod
1817 4000 1869 4047 in
1893 3999 2051 4048 media
2074 3997 2228 4047 insula
2250 3998 2466 4063 positum

325 4073 377 4120 in
404 4073 510 4121 aliis
540 4074 811 4138 provinciis
837 4074 1019 4123 fecerit.
1439 4088 1542 4126 erat
1576 4077 1639 4126 ad
1673 4078 1861 4127 radices
1893 4079 2098 4143 cynthii
2122 4077 2337 4135 montis,
2371 4073 2466 4122 nisi

404 4168 449 4215 7.
473 4154 593 4200 Tres
615 4151 766 4200 codd.
780 4151 915 4216 apud
934 4152 1247 4215 Lambinum,
1273 4172 1349 4203 se·
1440 4157 1570 4204 forte
1598 4167 1714 4205 tunc
1744 4168 1884 4204 terrae
1912 4157 2059 4204 fucrit
2083 4166 2261 4204 motus.
