3044 4788
690 408 804 476 IN
854 408 941 496 Q.
989 405 1532 474 CAECILIUM
1583 403 2150 473 DIVINATIO.
2358 430 2483 500 ¹9¹

362 551 615 604 omnes
650 552 805 601 sese
847 525 989 598 hoc
1033 550 1182 597 uno
1217 539 1524 621 praetore
1570 547 1704 630 per
1735 525 2205 596 triennium¹¹
2253 541 2495 625 pertu-

362 641 524 716 lisse
551 666 567 708 :
595 662 849 736 rogare
881 647 942 679 ¹²
975 651 1049 709 et
1079 659 1284 710 orare
1303 689 1322 723 ,
1350 658 1444 708 ne
1469 633 1630 704 illos
1655 635 2015 732 supplices
2044 661 2491 734 aspernarer,

364 774 583 847 quos,
612 774 728 820 me
773 747 1158 829 incolumi,
1198 745 1475 824 nemini
1509 742 1876 840 supplices
1913 769 2066 816 esse
2098 762 2489 844 oporteret.

455 866 546 932 II.
561 859 721 931 Tuli
738 860 1044 957 graviter
1062 871 1134 928 et
1152 852 1411 930 acerbe
1427 908 1447 941 ,
1471 854 1752 949 judices
1765 908 1784 940 ,
1814 855 1889 924 in
1910 879 2079 928 eum
2107 882 2221 928 me
2248 857 2518 964 locum·

365 969 755 1042 adductum
775 979 827 1056 ¹,
855 982 934 1039 ut
953 981 1080 1039 aut
1103 990 1228 1038 eos
1249 965 1583 1036 homines
1606 987 1768 1061 spes
1802 961 2097 1054 falleret,
2127 969 2251 1063 qui
2281 993 2499 1066 opem

365 1105 406 1152 a
447 1105 561 1153 me
604 1095 822 1177 atque
853 1078 1199 1152 auxilium
1234 1076 1669 1174 petissent23
1706 1090 1832 1145 aut
1870 1100 2005 1172 ego
2031 1131 2049 1163 ,
2088 1078 2217 1174 qui
2255 1102 2372 1150 me
2408 1078 2501 1151 ad

364 1188 861 1263 defendendos
896 1188 1229 1259 homines
1266 1184 1358 1262 ab
1403 1185 1704 1257 ineunte
1741 1183 2221 1259 adolescentia
2272 1187 2516 1284 dedis-⁴

365 1325 557 1385 sem,
602 1315 932 1397 tempore
981 1312 1201 1394 atque
1245 1293 1492 1367 officio
1537 1307 1831 1366 coactus
1881 1294 1972 1365 ad
2014 1297 2497 1370 accusandum

366 1409 805 1481 traducerer.
852 1404 1232 1493 Dicebam,
1265 1403 1535 1475 habere
1579 1427 1702 1474 eos
1751 1401 2121 1475 actorem3
2166 1409 2253 1497 Q.
2276 1410 2502 1480 Caeci..

367 1520 583 1603 lium,
610 1520 739 1613 qui
771 1516 1164 1613 praesertim
1201 1528 1513 1612 quaestor
1543 1514 1616 1584 in
1654 1512 1905 1584 eadem
1935 1515 2304 1610 provincia
2338 1530 2504 1615 post

370 1652 489 1698 me
526 1640 955 1723 quaestorem
982 1623 1253 1695 fuisset.
1286 1625 1452 1712 Quo
1491 1647 1628 1720 ego
1664 1622 2084 1717 adjumento
2127 1625 2507 1722 sperabam

373 1737 565 1807 hanc
597 1759 637 1805 a
674 1759 789 1806 me
832 1733 1234 1810 molestiam
1278 1756 1491 1830 posse
1534 1731 1900 1803 demoveri
1920 1735 1977 1820 ⁴,
2024 1733 2097 1804 id
2132 1734 2309 1805 mihi
2351 1751 2505 1808 erat

374 1845 856 1917 adversarium
899 1847 1230 1919 maxime.
1285 1845 1468 1914 Nam
1507 1842 1610 1913 illi
1656 1840 1886 1914 multo
1940 1841 2114 1916 mihi
2158 1844 2299 1926 hoc
2335 1844 2507 1917 faci-

371 1957 510 2028 lius
571 1955 1064 2042 remisissent,
1103 1955 1163 2024 si
1213 1956 1432 2036 istum
1477 1977 1630 2023 non
1677 1967 1973 2024 nossent
1995 1950 2050 2041 ⁵,
2099 1969 2224 2025 aut
2268 1957 2327 2026 si
2373 1958 2504 2029 iste

370 2065 565 2164 apud
606 2091 730 2137 eos
771 2079 1085 2166 quaestor
1125 2088 1274 2134 non
1325 2061 1596 2144 fuisset.
1650 2060 2027 2133 Adductus
2076 2088 2273 2151 sum,
2309 2065 2504 2159 judi-

371 2201 519 2265 ces,
564 2174 807 2248 officio
826 2172 884 2262 ⁶,
913 2172 1095 2262 fide,
1134 2171 1659 2257 misericordia,
1696 2172 2093 2246 multorum
2137 2172 2507 2250 bonorum

371 2287 702 2385 exemplo
718 2340 737 2370 ,
765 2286 992 2359 veteri
1023 2281 1547 2355 consuetudine
1564 2335 1583 2367 ,
1608 2281 2091 2379 institutoque
2117 2285 2510 2380 majorum,

370 2413 453 2470 ut
479 2424 666 2470 onus
694 2397 833 2468 hoc
861 2394 1130 2468 laboris
1154 2410 1375 2491 atque
1403 2390 1662 2480 officii,
1690 2419 1843 2464 non
1873 2419 1961 2464 ex
1983 2419 2149 2466 meo
2165 2407 2216 2485 ⁷,
2263 2399 2392 2470 sed
2420 2426 2509 2473 ex

373 2531 706 2579 meorum
743 2507 1307 2578 necessariorum
1351 2518 1713 2601 tempore,
1760 2503 1937 2574 mihi
1969 2506 2510 2603 suscipiendum

372 2632 726 2714 putarem.
766 2615 934 2705 Quo
971 2616 1049 2687 iu
1090 2614 1384 2712 negotio
1421 2626 1665 2687 tamen
1705 2612 1822 2684 illa
1862 2637 1976 2691 me
2012 2637 2156 2699 reS‚
2187 2614 2511 2709 judices,

376 2792 489 2840 dem
514 2791 618 2856 ipsa
651 2789 852 2839 nomina
878 2790 930 2838 in
964 2790 1229 2838 simulacris
1255 2788 1395 2836 habi·
1477 2788 1558 2848 ins
1591 2788 1633 2835 si
1671 2804 1764 2852 qua
1802 2797 1959 2835 essent
1996 2788 2049 2835 in
2084 2789 2271 2838 Siculos
2308 2793 2506 2853 merita,

377 2881 478 2919 ture
498 2870 754 2930 credeban
784 2870 865 2918 eui
888 2869 1040 2917 errori
1060 2868 1396 2934 prudentiores
1483 2884 1653 2917 eorum
1682 2868 1913 2916 memoria
1947 2868 2189 2917 recentior
2216 2881 2340 2919 esset
2361 2888 2508 2935 quem

378 2966 429 2997 se
455 2951 882 3000 accommodabant
896 2984 912 3010 ‚
939 2949 1055 2996 licet
1070 2949 1232 2997 animo
1253 2948 1397 3012 longe
1484 2962 1719 2996 meorum.
2222 2946 2241 2963 ⁰

375 3029 515 3076 aliter
529 3032 775 3079 sentirent.
795 3029 912 3077 vid.
939 3030 1113 3076 Horat.
1137 3026 1223 3076 od.
1246 3030 1284 3084 1,
1313 3036 1394 3083 14.
1559 3038 1606 3084 4.
1644 3026 1723 3073 Sic
1760 3025 1979 3074 Lambiu.
2016 3027 2176 3075 Graev.
2194 3028 2327 3076 Olim
2353 3029 2509 3079 dimo-

378 3110 476 3156 Sat.
505 3111 558 3166 1,
584 3111 632 3157 8.
666 3111 883 3158 Pers.V1
905 3142 920 3167 ,
960 3123 1047 3170 ²9·
1487 3106 1597 3155 veri.
1638 3098 1645 3108 ’

458 3203 478 3234 ι
496 3203 541 3235 1.
586 3193 682 3236 Per
716 3187 990 3239 triennium.
1035 3190 1227 3237 Annua
1261 3199 1398 3237 erent

381 3271 619 3330 pretoria·
658 3270 947 3333 provinciae,
989 3268 1074 3316 sed
1110 3285 1260 3333 quum
1289 3286 1397 3318 sne·

380 3363 545 3395 eeeeor
585 3359 942 3412 exspectaretur
985 3349 1155 3395 Arrius
1171 3381 1187 3404 ,
1230 3364 1400 3412 proro-

378 3437 544 3488 gemm
565 3429 709 3476 Verri
729 3429 884 3476 fuerat
901 3427 1170 3491 imperium.
1189 3427 1317 3475 Vide
1337 3428 1401 3475 ad

379 3506 562 3555 calcem
581 3508 726 3569 hujus
748 3518 870 3556 orat.
894 3507 955 3554 de
976 3507 1260 3571 provinciis.

459 3602 539 3633 ια.
559 3588 771 3653 Rogare.
793 3589 878 3635 Est
901 3585 1078 3634 blande
1112 3585 1399 3649 petentium.

383 3666 539 3711 Orate
558 3677 629 3713 est
651 3665 940 3731 supplicum.

451 3745 521 3792 11.
552 3759 594 3792 ι.
615 3745 716 3791 Alii
733 3760 793 3791 ex
816 3745 939 3793 MSS
966 3742 1168 3792 adduci.
1187 3743 1312 3791 J.v.
1343 3745 1396 3790 L.

454 3839 501 3871 2.
526 3824 717 3874 Mavult
734 3826 937 3893 Hotom.
956 3822 1123 3870 Lamb.
1142 3824 1331 3869 Manat.
1352 3831 1403 3869 et

381 3902 600 3964 Desjnrd.
639 3912 1019 3968 exspectassent.
1061 3902 1242 3949 Contra
1289 3912 1403 3948 sunt

380 3997 549 4031 omne·
571 3983 696 4032 Mss
727 3993 775 4031 et
799 3982 917 4031 edd.
937 3990 1140 4028 vetem.

459 4062 504 4110 3.
546 4062 792 4110 Actor-em.
834 4064 897 4109 H.
927 4059 964 4107 l.
1005 4059 1092 4123 qui
1128 4059 1178 4105 in
1210 4056 1400 4118 jndicio

381 4157 547 4189 causas
589 4142 702 4207 agit.
742 4139 1019 4190 Praesertim
1049 4149 1278 4203 qua-scor.
1304 4138 1397 4186 Cu-

1560 3190 1606 3237 ⁵.
1638 3189 1752 3236 Non
1790 3199 2001 3236 nossent.
2046 3189 2238 3237 Acerbe
2267 3191 2321 3239 in
2357 3193 2510 3242 Caeci.

1487 3270 1636 3327 lium,
1664 3285 1808 3334 quem
1848 3269 1901 3316 h.
1942 3267 1978 3316 1.
2009 3269 2147 3332 quasi
2192 3268 2325 3318 alind
2362 3286 2508 3336 agens

1488 3349 1794 3397 acerbissime
1814 3348 2005 3412 pungit.

1560 3431 1609 3477 6.
1632 3428 1823 3496 Officio.
1844 3426 1995 3489 Quod
2026 3442 2194 3476 eorum
2223 3429 2509 3491 petitionem

1488 3524 1592 3555 non
1618 3508 1817 3556 debeam
1839 3510 2085 3572 aspernari
2100 3542 2115 3567 ,
2137 3523 2346 3570 quorum
2381 3527 2512 3574 quae-

1487 3600 1592 3637 stor
1633 3588 1731 3645 ἰοῖς
1778 3587 1908 3652 fide,
1952 3587 2131 3650 quibus
2177 3587 2413 3637 decedens
2450 3592 2511 3641 de

1487 3669 1741 3735 provincia
1768 3666 1996 3731 promisi3
2020 3665 2368 3724 misericordia,
2392 3687 2515 3734 quo.

1487 3764 1596 3795 rum
1631 3763 1709 3794 me
1747 3755 1935 3809 tempus
1971 3757 2021 3793 et
2058 3746 2302 3794 calamitas
2340 3748 2514 3799 debeat

1490 3841 1815 3875 commovere.

1566 3916 1615 3960 7.
1646 3899 1759 3944 Non
1788 3912 1851 3944 ex
1881 3910 2002 3942 meo.
2038 3895 2154 3944 Non
2172 3905 2228 3944 ut
2254 3912 2364 3944 meo
2393 3908 2513 3946 tem·

1488 3978 1599 4043 pori
1624 3978 1851 4025 servirem
1867 4009 1883 4033 ,
1910 3974 1993 4022 sed
2016 3976 2133 4022 meis
2152 3975 2317 4022 amicis
2336 3976 2513 4023 snbve-

1489 4059 1668 4106 nirem:
1692 4072 1796 4105 non
1817 4065 1873 4103 nt
1898 4071 2027 4102 mens
2047 4055 2244 4115 injurias
2263 4072 2511 4119 perseque-

1488 4153 1581 4196 rer,
1610 4148 1662 4185 ut
1690 4135 1911 4185 Caecilius
1932 4136 2155 4199 persequi
2176 4134 2423 4184 valtanas.
