3044 4788
315 422 1184 454 mmm-mmmmm·
1189 419 2453 460 “mmmmmmmmwuswm

540 607 1010 717 ALIUD
1098 605 2238 718 ARGUMENTUM.

316 848 628 900 Accusator
662 843 1040 913 constitutus,
1090 845 1296 902 Cicero
1341 842 1451 902 sibi
1489 854 1722 900 centum
1758 857 1817 901 et
1858 842 2060 902 decem
2098 843 2220 903 dies
2267 846 2457 922 petie-

397 953 518 1012 rat,
552 927 766 1018 quibus
796 942 855 998 in
890 941 1087 1001 Sicilia
1116 941 1473 1012 testimonia,
1495 953 1557 999 et
1589 939 1813 998 tabulas
1841 943 2245 1019 conquireret}
2275 963 2456 1020 quum

396 1050 589 1094 autem
616 1038 716 1095 vix
746 1038 1168 1116 quinquaginta
1201 1036 1410 1095 diebus
1445 1049 1567 1095 tota
1603 1049 1903 1115 peragrata
1941 1040 2170 1110 Sicilia,
2199 1040 2457 1099 omnium

396 1135 752 1212 populorum
781 1147 848 1192 ac
880 1134 1247 1212 privatorum
1269 1134 1512 1212 injurias
1536 1145 1937 1211 cognosceret,
1957 1142 2202 1195 Romam
2223 1152 2463 1215 repente

395 1252 689 1309 regressus
706 1276 723 1304 ,
746 1232 1027 1291 intellexit
1049 1238 1294 1291 Verrem
1321 1244 1380 1290 et
1402 1231 1528 1309 ejus
1556 1232 1771 1290 amicos
1802 1251 1958 1291 nova
1988 1234 2211 1293 ratione
2234 1236 2463 1293 efficere

397 1329 663 1400 studere,
692 1341 759 1387 ut
792 1348 884 1387 res
914 1329 972 1386 in
998 1343 1214 1387 annum
1243 1321 1511 1407 proxime
1541 1342 1874 1406 sequentem
1906 1330 2232 1389 duceretur.
2268 1338 2466 1404 Quum'

398 1427 551 1484 enim
580 1424 692 1483 sibi
724 1445 757 1482 a
792 1428 893 1484 Μ’.
924 1424 1257 1483 Glabrionis
1293 1426 1560 1502 praetoris
1601 1435 2044 1503 ceterorumque
2072 1426 2336 1504 judicum
2371 1449 2468 1487 se-

400 1524 646 1580 veritate
679 1522 908 1580 timeret
923 1523 1166 1595 Verres,
1202 1522 1432 1579 unicam
1477 1521 1636 1579 illam
1674 1522 1874 1580 salutis
1908 1523 2061 1581 viam
2101 1536 2301 1600 patere
2341 1545 2469 1584 sen-

404 1619 617 1690 tiebat,
660 1620 709 1677 si
732 1639 851 1678 rem
884 1640 991 1697 per
1025 1632 1139 1677 tres
1176 1637 1399 1677 menses
1428 1616 1501 1676 ad
1527 1616 1853 1676 decembris
1875 1637 2058 1675 nonas
2079 1621 2254 1678 variis
2277 1641 2464 1680 excu-

407 1714 724 1775 sationibus
762 1713 1144 1794 prolatando,
1174 1714 1454 1793 integram
1484 1723 1716 1771 causam
1755 1712 1828 1771 ad
1867 1718 1951 1772 Μ.
1979 1715 2278 1773 Metellum
2311 1735 2469 1795 prae-v

408 1825 591 1870 torem
621 1809 731 1868 sibi
759 1809 1166 1868 amicissimum
1193 1822 1250 1867 et
1278 1809 1421 1867 alios
1442 1806 1668 1884 judices
1692 1807 1974 1881 deferret,
1998 1828 2117 1887 quo
2144 1822 2405 1889 tempore
2434 1833 2469 1871 a

405 1906 739 1967 consulibus
764 1913 836 1981 Q.
860 1908 1172 1967 Hortensio
1194 1919 1253 1965 et
1274 1911 1338 1964 L.
1359 1906 1602 1964 Metello
1623 1904 2059 1965 defenderetur.
2084 1912 2267 1966 Porro
2295 1929 2465 1968 nonae

403 2007 634 2064 sextiles
665 2018 832 2064 erant
860 2004 1072 2083 quibus
1105 2005 1295 2083 prima
1318 2004 1468 2063 actio
1489 2003 1715 2062 institui
1747 2016 2035 2082 coeperat:
2068 2017 2127 2062 et
2153 2025 2334 2083 quum
2361 2005 2468 2064 de-

404 2124 527 2162 cem
586 2117 810 2162 tantum
861 2102 985 2161 dies
1027 2115 1394 2180 superessent
1437 2113 1571 2158 ante
1614 2099 1876 2159 diversos
1916 2100 2086 2159 ludos
2132 2102 2233 2180 qui
2281 2117 2469 2181 prope

405 2198 788 2277 quadraginta
822 2198 951 2257 dies
977 2212 1144 2256 erant
1171 2195 1454 2267 ablaturi,
1497 2197 1580 2254 ita
1619 2196 1910 2254 calculum
1946 2195 2244 2274 ponebant
2269 2198 2473 2256 Verris

405 2296 668 2374 patroni,
707 2309 771 2353 ut
816 2307 951 2373 post
999 2295 1113 2352 hoc
1158 2293 1439 2351 duntaxat
1490 2305 1717 2369 tempus
1767 2293 2064 2350 Ciceronis
2111 2294 2466 2352 accusationi

408 2391 854 2472 responderent,
905 2403 966 2451 et
1019 2390 1230 2450 deinde
1276 2389 1526 2448 dicendo
1583 2404 1644 2448 et
1692 2388 2023 2448 excusando
2078 2390 2153 2448 ad
2194 2391 2472 2450 Victoriae'

410 2490 582 2548 ludos
612 2489 922 2563 ducerent,
963 2488 1176 2567 quibus
1210 2487 1459 2566 peractis
1499 2486 1625 2544 dies
1656 2485 1989 2564 paucissimi
2021 2485 2093 2544 ad
2137 2506 2321 2564 usque
2361 2509 2472 2547 no-

411 2605 622 2644 vorum
646 2586 1078 2665 magistratuum
1108 2586 1446 2643 electionem
1484 2583 1696 2660 reliqui
1722 2596 1911 2641 essent
1936 2583 2134 2640 futuri.
2164 2587 2253 2640 Ita
2293 2585 2467 2642 refri-

412 2676 606 2761 gerata
634 2683 997 2741 accusatione
1026 2680 1335 2761 sperabant
1363 2700 1487 2739 rem
1511 2692 1690 2737 totam
1713 2679 1785 2737 ad
1815 2675 1897 2738 Μ.
1921 2680 2226 2738 Metellum
2255 2692 2469 2737 ventu-

412 2799 553 2837 ram.
577 2777 753 2853 Quod
782 2792 856 2835 ne
886 2778 1082 2849 fieret,
1118 2778 1324 2836 Cicero
1518 2776 1600 2832 ita
1627 2775 1904 2846 instituit,
1936 2787 2000 2832 ut
2026 2774 2251 2832 omissis
2283 2775 2469 2851 longis

411 2890 470 2935 et
500 2875 793 2934 continuis
825 2873 1220 2947 orationibus,
1261 2795 1498 2951 sinaes
1542 2870 1881 2930 criminibus
1922 2891 2107 2949 pauca
2151 2872 2471 2955 praemitte-

413 2985 536 3043 ret,
564 2984 737 3030 testes
759 2971 966 3030 citatos
991 2971 1406 3050 interrogaret,
1436 2987 1685 3046 quorum
1718 2968 2062 3026 auctoritate
2098 2968 2336 3026 crimina
2369 2969 2471 3026 fir-

414 3079 744 3138 marentur;
775 3079 833 3125 et
869 3067 1129 3125 veritatis
1174 3067 1237 3125 vi
1282 3065 1562 3124 obrutum
1588 3069 1831 3122 Verrem
1867 3062 2134 3141 judicum
2177 3065 2479 3123 sententiis·

418 3162 672 3220 traderet
700 3162 1226 3222 condemnandum.

497 3263 637 3317 Haec
661 3272 748 3317 est
764 3263 962 3335 prima
997 3263 1175 3330 actio,
1222 3240 1586 3336 cujus'quasi
1617 3257 1961 3336 prooemium
1990 3276 2093 3315 seu
2120 3255 2473 3335 principium

419 3367 506 3413 est
531 3354 726 3412 brevis
750 3358 971 3429 oratio,
1011 3373 1141 3435 quae
1181 3356 1475 3433 sequitur3
1509 3375 1625 3432 qua
1666 3354 1728 3412 id
1770 3355 1832 3411 in
1866 3354 2069 3432 primis
2111 3353 2222 3411 sibi
2262 3371 2477 3431 propo·

419 3454 590 3511 situm
613 3452 846 3526 babuit,
886 3467 952 3512 ut
979 3468 1168 3513 astuta
1195 3443 1658 3512 adversariorum
1691 3452 1932 3510 consilia
1960 3449 2316 3523 ostenderet,
2340 3470 2477 3509 cau-

417 3570 624 3629 sasque
651 3549 862 3628 quibus
901 3552 986 3610 illi
1018 3551 1092 3610 ad
1122 3549 1513 3609 differendum
1530 3589 1547 3618 ,
1587 3549 1712 3627 ipse
1739 3562 1933 3607 autem
1959 3548 2033 3606 ad
2061 3548 2481 3625 perficiendum

411 3647 696 3724 judicium
727 3646 1059 3706 duceretur.
1079 3653 1203 3706 Nec
1225 3647 1335 3706 nisi
1359 3644 1689 3705 admirabili
1718 3664 1957 3723 prorsus
1978 3643 2263 3703 brevitate
2287 3644 2480 3703 obiter

417 3744 616 3803 Verris
643 3763 735 3801 res
763 3756 951 3822 gestas
980 3745 1221 3823 attingit.
1269 3749 1543 3803 Ceterum
1582 3743 1800 3801 multus
1836 3756 1924 3801 est
1966 3742 2027 3799 in
2065 3740 2361 3818 judicibus
2406 3742 2481 3799 ad

420 3851 577 3898 recte
605 3839 991 3916 judicandum
1030 3841 1512 3913 commonendis„
1546 3840 1686 3918 quin
1720 3853 1779 3898 et
1810 3838 2127 3911 terrendis,
2165 3838 2243 3897 ita
2270 3852 2335 3897 ut
2363 3858 2483 3895 non

425 3948 544 3993 tam
567 3934 839 3994 habenda
867 3936 943 3994 sit
976 3938 1284 4010 accusatio,
1306 3957 1480 4016 quam
1507 3936 1860 4017 praeparatio
1890 3935 2159 4014 quaedam
2191 3934 2266 3992 ad
2299 3936 2490 4012 ipsanr

421 4032 847 4091 accusationem
876 4031 1313 4107 instituendam,
1333 4054 1460 4113 quae
1492 4034 1552 4093 in
1587 4031 1828 4093 testibus
1857 4030 2283 4109 interrogandis
2315 4028 2489 4087 tabu-

424 4128 610 4207 lisque
641 4129 1008 4207 proferendis
1037 4142 1344 4189 constaret.

605 4229 656 4294 I.
711 4244 801 4291 Cic.
815 4258 928 4305 pars
950 4242 1163 4290 secunda.
2171 4219 2254 4291 16
