3044 4788
635 397 775 485 492
1292 394 1388 460 M.
1441 344 1542 459 T.
1573 394 2134 462 clcERoms

628 513 983 585 adessent.
1046 511 1301 584 Videte
1356 515 1774 610 gravitatem
1830 515 2134 584 civitatis
2187 527 2259 584 et
2306 512 2818 610 dignitatem:

635 647 876 719 neque
915 646 1034 693 eas
1086 627 1160 692 in
1220 622 1403 693 urbe
1440 648 1571 695 sua
1617 637 1887 695 statuas
1941 648 2095 695 esse
2140 624 2561 711 voluerant,
2612 650 2819 721 quas

633 733 841 803 inviti
863 787 882 821 ‚
941 757 1071 830 per
1128 735 1271 803 vim
1320 748 1541 830 atque
1599 738 2025 833 imperium,
2074 734 2475 824 dedissent3
2536 762 2815 833 neque

635 843 795 938 ejus
824 844 1166 930 hominis,
1215 850 1291 914 in
1330 870 1553 941 quem
1591 849 1758 945 ipsi,
1794 873 1962 920 cum
1995 850 2415 946 gravissimo
2449 855 2813 920 testimo-

636 954 1157 1052 nio¹‚pnblice,
1189 956 1391 1051 quod
1423 982 1825 1055 numquam
1859 973 2092 1046 antea,
2113 964 2416 1029 Romam
2443 959 2805 1030 mandata

634 1064 1054 1161 legatosque
1092 1068 1454 1137 misissent
1489 1095 1505 1137 ε
1556 1082 1629 1141 et
1672 1069 1741 1138 id
1790 1071 2077 1166 gravius
2114 1093 2268 1141 esse
2305 1086 2803 1167 putaverunt,

635 1177 692 1245 si
738 1173 1032 1272 publico
1068 1177 1404 1267 consili0,
1439 1203 1657 1275 quam
1696 1182 1754 1250 si
1800 1205 1929 1277 per
1963 1185 2107 1250 vim
2147 1178 2650 1251 multitudinis
2689 1178 2797 1249 fa·

635 1299 836 1356 ctum
873 1283 1265 1358 videretur.
1323 1291 1574 1379 Quum
1616 1290 1759 1361 hoc
1795 1292 2098 1362 consilio
2135 1306 2404 1363 statuas
2441 1294 2795 1361 Centuri-

633 1394 787 1491 pini
811 1394 1101 1492 publice
1123 1399 1604 1487 sustulissent,
1623 1400 1823 1472 audit
1842 1401 2178 1473 Metellus
2210 1430 2225 1471 ε
2263 1405 2574 1499 graviter
2603 1399 2791 1471 fert:

638 1519 888 1575 evocat
941 1506 1030 1576 ad
1069 1531 1145 1578 se
1201 1512 1762 1608 Centuripinum
1808 1517 2345 1610 magistratum,
2388 1527 2461 1584 et
2502 1513 2794 1584 decem-

635 1616 909 1712 primos
930 1627 958 1658 ²
985 1644 999 1685 z
1022 1620 1155 1688 nisi
1192 1622 1677 1692 restituissent
1711 1637 2015 1708 statuas,
2048 1622 2521 1693 vehementer
2546 1624 2637 1692 iis
2665 1625 2797 1692 mi·

632 1740 869 1797 natur.
909 1726 1018 1798 Illi
1050 1727 1141 1800 ad
1178 1744 1505 1800 senatum
1544 1737 1989 1802 renuntiant.
2027 1735 2330 1816 Statuae‚
2366 1756 2532 1828 quae
2580 1733 2794 1802 istius

637 1860 865 1908 causae
908 1836 1087 1908 nihil
1129 1837 1599 1934 prodessent,
1643 1857 2104 1937 reponuntur
2147 1871 2162 1912 :
2207 1837 2550 1912 decreta³
2596 1844 2788 1912 Cen-

638 1949 1158 2045 turipinorum,
1186 1973 1346 2045 quae
1366 1948 1456 2021 de
1479 1954 1733 2022 statuis
1747 1966 1955 2021 erant
1977 1950 2187 2036 facta,
2214 1975 2366 2021 non
2393 1950 2783 2022 tolluntur.

637 2059 768 2128 Hic
797 2059 974 2152 ego4
1003 2057 1195 2126 aliud
1225 2059 1344 2128 alii
1377 2060 1736 2131 concedo:
1778 2061 2107 2150 Metelle,
2132 2061 2413 2132 homini
2442 2063 2786 2158 sapienti,

640 2191 939 2263 prorsus
981 2192 1132 2237 non
1185 2192 1481 2265 possum
1524 2173 1936 2268 ignoscere,
1989 2173 2047 2242 si
2090 2170 2272 2268 quid
2320 2171 2542 2242 stulte
2595 2169 2782 2242 facit.

635 2276 876 2365 Quid?
909 2276 1028 2346 ille
1066 2277 1204 2349 hoc
1241 2279 1543 2376 putabat
1570 2283 1778 2352 Verri
1812 2284 2283 2353 criminosum
2311 2280 2466 2352 fore
2486 2337 2507 2368 ‚
2541 2283 2601 2354 si
2633 2286 2788 2379 ejus

637 2400 885 2457 statuae
923 2403 1161 2462 essent
1201 2388 1497 2485 dejectae
1520 2446 1540 2476 ‚
1581 2391 1781 2489 quod
1818 2418 2003 2491 saepe
2038 2408 2260 2464 vento
2283 2390 2337 2479 ⁵,
2373 2407 2500 2463 aut
2539 2391 2787 2490 aliquo

638 2521 806 2567 casu
832 2496 990 2570 fieri
1015 2501 1244 2571 solet?
1272 2526 1422 2571 non
1458 2505 1704 2573 eratin
1735 2500 1918 2575 hocf>
1947 2527 2186 2599 neque
2226 2503 2502 2573 crimen
2529 2502 2787 2585 ullum,

638 2634 880 2706 neque
913 2611 1406 2708 reprehensio.
1447 2615 1553 2681 Ex
1590 2637 1740 2709 quo
1773 2615 1993 2709 igitur
2031 2616 2305 2683 crimen
2335 2627 2556 2707 atque
2586 2636 2790 2683 accu-

634 2725 820 2791 satio
848 2723 1211 2793 nascitur?
1247 2748 1336 2793 ex
1369 2721 1755 2793 hominum
1777 2721 2053 2818 judicio
2086 2738 2159 2794 et
2187 2722 2586 2793 voluntate.

736 2835 1051 2902 LXVIII.
1100 2837 1290 2928 Ego,
1332 2835 1391 2903 si
1434 2833 1768 2905 Metellus
1804 2846 2074 2905 statuas
2114 2857 2469 2932 reponere
2512 2835 2784 2903 Centu-

638 2941 919 3036 ripinos
952 2967 1106 3011 non
1144 2946 1531 3040 coegisset,
1563 2943 1714 3015 haec
1743 2943 2056 3015 dicerem
2091 2974 2106 3015 ε
2142 2943 2436 3027 Videte,
2466 2941 2784 3036 judices,

637 3066 1001 3148 quantum
1041 3066 1113 3125 et
1154 3080 1377 3152 quem
1422 3054 1767 3127 acerbum
1806 3054 2136 3126 dolorem
2172 3055 2538 3126 sociorum
2571 3066 2786 3148 atque

716 3345 918 3392 van.
954 3360 997 3391 1.
1042 3343 1341 3392 Gravissima
1380 3342 1671 3392 testimonio.
1763 3360 1870 3392 sum
1900 3343 2097 3392 stultam
2119 3342 2297 3406 agendi
2327 3342 2566 3389 rationem
2589 3341 2787 3390 Metello

646 3425 770 3474 Cum
807 3425 1038 3474 mandato
1081 3436 1137 3473 ut
1174 3425 1509 3490 gravissimum
1535 3425 1674 3472 testi·
1761 3425 2032 3487 ignoscere.

646 3505 863 3552 monium
889 3506 943 3552 iu
969 3522 1080 3553 eum
1107 3506 1360 3555 diceretur.
1380 3531 1450 3541 —
1476 3503 1675 3551 Publice
1838 3503 1885 3551 5.
1918 3501 2067 3565 Quod
2094 3516 2224 3564 ,ηερε
2256 3512 2424 3547 vento.
2461 3501 2654 3548 Livium
2680 3501 2786 3548 vide

648 3584 703 3629 iu
727 3582 924 3632 Schiitz.
953 3585 1106 3634 abest.
1237 3611 1240 3624 ν
1763 3584 1882 3641 11..
1916 3598 1974 3640 α,
2014 3591 2312 3636 narrantem,
2340 3595 2580 3643 quasnam
2613 3590 2783 3628 stamn-

720 3677 770 3710 α.
791 3664 1167 3727 Decemprae'mos.
1194 3664 1269 3711 De
1294 3664 1371 3711 his
1392 3661 1495 3710 vid.
1522 3664 1673 3710 Rosc.
1762 3676 1872 3708 mm
1887 3672 2071 3724 strages
2088 3659 2503 3715 ediden’tflstrox
2517 3671 2785 3706 eumveuto

600 3738 606 3743 ’
648 3743 815 3792 Aruer.
839 3758 889 3805 9.
1763 3751 2024 3805 tempestas
2046 3750 2213 3788 ωσι-υ
2232 3761 2273 3786 ιι.
2316 3739 2466 3787 Cous.
2494 3741 2646 3788 etism
2670 3741 2788 3788 Plin.

722 3823 775 3870 3.
807 3823 987 3868 Totum
1022 3819 1153 3868 istud
1167 3855 1183 3878 ,
1219 3842 1242 3862 ι
1263 3819 1456 3869 decreta
1477 3853 1489 3865 .
1505 3854 1545 3868 ..
1570 3836 1671 3869 non
1763 3820 1824 3869 de
1840 3822 2104 3869 Tarentino
2126 3819 2267 3868 Jovis
2290 3819 2514 3877 colosso,
2536 3821 2670 3869 nist.
2685 3822 2785 3870 Nat.

652 3901 957 3961 tolluntur»,
980 3900 1146 3949 Tullio
1173 3900 1353 3962 adjecit
1381 3903 1621 3950 Gruterus
1646 3916 1674 3948 e
1763 3903 2012 3959 xxm,
2036 3918 2083 3962 7.

652 3981 933 4030 MSS-LV.
957 3981 1011 4029 L.
1835 3980 1886 4028 6.
1909 3981 2021 4029 Non
2048 3990 2157 4028 eme
2181 3978 2234 4027 ἰη
2260 3979 2371 4027 hoc.
2399 3978 2474 4026 Ex
2492 3978 2588 4025 huc
2614 3989 2787 4027 statm-

727 4070 775 4118 Α.
791 4061 878 4109 Hic
902 4076 1007 4125 ego.
1036 4063 1091 4107 ln
1115 4060 1211 4107 hoc
1233 4075 1326 4123 ego
1352 4060 1675 4125 loco,qusm·
1765 4076 1872 4108 rum
1897 4060 2168 4121 dejectione
2196 4057 2330 4107 nulls
2363 4061 2413 4107 iu
2435 4061 2636 4106 Verrem
2671 4057 2786 4107 orie-

653 4142 728 4188 vis
754 4141 903 4190 mults
931 4140 1097 4188 multis
1122 4141 1370 4204 ignoscam
1387 4176 1403 4204 ‚
1434 4158 1537 4191 non
1561 4157 1677 4206 pos·
1767 4140 1909 4187 batur
1930 4141 2186 4188 accusatio.
