3044 4788
653 368 793 453 334
1283 370 1377 435 M.
1423 369 1500 434 T.
1558 367 2150 439 CICERONIS

744 494 961 561 XXX.
1009 485 1203 579 Quid
1241 512 1375 583 ego
1420 511 1616 558 nunc
1654 489 1728 556 in
1766 487 1984 559 altera
2025 493 2345 564 actione¹
2385 500 2517 567 Cn.
2556 502 2830 571 Dola-

646 601 849 691 bella}
868 600 1160 698 spiritus
1181 608 1238 682 ²,
1252 596 1433 692 quid
1453 597 1671 692 hujus
1695 596 2041 695 lacrymas
2063 616 2136 672 et
2151 610 2818 681 concursationes³

645 710 1065 811 proferam?
1107 707 1285 804 quid
1337 712 1413 777 C.
1453 710 1792 794 Neronis,
1832 711 1964 779 viri
2008 713 2262 808 optimi
2298 729 2517 812 atque
2563 721 2814 790 inno·

642 823 1061 903 centissimi‚
1086 816 1457 886 nonnullis
1491 818 1566 886 in
1596 818 1816 889 rebus
1842 821 2164 891 animum
2193 825 2404 895 nimis
2436 829 2806 899 timidum

636 949 856 1029 atque
888 929 1332 999 demissum?
1359 929 1482 1024 qui
1518 929 1595 997 in
1630 928 1749 999 illa
1780 953 1858 999 re
1888 930 2070 1026 quid
2107 930 2343 1004 facere
2378 940 2724 1031 potuerit
2739 945 2802 1023 ⁴,

642 1066 791 1112 non
830 1038 1178 1123 habebat,
1200 1030 1343 1108 'nisi
1377 1037 1568 1110 sorte
1591 1092 1612 1122 ‚
1647 1038 1721 1109 id
1758 1039 1961 1136 quod
1996 1065 2250 1112 omnes
2289 1058 2443 1114 tum
2487 1043 2796 1119 deside-

639 1149 929 1234 rabant,
972 1164 1052 1218 ut
1087 1164 1325 1245 ageret
1374 1172 1530 1219 eam
1570 1172 1723 1218 rem
1770 1150 1921 1219 sine
1966 1154 2190 1222 Verre
2234 1168 2307 1223 et
2343 1154 2738 1228 Dolabella
2771 1189 2791 1227 ε

636 1257 991 1358 quidquid
1019 1272 1202 1329 esset
1227 1260 1380 1329 sine
1401 1259 1512 1327 his
1534 1272 1776 1328 actum
1800 1311 1820 1345 ‚
1858 1283 2111 1330 omnes
2140 1260 2579 1358 probarent3
2618 1282 2790 1337 tum

634 1396 807 1442 vero
840 1368 1038 1466 quod
1070 1368 1617 1467 pronuntiatum
1660 1382 1804 1455 est,
1836 1393 1984 1439 non
2021 1394 2152 1466 per
2185 1375 2545 1443 Neronem
2577 1376 2787 1469 judi-

635 1495 912 1563 catum,
956 1479 1080 1550 sed
1120 1503 1250 1574 per
1292 1477 1740 1549 Dolabellam
1778 1493 2110 1577 ereptum
2137 1476 2164 1521 ⁵
2204 1483 2784 1557 existimabatur.

635 1591 1177 1663 Condemnatur
1221 1590 1413 1659 enim
1460 1590 1843 1684 perpaucis
1883 1590 2258 1659 sententiis
2309 1591 2786 1664 Philodamus

632 1715 703 1771 et
731 1701 886 1795 ejus
918 1698 1129 1768 filius,
1177 1696 1394 1767 Adest
1415 1750 1434 1782 ‚
1462 1697 1680 1766 instat
1702 1750 1721 1782 ‚
1762 1711 1967 1792 urget
1996 1697 2402 1785 Dolabella,
2429 1718 2512 1771 ut
2545 1728 2782 1799 quam

632 1812 944 1907 primum
984 1807 1219 1878 securi
1264 1804 1639 1891 feriantur,
1689 1803 1890 1902 quo⁶
1942 1830 2162 1902 quarn
2210 1809 2506 1881 minime
2551 1814 2774 1884 multi

632 1947 717 1990 ex
756 1920 892 1988 illis
929 1918 1017 1986 ‹le
1050 1918 1253 1984 istius
1289 1913 1568 1985 nefario
1606 1916 1874 1987 scelere
1916 1917 2164 1988 audire
2202 1933 2519 2014 possent.
2568 1928 2778 1993 Con-

631 2030 953 2099 stituitur
988 2026 1062 2093 in
1115 2021 1274 2092 foro
1312 2022 1681 2094 Laodiceae
1732 2026 2224 2122 spectaculum
2279 2027 2662 2113 acerbum,
2697 2049 2774 2104 et

632 2141 971 2208 miserum
998 2186 1016 2216 ‚
1054 2146 1127 2203 et
1158 2155 1366 2226 grave
1402 2137 1534 2202 toti
1581 2134 1760 2203 Asiae
1791 2136 2215 2230 provinciae;
2260 2138 2552 2231 grandis
2590 2155 2774 2211 natu

628 2268 887 2344 parens
915 2242 1268 2313 adductus
1296 2242 1386 2312 ad
1416 2243 1854 2339 supplicium
1877 2271 1895 2331 ;
1922 2268 2008 2315 ex
2041 2245 2261 2315 altera
2289 2263 2487 2343 parte
2526 2247 2718 2321 filius
2750 2280 2769 2321 ε

626 2357 780 2444 ille,
807 2351 1005 2453 quod
1035 2352 1453 2452 pudicitiam
1489 2353 1921 2442 liberorum;
1958 2355 2110 2443 hic,
2148 2356 2350 2452 quod
2393 2360 2609 2429 vitam
2645 2385 2769 2459 pa-

627 2471 750 2540 tris
780 2466 1188 2561 famamque
1209 2466 1475 2536 sororis
1503 2463 1944 2535 defenderat.
1971 2465 2216 2536 Flebat
2242 2483 2577 2565 uterque,
2610 2495 2763 2542 non

624 2580 713 2650 ‹le
752 2603 884 2650 suo
927 2575 1317 2673 supplici0‚
1355 2573 1482 2644 sed
1521 2588 1724 2672 pater
1757 2572 1847 2644 de
1888 2573 2018 2643 filii
2051 2591 2283 2646 morte
2308 2632 2327 2662 ‚
2368 2577 2458 2647 de
2498 2583 2757 2674 patris,

622 2691 829 2761 filius.
865 2685 1058 2777 Quid
1095 2685 1567 2779 lacrymarum
1613 2687 1848 2781 ipsum
1885 2688 2248 2756 Neronem
2278 2689 2548 2783 putatis
2590 2714 2752 2786 pro·

618 2796 931 2874 fudisse?
967 2817 1184 2889 quern
1212 2792 1460 2862 fletum
1489 2794 1710 2864 totius
1731 2794 1908 2862 Asiae
1936 2791 2198 2866 fuisse?
2226 2821 2444 2892 quem
2478 2797 2749 2869 luctum

624 2925 697 2979 et
738 2906 1076 3002 gemitum
1127 2904 1827 3001 Lampsacenorum?
1883 2906 2116 2974 securi
2166 2930 2320 2976 esse
2375 2930 2748 3002 percussos

624 3019 954 3089 homines
998 3014 1460 3100 innocente5‚
1506 3011 1825 3098 nobile5‚
1880 3017 2113 3084 socios
2167 3017 2421 3112 populi
2474 3019 2747 3089 romani

620 3143 838 3226 atque
866 3125 1129 3210 amicos
1148 3175 1167 3208 ‚
1204 3139 1501 3220 propter
1529 3122 1847 3194 hominis
1880 3122 2407 3221 flagitiosissimi
2436 3127 2746 3223 singula-

618 3379 887 3430 Philodami
910 3391 1051 3425 cansa
1071 3375 1329 3431 videretur,
1355 3390 1457 3421 non
1484 3386 1643 3424 tamen
1731 3388 1856 3424 orat.
1887 3391 1981 3440 pro
2016 3377 2169 3425 Rosc.
2208 3377 2367 3426 Amet.
2395 3391 2503 3440 cap.
2536 3379 2626 3435 3⁵,
2665 3379 2741 3426 ubi

620 3460 772 3526 prima
790 3457 981 3503 actione
1001 3454 1403 3502 condemnarunt.
1730 3465 1836 3503 est:
1872 3455 2029 3516 ·quid
2062 3467 2166 3503 erat
2193 3456 2354 3517 quod.
2372 3458 2661 3505 ..volut-rit?
2686 3481 2709 3500 ο

688 3535 859 3584 XXX.
888 3550 932 3582 ι.
959 3534 1087 3590 Alii,
1131 3533 1222 3579 uin
1258 3532 1456 3580 alteram
1486 3534 1639 3581 aetio-
1799 3535 1846 3580 5.
1873 3534 2196 3595 Ereptum.Vi
2223 3545 2481 3582 extortum.
2517 3538 2596 3583 Sic
2617 3537 2737 3600 apud

617 3631 727 3665 nem
752 3635 793 3661 ιι.
821 3614 869 3660 J.
886 3614 946 3658 V.
976 3614 1031 3659 1..
1725 3614 1895 3660 Senec.
1928 3611 1989 3658 de
2014 3613 2159 3660 Brov.
2185 3613 2272 3661 vit.
2303 3630 2413 3677 cap.
2448 3617 2507 3662 6:
2558 3637 2581 3659 ο
2604 3633 2736 3664 ansus

688 3710 737 3743 a.
754 3689 974 3756 Spiritus.
993 3689 1156 3737 Animi
1175 3690 1525 3737 contentiones.
1716 3690 1963 3755 jndicibus
1979 3707 2089 3739 reon
2107 3693 2463 3752 commendare,
2481 3703 2527 3739 et
2547 3695 2733 3755 gratiam

688 3775 735 3823 3.
748 3767 1189 3821 Al.concursiones.
1203 3769 1282 3815 Sic
1292 3770 1632 3818 Hot.exMSS.
1720 3788 1854 3819 mam
1873 3773 1983 3820 foro
2006 3775 2318 3835 interponere
2337 3783 2434 3819 tam
2454 3771 2731 3834 efficaciter,

689 3861 738 3909 4.
763 3853 952 3899 Ernest.
981 3857 1119 3912 putat
1145 3849 1391 3910 scriptino
1416 3849 1632 3897 Tullium
1721 3864 1776 3900 ut
1788 3851 2727 3916 qna-damjudiciaconstetabeorapum

610 3934 689 3982 vrl
710 3929 865 3995 «qnid
891 3928 1130 3985 faceret»,
1168 3927 1243 3974 vel
1282 3948 1303 3969 ι
1321 3929 1442 3991 quid
1472 3930 1630 3976 facere
1785 3931 1834 3976 6.
1865 3931 1990 3991 Quo.
2012 3931 2082 3978 Ut
2111 3942 2302 3994 tempus
2329 3930 2502 3978 infelix
2529 3942 2661 3994 pater
2677 3947 2728 3979 ac

610 4021 772 4081 pom-2
795 4031 839 4057 n.
865 4006 1015 4070 Quod
1040 4007 1221 4072 recepit
1249 4007 1449 4057 Subiitz.
1469 4009 1631 4057 Schel-
1715 4006 1845 4056 filiun
1891 4026 1994 4057 non
2041 4008 2252 4057 habeant
2296 4011 2528 4072 querendi
2576 4026 2724 4058 coram

608 4098 735 4144 lex-us
780 4091 823 4136 ei
867 4087 1174 4151 obloquitur,
1213 4087 1359 4136 allato
1403 4089 1628 4152 exemplo
1717 4088 2045 4146 multitudine,
2065 4089 2126 4135 de
2145 4089 2311 4136 Verris
2333 4089 2519 4137 nefario
2542 4089 2723 4138 scelere.
