3044 4788
609 382 750 464 440
1258 381 1355 447 Μ.
1405 381 1481 447 Τ.
1537 378 2097 447 CICERONIS

608 525 866 572 eorum
883 494 939 588 ⁸,
973 501 1099 596 qui
1157 513 1312 569 tum
1358 497 1537 569 illud
1582 497 1935 593 judicium
1997 496 2358 569 habebant
2390 553 2409 586 ,
2467 498 2765 573 adesse.

612 615 868 708 Itaque
906 613 1040 683 iste
1091 610 1284 683 solus
1319 634 1488 681 cum
1532 634 1659 680 sua
1704 606 2004 680 cohorte
2045 610 2480 707 nequissima
2522 612 2766 683 relin-

608 723 880 818 quitur.
918 726 1082 794 Non
1119 717 1498 790 dubitabat
1543 719 1907 789 Minucius
1934 772 1953 806 ,
2003 719 2133 815 qui
2178 723 2571 816 Sopatrum
2623 721 2761 792 de-

614 830 996 917 fendebat,
1046 830 1227 926 quin
1285 829 1458 916 iste,
1499 830 1846 926 quoniam
1900 829 2282 899 consilium
2326 828 2768 915 dimisisset,

614 941 739 1012 illo
785 941 902 1012 die
943 964 1098 1011 rem
1144 938 1336 1009 illam
1377 942 1812 1036 quaesiturus
1863 964 2013 1011 non
2065 956 2251 1011 esset
2294 969 2310 1009 ε
2365 966 2599 1038 quum
2647 967 2762 1014 re-

617 1067 836 1149 pente
861 1048 1169 1146 jubetur
1204 1048 1481 1121 dicere.
1502 1049 1969 1149 Respondet9
1994 1079 2010 1121 ε
2038 1048 2148 1121 Ad
2178 1052 2417 1147 quos?
2451 1052 2562 1123 Ad
2600 1078 2761 1139 me,

609 1161 893 1257 inquit,
936 1161 995 1229 si
1034 1158 1166 1230 tibi
1197 1157 1504 1231 idoneus
1543 1159 1816 1248 videor,
1863 1161 1993 1256 qui
2034 1158 2122 1229 de
2163 1159 2464 1232 homine
2506 1163 2759 1233 Siculo

612 1296 694 1342 ac
735 1269 1066 1340 Graeculo
1097 1268 1439 1364 judicem.
1483 1269 1801 1342 Idoneus
1841 1294 1949 1357 eS,
1988 1272 2267 1367 inquit;
2316 1272 2443 1342 sed
2478 1272 2763 1369 pervel-

612 1382 753 1452 lem
795 1380 1128 1453 adessent
1165 1382 1252 1469 ii,
1290 1383 1420 1478 qui
1455 1379 1819 1452 affuerant
1856 1395 2105 1470 antea,
2149 1406 2590 1481 causamque
2634 1409 2764 1454 co-

612 1507 942 1589 gnorant.
1002 1493 1178 1579 Dic,
1221 1493 1459 1588 inquit
1502 1520 1519 1561 :
1568 1491 1672 1562 illi
1705 1490 1955 1563 adesse
1998 1517 2150 1564 non
2195 1509 2525 1590 possunt.
2570 1498 2763 1563 Nam

611 1602 934 1689 hercule,
973 1604 1215 1698 iuquit
1256 1605 1344 1692 Q.
1374 1603 1767 1689 Minucius,
1799 1627 1916 1674 me
1955 1628 2255 1699 quoque
2291 1605 2625 1689 Petilius,
2678 1620 2766 1675 ut

612 1714 745 1786 sibi
776 1716 851 1784 in
880 1712 1183 1785 consilio
1210 1710 1573 1800 adessem,
1612 1714 1910 1809 rogavit.
1945 1718 2035 1782 Et
2064 1712 2278 1783 simul
2314 1737 2357 1782 a
2399 1712 2764 1783 subselliis

609 1825 808 1897 abire
837 1826 1077 1921 eoepit.
1122 1827 1261 1892 Iste
1306 1826 1529 1894 iratus
1565 1822 1936 1893 hominem
1973 1822 2212 1894 verbis
2255 1823 2761 1894 vehementio-

563 1933 573 1946 ’
612 1935 814 2007 ribus
849 1934 1337 2032 prosequitur,
1377 1948 1598 2030 atque
1635 1937 1699 2002 ei
1736 1934 2019 2029 gravius
2061 1935 2276 2004 etiam
2315 1936 2580 2004 minari
2616 1958 2761 2004 coe-

612 2050 745 2143 pit,
761 2044 963 2141 quod
991 2045 1065 2112 in
1099 2068 1173 2113 se
1201 2053 1484 2112 tantum
1504 2043 1778 2113 crimen
1800 2041 2360 2140 invidiamque¹⁰
2384 2042 2762 2114 conflaret.

709 2159 933 2224 XXX.
999 2154 1399 2239 MinuciuS,
1460 2154 1590 2249 qui
1642 2157 2005 2248 Syracusis
2064 2156 2166 2225 sic
2228 2156 2760 2251 negotiaretur,

613 2276 699 2332 ut
728 2266 840 2332 s'ui
871 2261 1088 2356 juris¹
1138 2262 1650 2360 dignitatisque
1694 2265 2177 2350 meminisset,
2224 2279 2297 2335 et
2343 2268 2468 2361 qui
2506 2268 2755 2348 sciret,

614 2375 715 2444 ita
748 2398 823 2443 se
860 2373 933 2443 in
971 2375 1342 2472 provincia
1370 2398 1527 2444 rem
1562 2385 1867 2469 augere²
1911 2387 2289 2472 oportere,
2327 2388 2413 2445 ut
2447 2400 2543 2446 ne
2578 2374 2757 2472 quid

614 2483 705 2556 de
735 2483 1065 2556 libertate
1098 2484 1559 2583 deperderet,
1586 2484 1867 2554 homini
1902 2510 2062 2581 quae
2084 2486 2231 2555 visa
2259 2499 2469 2570 sunt,
2495 2499 2568 2556 et
2595 2509 2757 2581 quae

619 2612 907 2694 tempus
950 2594 1129 2667 illud
1168 2597 1337 2667 tulit
1370 2610 1442 2667 et
1484 2620 1696 2666 causa
1720 2649 1740 2682 ,
1777 2594 2154 2694 respondit
2189 2621 2204 2663 ε
2247 2620 2532 2667 causam
2565 2621 2758 2679 sese,

619 2707 919 2778 dimisso
955 2721 1173 2802 atque
1209 2705 1539 2802 ablegato
1567 2705 1902 2792 consilio,
1949 2702 2420 2789 defensurum
2450 2709 2756 2801 negavit.

616 2819 870 2911 Itaque
904 2839 945 2885 a
969 2813 1325 2886 subselliis
1362 2816 1723 2902 discessit3
1759 2813 2099 2910 idemque
2136 2807 2318 2902 hoc,
2352 2830 2610 2912 praeter
2649 2817 2759 2885 Si—

618 2923 821 2994 culos
838 2920 891 3010 ³,
915 2926 1132 2995 ceteri
1161 2928 1443 3024 Sopatri
1475 2926 1687 2997 amici
1714 2923 2192 3021 advocatique
2213 2922 2558 2997 fecerunt.
2592 2930 2762 3009 Iste,

619 3057 1063 3132 quamquam
1103 3050 1211 3107 est
1250 3034 1658 3109 incredibili
1715 3037 2265 3133 importunitate
2310 3049 2384 3106 et
2436 3034 2761 3120 audacia,

621 3160 862 3217 tamen
891 3145 1133 3217 subito
1167 3147 1363 3219 solus
1395 3147 1819 3233 destitutus,
1855 3147 2227 3244 pertimuit
2264 3161 2339 3216 et
2375 3145 2764 3217 conturba·

621 3269 737 3327 tus
763 3272 892 3328 est.
916 3256 1110 3345 Quid
1132 3270 1396 3354 ageret,
1418 3281 1568 3353 quo
1591 3281 1667 3327 se
1689 3270 2024 3343 verteret,
2054 3255 2441 3328 nesciebat.
2464 3258 2531 3326 Si
2558 3255 2763 3326 dimi·

690 3476 740 3521 8.
758 3473 1000 3522 Alterum'
1014 3491 1192 3524 eorum.
1211 3475 1272 3523 Id
1291 3485 1365 3522 est
1384 3509 1399 3533 ‚
1425 3473 1644 3538 litigato·
1733 3476 1942 3540 amplam
1972 3477 2047 3523 sui
2085 3476 2374 3523 criminandi
2413 3492 2563 3539 seque
2599 3479 2650 3523 in
2688 3478 2762 3524 in-

617 3567 724 3598 rum
742 3587 756 3608 ‚
799 3555 883 3615 qui
930 3570 1029 3601 rem
1077 3571 1211 3602 suam
1258 3569 1421 3602 coram
1469 3556 1645 3603 Petilio
1733 3555 1914 3603 vidium
1933 3555 2142 3604 vocandi
2159 3554 2389 3604 omnibus
2406 3555 2647 3619 prebent
2664 3570 2759 3602 m·

618 3630 972 3692 disceptabunt.
1012 3634 1194 3681 Adesse
1230 3633 1373 3681 alicui
1395 3670 1410 3694 ,
1448 3635 1645 3697 proprie
1737 3635 1922 3683 teriam.

618 3720 692 3756 eet
716 3709 922 3769 alicujus
944 3726 995 3757 ee
1018 3711 1237 3774 profiteri
1260 3722 1540 3775 patronum.
1806 3715 1982 3763 XXX.
2008 3731 2052 3762 1.
2076 3717 2137 3761 Ue
2164 3712 2404 3778 suijuris.
2433 3716 2504 3762 Ut
2532 3731 2584 3762 se
2607 3715 2759 3762 civem

692 3804 742 3851 9.
766 3791 819 3837 Ρ.
839 3790 1022 3836 Ursino
1048 3789 1232 3854 placuit
1260 3789 1408 3837 lectio
1436 3803 1536 3840 vet.
1562 3807 1648 3838 co·
1735 3809 1858 3842 rom.
1878 3803 2022 3858 atque
2042 3794 2252 3857 equitem
2274 3808 2376 3841 esse
2398 3794 2711 3842 meminisset.

623 3867 771 3926 dicis,
817 3890 842 3909 α
860 3867 1149 3930 Respondet
1165 3902 1180 3926 ,
1228 3868 1403 3916 abiisse
1438 3870 1648 3929 judices.
1808 3889 1857 3922 ει.
1872 3873 1999 3922 Edd.
2019 3890 2093 3939 pr.
2109 3884 2158 3921 et
2175 3872 2401 3920 nonnulli
2423 3872 2575 3921 codd.
2599 3890 2757 3937 agere.

623 3948 805 3995 Annon
820 3981 836 4002 ,
869 3946 1062 4012 inquit,
1102 3945 1194 3995 tibi
1219 3946 1426 3996 idoneus
1452 3948 1647 4005 videor.
1734 3952 1874 4019 quod
1897 3954 2071 4001 frustra
2098 3952 2276 4017 probat
2299 3953 2541 4000 Nunnius.
2565 3952 2688 4001 J.v.
2710 3954 2758 3999 1..

624 4037 719 4073 etc.
735 4048 758 4068 ··
774 4028 824 4075 J.
844 4029 905 4074 V.
924 4029 977 4075 1..
1812 4032 1858 4079 3.
1899 4030 2101 4082 Siculos.
2144 4033 2287 4094 Quos
2311 4030 2480 4078 Verris
2508 4043 2669 4079 metus
2696 4048 2764 4078 re·

698 4122 776 4158 ιο.
795 4105 981 4154 Crimen
1001 4106 1347 4173 invidiamque.
1367 4108 1519 4173 Quod
1551 4119 1647 4157 tam
1738 4110 1940 4160 tinebat.
