3044 4788
626 386 765 458 380
1264 390 1361 455 Μ.
1413 389 1491 455 Τ.
1549 381 2109 454 olcERole
2193 358 2200 365 ’

510 490 517 507 ’
621 508 807 604 ipso,
835 520 906 578 et
930 507 1278 578 memoria
1306 505 1564 603 patriS,
1589 503 1868 573 animos
1896 497 2248 596 imperitae
2281 494 2786 565 multitudinis

622 619 1083 689 concitarem.
1135 622 1207 688 P.
1234 620 1272 684 J
1279 616 1432 686 unii
1468 628 1652 701 erat,
1697 611 2014 682 hominis
2057 607 2149 679 de
2185 604 2394 705 plebe
2428 628 2784 688 romana,

626 724 817 799 filius
852 756 868 798 :
906 752 1127 825 quem
1172 739 1377 824 pater
1412 727 1736 796 moriens
1765 736 1922 793 tum
1951 715 2317 790 tutoribus
2352 728 2425 785 et
2466 714 2780 810 propiu-

623 840 827 934 quis,
865 851 1023 907 tum
1063 834 1347 932 legibus
1369 890 1388 924 ,
1435 850 1593 906 tum
1625 831 1944 929 aequitati
1982 830 2531 925 magistratuum
2553 878 2573 910 ,
2611 839 2781 894 tum

617 946 910 1042 judiciis
934 948 1184 1017 vestris
1213 944 1876 1017 commendandum
1906 941 2204 1039 putavit.
2226 939 2361 1007 Hic
2387 936 2592 1005 istius
2622 957 2786 1004 sce-

623 1056 845 1125 lerata
882 1055 1278 1143 locatione,
1332 1053 1761 1149 nefarioque
1800 1050 2216 1137 latrocinio,
2258 1045 2474 1117 bonis
2519 1045 2783 1142 patriis

622 1163 1080 1264 fortunisque
1116 1165 1457 1239 omnibus
1493 1164 1879 1263 spoliatuS,
1916 1160 2111 1231 venit
2150 1159 2227 1228 in
2265 1154 2621 1251 judicium
2659 1180 2676 1221 ε
2716 1154 2784 1224 si

628 1276 812 1346 nihil
846 1276 1041 1348 aliud
1064 1332 1084 1366 ,
1114 1276 1365 1348 saltem
1389 1331 1408 1365 ,
1445 1290 1527 1346 ut
1565 1297 1732 1345 eum
1754 1326 1773 1359 ,
1813 1271 2022 1365 cujus
2060 1292 2283 1366 opera
2310 1267 2467 1363 ipse
2499 1263 2784 1334 multos

629 1410 858 1483 annos
885 1389 1096 1458 estin
1120 1385 1492 1473 sordibuS,
1528 1383 1769 1482 paullo
1801 1396 2042 1452 tamen
2073 1370 2519 1449 obsoletius³
2554 1376 2778 1444 vesti·

633 1511 784 1567 tum
819 1496 1110 1569 videret.
1143 1503 1398 1594 Itaque
1426 1494 1584 1582 tibi,
1608 1494 1971 1578 Hortensi,
2000 1515 2150 1560 non
2182 1487 2372 1557 illius
2397 1498 2564 1554 aetas
2583 1537 2602 1571 ,
2648 1482 2782 1553 sed

633 1631 882 1695 causa3
912 1633 1067 1679 non
1094 1610 1431 1694 vestitus»,
1456 1605 1581 1677 sed
1617 1603 1932 1689 fortuna,
1961 1596 2335 1698 popularis
2365 1593 2781 1679 videbatui-3

626 1742 872 1815 neque
908 1732 977 1789 te
1014 1732 1161 1788 tam
1197 1715 1740 1803 commovebat,
1793 1711 1994 1811 quod
2033 1710 2152 1781 ille
2181 1730 2348 1779 cum
2391 1718 2555 1801 toga
2594 1729 2780 1800 prae·

630 1841 860 1910 texta,
906 1853 1125 1925 quam
1169 1827 1371 1925 quod
1414 1830 1569 1898 sine
1621 1823 1822 1897 bulla
1866 1834 2201 1892 venerat:
2240 1818 2540 1888 vestitus
2579 1816 2779 1885 enim

633 1942 1001 2010 neminem
1041 1936 1543 2009 commovebat
1581 1939 1674 2022 is,
1731 1957 1951 2031 quem
2000 1930 2102 2002 illi
2152 1953 2349 2015 mos,
2397 1941 2469 1998 et
2494 1926 2613 2020 jus
2661 1927 2778 1994 iu-

635 2050 1023 2144 genuitatis
1077 2047 1333 2133 dabat;
1386 2047 1591 2144 quod
1635 2056 2145 2116 ornamentum
2194 2038 2517 2138 pueritiae
2574 2049 2784 2132 pater

636 2155 935 2227 dederat
953 2211 972 2244 ,
999 2156 1349 2228 indicium
1377 2173 1596 2255 atque
1638 2156 1914 2253 insigne
1943 2151 2248 2223 fortunae
2268 2155 2324 2236 ⁴,
2351 2149 2494 2219 hoc
2516 2145 2608 2216 ab
2636 2146 2779 2215 isto

641 2265 984 2365 praedone
1019 2282 1347 2365 ereptum
1383 2292 1535 2340 esse
1555 2321 1574 2355 ,
1603 2268 1911 2363 graviter
1938 2278 2012 2334 et
2036 2259 2294 2332 acerbe
2316 2257 2647 2329 homines
2680 2252 2782 2324 fe·

638 2377 921 2450 rebant.
975 2382 1233 2478 Neque
1289 2393 1494 2453 erant
1541 2378 1651 2449 hae
1702 2378 2029 2472 lacrymae
2076 2369 2460 2472 populares
2519 2367 2779 2463 magiS,

641 2518 857 2591 quam
897 2511 1199 2582 nostrae‚
1236 2520 1456 2594 quam
1494 2510 1674 2580 tuae,
1709 2496 1795 2583 Q.
1821 2489 2194 2572 Hortensi,
2225 2508 2445 2583 quam
2475 2482 2781 2566 horum,

639 2607 767 2703 qui
799 2609 1233 2679 sententiam
1266 2607 1482 2678 laturi
1509 2619 1678 2677 sunt
1707 2632 1723 2673 ε
1760 2602 1962 2690 ideo,
2006 2596 2207 2696 quod
2238 2594 2645 2667 communis
2675 2607 2781 2662 est

638 2741 886 2806 causa,
925 2741 1314 2788 commune
1351 2717 1789 2814 periculum;
1837 2709 2208 2782 communi
2246 2702 2582 2804 praesidio
2621 2700 2781 2772 talis

639 2825 1092 2924 improbitas,
1112 2840 1481 2924 tamquam
1504 2821 1799 2921 aliquod
1817 2811 2781 2912 incendium,restinguenda

640 2950 768 3008 est.
786 2935 1151 3008 Habemus
1176 2940 1371 3009 enim
1400 2936 1668 3008 liberos
1688 2956 1985 3032 parvos:
2014 2936 2373 3001 incertum
2410 2940 2541 3012 est,
2560 2948 2783 3022 quam

642 3046 858 3144 longa
887 3063 1219 3120 nostrum
1252 3050 1607 3145 cujusque
1630 3046 1775 3117 vita
1800 3041 2043 3114 futura
2066 3041 2157 3110 sit
2189 3066 2204 3108 :
2237 3034 2617 3108 consulere
2642 3034 2785 3103 vivi

644 3184 726 3232 ac
745 3161 1162 3258 prospicere
1196 3158 1546 3231 debemus
1565 3211 1584 3241 ,
1608 3170 1692 3227 ut
1711 3154 2003 3225 illorum
2029 3146 2347 3238 solitudo
2376 3161 2449 3217 et
2476 3144 2786 3242 pueritia

642 3295 863 3367 quam
900 3268 1314 3342 firmissimo
1352 3265 1687 3365 praesidio
1727 3264 2008 3335 munita
2042 3262 2155 3330 sit.
2189 3258 2371 3347 Quis
2409 3268 2517 3325 est
2554 3254 2784 3336 enim,

642 3383 771 3476 qui
818 3383 1007 3452 tueri
1045 3381 1272 3479 possit
1308 3376 1619 3449 liberum
1655 3390 2074 3448 nostrorum
2106 3368 2490 3466 pueritiam
2533 3378 2787 3434 contra

646 3490 1184 3587 improbitatem
1252 3486 1851 3584 magistratuum?
1895 3487 2150 3567 Mater,
2207 3476 2448 3549 credo,
2503 3475 2791 3544 Scilicet

653 3624 917 3698 magno
970 3600 1303 3698 praesidio
1356 3598 1491 3670 fuit
1552 3598 1801 3668 Anuiae
1860 3591 2153 3692 pupillae
2211 3601 2466 3672 mater,
2523 3582 2790 3654 femina

727 3875 774 3924 3.
801 3870 1088 3921 obsoletius.
1109 3873 1276 3934 Quum
1293 3873 1345 3918 in
1373 3867 1601 3919 sordibus
1618 3885 1674 3916 nc
1836 3874 1864 3920 4
1876 3901 1889 3914 .
1913 3867 2013 3912 Ins.
2013 3856 2250 3926 jbrttmoe.
2267 3857 2369 3921 Qui
2385 3855 2515 3904 enim
2535 3869 2638 3902 uon
2656 3863 2789 3900 eram

653 3955 839 4004 miseria
866 3954 929 4001 sit
955 3951 1095 4000 Junii
1121 3950 1280 4010 filius,
1297 3951 1456 4001 voluit
1472 3952 1674 3998 Verrem
1766 3944 1962 4010 ingenui
1978 3979 1994 4004 ‚
2042 3941 2203 3988 lorum
2252 3948 2439 3985 tantum
2496 3950 2609 3981 cum
2660 3931 2791 3979 nodo

651 4051 875 4100 quoque·
894 4049 1086 4082 reorum
1106 4033 1167 4083 de
1184 4048 1344 4094 more,
1371 4029 1676 4080 soi-ditinum
1766 4027 1871 4072 aino
1898 4022 2030 4071 bulla
2060 4019 2326 4085 gestabant.
2359 4014 2488 4061 Vide
2526 4029 2637 4077 sup.
2679 4026 2787 4075 cap.

649 4117 700 4165 iu
723 4114 915 4178 jndicio
936 4113 1114 4162 videre.
1769 4115 1834 4163 44
1852 4140 1865 4164 ,
1901 4106 1949 4152 in
1979 4114 2082 4151 not.
