3044 4788
775 416 920 503 446
1417 417 1515 484 Μ.
1569 417 1646 482 Τ.
1703 416 2266 486 CICERONIS

770 537 1253 623 nobilitatem,
1285 559 1514 622 nunc,
1552 546 2127 631 propter-suam²
2159 535 2693 627 calamitatem,
2721 554 2888 636 atque

770 650 972 721 istius
1000 649 1354 744 insignem
1383 646 1719 740 injuriam
1738 699 1758 731 ‚
1778 643 2120 716 omnibus
2149 662 2402 718 notuS.
2425 654 2545 719 Hu
2546 674 2576 743 J
2589 674 2678 719 us
2698 649 2888 747 hospi·

770 762 871 832 tio
894 764 1154 831 Verres
1188 778 1416 853 quum
1460 770 1650 826 esset
1677 779 1881 843 usus,
1915 769 1986 825 et
2015 780 2248 851 quum
2283 756 2497 855 apud
2536 784 2751 842 eum,
2781 784 2889 828 non

767 868 987 940 modo
1013 867 1344 937 Thermis
1394 889 1894 962 saepenumero
1931 863 2223 954 fuisset,
2275 868 2411 938 sed
2455 874 2687 940 etiam
2727 868 2889 939 habi·

763 991 1012 1064 tasset;
1066 974 1286 1046 domo
1338 974 1493 1070 ejus
1534 975 1779 1045 omnia
1819 974 2146 1059 abstulit,
2184 1001 2347 1072 quae
2399 980 2671 1077 paullo
2712 984 2890 1075 magis

762 1090 1089 1159 animum
1144 1085 1546 1184 cujuspiam
1601 1099 1728 1155 aut
1778 1084 2032 1155 oculos
2075 1104 2377 1184 possent
2433 1114 2889 1161 commovere.

759 1198 1040 1267 Etenim
1062 1194 1402 1267 Sthenius
1420 1192 1510 1264 ab
1538 1193 2021 1265 adolescentia
2053 1197 2298 1293 paullo
2329 1200 2752 1271 studiosius
2775 1199 2887 1267 haec

759 1304 1267 1404 compararat3,
1282 1303 1803 1404 supellectilem
1839 1328 1928 1375 ex
1950 1328 2088 1376 aere
2111 1306 2683 1403 elegantiorem,
2702 1323 2764 1377 et
2786 1311 2886 1376 De·

759 1419 1047 1504 liacam,
1083 1432 1155 1488 et
1194 1415 1678 1501 Corinthiam,
1727 1412 2006 1485 tabulas
2051 1418 2313 1514 pictas,
2357 1421 2606 1489 etiam
2653 1416 2882 1513 argenti

757 1528 950 1601 bene
982 1527 1185 1617 facti,
1216 1541 1437 1626 prout
1467 1525 1916 1596 Thermitani
1949 1524 2266 1597 hominis
2304 1525 2700 1600 facultates
2737 1526 2878 1597 fere·

757 1640 970 1727 bant,
1005 1642 1173 1711 satis
1203 1663 1220 1708 ε
1253 1663 1451 1735 quae,
1487 1661 1719 1733 quum
1759 1650 1945 1706 esset
1968 1638 2045 1706 in
2074 1640 2237 1708 Asia
2263 1635 2744 1723 adolescens,
2766 1650 2874 1705 stu·

757 1750 960 1821 diosc
979 1804 998 1838 ,
1036 1763 1115 1819 ut
1142 1748 1321 1834 dixi,
1359 1758 1838 1843 compararat,
1877 1770 2027 1815 non
2053 1760 2201 1818 tam
2229 1771 2376 1818 suae
2406 1746 2877 1821 delectationis

757 1882 1236 1955 causa‚quam
1277 1856 1367 1927 ad
1404 1856 1898 1926 invitationes⁴
1927 1855 2434 1953 adventusque
2485 1873 2867 1930 nostrorum

755 1971 1139 2041 hominurn
1160 2023 1180 2054 ‚
1234 1969 1635 2037 amicorum
1670 1989 1965 2036 suorum
2000 1978 2221 2063 atque
2256 1965 2672 2065 hospitum.
2733 1965 2871 2051 Quae

757 2096 1232 2178 posteaquam
1276 2079 1406 2149 iste
1444 2077 1691 2148 omnia
1727 2075 2071 2161 abstulit,
2132 2077 2268 2147 alia
2312 2077 2656 2174 rogando
2676 2072 2727 2159 ⁵,
2768 2070 2867 2141 alia

753 2189 1121 2289 poscendo
1140 2242 1159 2276 ,
1183 2188 1316 2258 alia
1341 2185 1700 2259 sumendo
1724 2214 1743 2275 ;
1770 2185 2047 2258 ferebat
2082 2188 2454 2275 Sthenius,
2488 2205 2576 2260 ut
2607 2195 2864 2285 poterat.

754 2295 1228 2399 Angebatur⁶
1280 2314 1521 2369 tamen
1580 2299 1801 2367 animi
1855 2295 2109 2368 dolore
2170 2301 2585 2369 necessario
2605 2310 2656 2380 ⁷,
2705 2286 2863 2390 quod

752 2414 1053 2484 domum
1093 2412 1280 2508 ejus,
1323 2425 1743 2482 exornatam
1787 2424 2006 2505 atque
2053 2409 2485 2481 instructam
2525 2409 2716 2493 fere,
2746 2405 2858 2497 jam

750 2526 884 2596 iste
937 2522 1352 2594 reddiderat
1402 2519 1676 2591 nudam
1733 2533 1952 2615 atque
2006 2523 2320 2590 inanem.
2376 2526 2858 2592 Verumtamen

751 2637 1077 2707 dolorem
1113 2658 1327 2704 suum
1364 2634 1641 2703 nemini
1679 2627 2139 2727 impertiebat
2174 2656 2191 2700 ε
2232 2637 2568 2729 praetoris
2609 2625 2854 2723 injurias

747 2747 964 2815 tacite
988 2798 1008 2830 ,
1045 2743 1350 2840 hospitis
1380 2740 1660 2839 placide
1686 2737 2018 2811 ferendas
2062 2739 2575 2814 arbitrabatur.
2621 2746 2856 2811 Interea

749 2852 1141 2949 cupiditate
1176 2853 1306 2922 iste
1355 2851 1475 2921 illa
1515 2875 1646 2921 sua
1687 2863 1857 2919 nota
1881 2902 1900 2936 ,
1950 2864 2169 2948 atque
2204 2851 2402 2948 apud
2440 2873 2696 2924 omnes
2728 2865 2851 2944 per·

749 2957 1098 3059 vulgatass,
1117 2986 1348 3058 quum
1378 2964 1578 3059 signa
1607 2957 1933 3056 quaedam
1962 2961 2444 3059 pulcherrima
2466 2980 2687 3060 atque
2715 2952 2853 3027 anti·

745 3072 1089 3170 quissima
1107 3071 1435 3142 Thermis
1464 3072 1540 3141 in
1571 3069 1868 3168 publico
1891 3073 2124 3167 posita
2147 3072 2440 3145 vidisset
2459 3129 2480 3161 ,
2510 3065 2848 3145 adamavit:

746 3211 784 3254 a
805 3181 1100 3254 Sthenio
1129 3196 1377 3280 petere
1403 3182 1659 3278 coepit,
1690 3193 1770 3250 ut
1794 3178 1886 3250 ad
1906 3203 1990 3251 ea
2015 3181 2337 3253 tollenda
2362 3208 2661 3281 operam
2689 3192 2849 3249 suam

743 3293 1250 3392 profiteretur,
1283 3316 1506 3388 seque
1550 3289 1940 3383 adjuvaret.
1985 3291 2325 3364 Sthenius
2367 3318 2546 3366 vero
2587 3314 2732 3364 non
2760 3306 2848 3356 so-

744 3510 1033 3560 dedit.Vidc
1050 3507 1299 3557 Plutarch.
1320 3507 1372 3553 in
1403 3507 1578 3569 Pomp.
1598 3517 1647 3554 ct
1664 3505 1769 3554 Cic.
1858 3509 2036 3556 Partim
2063 3511 2317 3575 precibus,
2346 3514 2525 3576 partim
2552 3508 2760 3576 imperio.
2779 3502 2845 3548 s·-

739 3592 793 3637 h.
813 3602 935 3638 orat.
952 3604 1061 3653 cap.
1082 3589 1165 3644 46.
1858 3588 2049 3635 mendo.
2081 3590 2144 3636 vi
2172 3600 2221 3637 et
2246 3590 2473 3654 imperio.

814 3684 862 3714 α.
908 3669 1075 3715 Suam.
1134 3665 1320 3713 Metell.
1366 3674 1417 3712 et
1467 3674 1591 3712 vett.
1648 3663 1767 3713 edd.
1930 3668 1980 3716 6.
1999 3667 2123 3725 Alii,
2143 3668 2539 3732 «tangebatur»,
2568 3656 2840 3724 minantis*

737 3770 763 3788 ‹-
776 3760 1009 3794 summam
1019 3765 1061 3791 ιο.
1857 3744 2076 3796 ficanter.
2098 3749 2358 3812 Sequimur
2382 3749 2439 3798 C.
2459 3750 2629 3815 steph.
2650 3745 2756 3798 ΙΝ.
2772 3742 2814 3786 1..

814 3828 864 3874 3.
879 3824 975 3871 Alii
988 3821 1308 3885 hicetpaullo
1323 3821 1410 3869 inf.
1427 3822 1769 3884 comparabat.
1934 3843 1981 3888 7.
2026 3827 2329 3877 Necessario.
2369 3829 2528 3891 Quem
2568 3846 2667 3877 uon
2701 3816 2836 3872 ⁸⁸³3*

817 3911 863 3959 4.
878 3901 967 3951 Aa
986 3899 1309 3948 invitationes.
1331 3901 1492 3962 Quam
1510 3910 1569 3947 ut
1588 3900 1649 3947 iis
1667 3911 1770 3949 ute·
1855 3920 1959 3958 non
1985 3917 2180 3970 poterat
2194 3940 2209 3966 ,
2236 3923 2388 3971 quum
2426 3918 2504 3955 tot
2529 3910 2729 3972 prmo-a
2751 3894 2837 3946 επὶ*

740 3995 900 4041 retur,
924 3996 1077 4045 quum
1103 3979 1295 4026 invitati
1316 3979 1380 4027 ad
1407 3995 1520 4028 eum
1545 3979 1768 4030 veniunt
1856 3997 2171 4035 monumenta
2196 4001 2226 4032 a
2251 3986 2400 4034 domo
2426 3999 2716 4051 raperentur·

735 4080 861 4112 rom.
883 4063 1216 4126 magistratus,
1242 4075 1327 4108 seu
1351 4060 1587 4125 hospites.
1928 4066 1980 4113 8.
2007 4065 2158 4113 Multi
2183 4077 2471 4130 receperunt
2491 4087 2514 4108 ιι
2536 4072 2797 4132 pervagssfl·
2815 4066 2833 4095 ‘

808 4145 854 4190 5.
882 4139 1135 4207 Ragando.
1169 4140 1257 4188 Por
1280 4156 1467 4204 preces.
1493 4140 1764 4189 Poscendo.
1856 4144 2021 4191 multis
2043 4143 2316 4194 codicibus.
2339 4146 2472 4196 J.v.
2503 4148 2556 4194 t..
