3044 4788
653 396 789 466 580
1441 379 1955 448 APPENDIX

731 514 888 579 Inde
937 523 1183 574 constat
1225 502 1427 584 judici
1477 501 1558 564 de
1604 500 1753 563 facti
1804 514 2054 561 tantum
2107 500 2460 584 quaestione
2512 524 2783 590 cogno·

647 618 991 694 scendum,
1025 629 1090 676 et
1120 634 1198 673 ex
1239 608 1435 672 animi
1479 602 1902 684 conscientia,
1940 605 2537 692 pronuntiandum,
2577 607 2670 669 ita
2706 626 2783 670 ut

644 726 914 790 omnino
963 718 1046 783 ad
1095 732 1464 780 nostrorum
1510 713 1871 810 juratorum
1920 709 2407 773 similitudinem
2461 712 2783 777 accedere

649 829 1001 893 videantur.

1081 986 1116 1059 S
1169 977 1226 1041 3.
1279 962 1426 1039 Dies
1460 966 1736 1043 dationis
1746 970 1987 1062 judicis
2008 972 2335 1060 postulati.

739 1143 882 1206 Non
916 1152 1129 1199 autem
1163 1132 1392 1197 eodem
1421 1131 1526 1194 die
1559 1130 1869 1193 edebatur
1895 1127 2093 1208 judex
2125 1151 2260 1216 quo
2293 1131 2569 1195 formula
2592 1181 2613 1213 ,
2661 1133 2774 1196 sed

653 1246 907 1332 triginta
945 1256 1199 1304 tantum
1241 1236 1465 1324 elapsis
1511 1234 1771 1306 diebus,
1819 1249 2160 1320 postquam
2201 1233 2282 1297 ad
2317 1235 2769 1321 accipiendum

646 1350 929 1440 judicem
953 1362 1295 1424 venerant,
1329 1364 1522 1430 quem
1554 1341 1938 1429 plerumque
1983 1340 2102 1427 ipsi
2140 1342 2622 1426 postulaverant
2656 1344 2772 1406 liti·

650 1471 908 1548 gantes3
942 1474 1134 1539 quam
1185 1445 1724 1513 consuetudinem
1778 1445 1844 1506 in
1890 1445 1995 1524 jus
2045 1466 2161 1531 per
2204 1445 2520 1510 Pinariam
2563 1447 2773 1538 legem

591 1581 598 1589 ·
648 1560 1016 1626 translatam
1046 1556 1274 1620 edocet
1298 1552 1532 1624 Gaius,
1567 1552 1678 1631 IV,
1720 1550 1818 1613 15.

739 1660 1370 1730 Observandumest
1412 1656 1649 1737 judicis
1697 1655 1961 1719 nomine
2014 1656 2333 1719 contineri
2379 1677 2514 1720 non
2563 1682 2777 1722 unum
2840 1738 2847 1743 ‚

655 1766 892 1861 genus3
925 1790 1149 1832 verum
1185 1766 1312 1828 hoc
1344 1762 1465 1828 sub
1493 1761 1682 1824 titulo
1713 1759 1979 1848 intelligi
2009 1759 2292 1839 judicem
2326 1761 2572 1849 ipsum,
2598 1765 2778 1827 arbi·

657 1896 828 1942 trum
847 1924 865 1961 ‚
901 1886 1411 1960 recuperatores,
1455 1884 1519 1930 et
1562 1866 2021 1939 centumviros,
2066 1866 2213 1929 Sive
2262 1866 2417 1945 hos,
2460 1870 2595 1931 sive
2633 1870 2777 1933 illos

655 1983 887 2047 actoris
918 1979 1254 2041 voluntate
1287 1974 1479 2038 dabat
1506 1988 1776 2059 praetor:
1813 1970 1896 2034 de
1935 1970 2201 2059 singulis
2233 1995 2434 2060 pauoe
2462 1973 2775 2037 dicemus.

655 2089 756 2153 Ad
798 2084 1078 2165 judicem
1121 2080 1545 2143 mittebantur
1588 2079 1671 2158 ii,
1711 2077 1947 2164 quibus
1992 2077 2215 2141 stricto
2253 2079 2398 2157 jure
2451 2079 2775 2143 decertare

656 2193 975 2282 placebat,
1029 2196 1144 2250 aut
1196 2207 1476 2273 quorum
1517 2207 1718 2248 -causa
1770 2182 1854 2246 ad
1907 2185 2107 2280 stricti
2158 2184 2316 2263 juris
2369 2203 2771 2249 contractum

661 2294 1039 2387 pertinebat.
1083 2292 1229 2373 Qua
1267 2291 1331 2355 in
1369 2311 1440 2351 re
1469 2288 1783 2352 edebatur
1812 2289 1982 2351 ‘actio
2019 2290 2215 2352 stricti
2245 2290 2425 2368 juris.

743 2401 1091 2467 Dicebatur
1112 2397 1459 2485 delegatus,
1483 2404 1819 2483 propterea
1841 2392 2018 2483 quod
2047 2411 2236 2458 certoe
2268 2418 2476 2460 causae
2493 2401 2778 2487 cognitio

663 2512 720 2573 ei
758 2506 1189 2596 delegabatur.
1245 2537 1255 2554 ·
1948 2573 1957 2582 ,

755 2614 1015 2681 Arbiter
1065 2610 1494 2699 cognoscebat
1540 2631 1762 2673 causas
1810 2630 1951 2694 quae
1996 2625 2186 2672 ‘erant
2221 2607 2409 2674 bbnae
2448 2609 2631 2692 fidei,
2674 2630 2785 2676 ant

667 2744 825 2810 quas
867 2741 945 2781 ex
977 2716 1247 2779 arbitrio
1277 2714 1549 2793 judicari
1579 2714 1893 2802 litigantes
1930 2713 2273 2798 malebant.
2315 2718 2477 2795 Quoe
2507 2718 2594 2780 sit
2624 2721 2785 2781 ratio

635 2824 919 2901 arbitri,
955 2822 1061 2885 cui
1094 2819 1380 2883 solutum
1416 2841 1490 2881 ac
1522 2818 1797 2881 liberum
1830 2834 1966 2880 erat
2001 2817 2083 2880 de
2118 2819 2391 2882 formula
2421 2818 2781 2902 discedere,

668 2954 742 2994 ac
763 2926 1018 3010 judicis,
1046 2925 1154 3012 qui
1194 2945 1267 2986 ea
1302 2924 1499 2987 veluti
1527 2923 1911 2987 constrictus
1946 2919 2602 3012 tenebatur,-optime
2631 2928 2785 2992 defi-

670 3037 767 3099 nit
803 3032 1031 3095 Cicero
1068 3052 1189 3117 pro
1226 3026 1572 3108 Comoedo,
1622 3050 1758 3115 cap.
1801 3031 1875 3104 4:
1919 3059 1943 3082 ι
1968 3028 2291 3093 Iudicium
2347 3047 2446 3093 est
2498 3037 2785 3119 pecuniae

670 3156 886 3219 certae,
924 3135 1263 3201 arbitrium
1291 3134 1584 3214 incertae3
1609 3131 1697 3196 ad
1721 3132 2039 3213 judicium
2076 3135 2204 3198 hoc
2234 3134 2433 3198 modo
2462 3138 2783 3216 venimus,

673 3265 747 3312 ut
783 3261 983 3311 totam
1023 3242 1196 3305 litem
1231 3254 1348 3304 aut
1385 3240 1826 3313 obtineamus,
1872 3255 1986 3303 aut
2021 3240 2438 3304 amittamus:
2486 3241 2566 3304 ad
2616 3244 2783 3307 arbi-

672 3355 869 3418 trium
904 3350 1033 3412 hoc
1070 3345 1268 3411 modo
1308 3343 1591 3424 adimus,
1639 3359 1713 3406 ut
1758 3366 1970 3431 neque
2008 3342 2203 3423 nihil,
2250 3367 2463 3433 neque
2502 3363 2783 3426 tantum,

675 3475 993 3546 quantum
1027 3450 1529 3541 postulavimus,
1566 3471 2075 3536 consequamur:
2125 3451 2265 3530 ejus
2294 3455 2384 3515 rei
2428 3447 2564 3539 ipsa
2595 3455 2787 3516 verba

672 3562 965 3625 formulae
1006 3557 1375 3622 testimonio
1427 3571 1599 3618 sunt.
1643 3554 1821 3637 Quid
1853 3570 1952 3619 est
1995 3555 2400 3634 injudicio?
2443 3557 2789 3638 directum,

670 3687 1002 3754 asperum,
1036 3662 1322 3757 simplex.
1348 3661 1413 3723 Si
1439 3675 1619 3746 paret
1644 3660 1785 3723 H-s
1818 3681 1960 3723 maa
1991 3658 2129 3723 dari
2158 3679 2478 3748 oportere.
2513 3665 2634 3727 Hic
2670 3666 2794 3728 nisi

671 3772 936 3863 planum
970 3766 1123 3830 facit
1151 3765 1280 3830 H-s
1311 3785 1453 3826 1³³0
1481 3762 1567 3826 ad
1599 3765 1876 3829 libellam
1913 3765 2036 3830 sibi
2070 3765 2326 3848 deberi,
2356 3792 2609 3833 causam
2643 3787 2793 3860 per·

674 3879 785 3952 dit.
851 3870 1028 3955 Quid
1083 3886 1181 3934 est
1241 3871 1308 3932 in
1366 3870 1676 3935 arbitrio?
1736 3872 1922 3953 mite,
1979 3871 2423 3955 moderatum3
2474 3878 2788 3962 quantum

674 3980 944 4071 aequius,
980 3993 1042 4041 et
1064 3974 1293 4040 melius
1318 3975 1399 4038 sit
1427 3975 1565 4040 dari
1589 4008 1635 4040 ιι.
1671 3976 1872 4040 Porro
1907 3999 2081 4040 unus
2117 4000 2371 4066 semper
2396 3978 2654 4059 arbiter,
2683 3996 2787 4044 aut

667 4088 867 4172 ,judex
899 4083 1185 4148 dabatur.
