3044 4788
644 333 786 422 314
1290 284 1387 408 Μ.
1440 341 1517 409 Τ.
1572 340 2139 454 cIcERoms

637 485 771 558 ego
793 460 1035 540 ,istum
1091 457 1228 530 sibi
1266 484 1354 532 ex
1403 467 1776 533 communi
1826 463 2227 539 calamitate
2276 454 2802 538 defensionem

638 571 861 643 ullam
891 575 1121 643 sinam
1158 594 1446 644 sumere
1480 600 1496 642 ε
1539 575 1687 645 suis
1713 598 1884 645 eum
1922 576 2136 646 certis
2163 577 2632 674 propriisque
2661 581 2802 649 cri-

637 682 959 755 minibus
999 681 1376 755 accusabo,
1438 684 1933 773 Quamobrem
1958 740 1979 775 ,
2019 685 2162 757 hoc
2215 688 2413 759 omni
2448 701 2801 785 tempore

635 794 932 865 Sullano
994 817 1084 865 ex
1152 797 1614 869 accusatione
1668 797 2215 893 circumscripto
2240 794 2294 884 ⁵,
2349 796 2797 893 legationem

636 905 794 1002 ejus
830 902 1244 1001 praeclaram
1280 898 1722 1002 cognoscite.

734 1018 957 1086 XVII.
994 1019 1467 1111 Posteaquam
1496 1019 1628 1086 Cn.
1657 1013 2049 1087 Dolabellae
2082 1016 2459 1112 provincia
2486 1014 2749 1087 Cilicia
2769 1028 2791 1060 ¹

635 1125 1026 1197 constituta
1044 1140 1150 1198 est
1168 1152 1187 1213 ;
1209 1152 1255 1197 ο
1281 1125 1375 1196 dii
1404 1123 1878 1196 immortales!
1907 1139 2181 1221 quanta
2207 1125 2343 1196 iste
2364 1124 2796 1222 cupiditate,

638 1233 910 1332 quibus
951 1235 1547 1333 allegationibus²
1593 1236 1784 1313 illam
1841 1234 1978 1307 sibi
2022 1232 2502 1332 legationem-⁹·
2553 1259 2796 1333 expu-

632 1345 911 1442 gnavit?
957 1344 1033 1416 id
1085 1346 1287 1444 quod
1334 1349 1464 1416 Cn.
1519 1344 1913 1419 Dolabellae
1963 1346 2406 1443 principium
2452 1348 2794 1416 maximae

633 1453 1048 1526 calamitatis
1075 1454 1235 1526 fuit.
1257 1459 1440 1527 Nam
1469 1470 1552 1526 ut
1583 1457 1716 1526 iste
1746 1452 2117 1553 profectus
2145 1470 2286 1544 est,
2315 1480 2793 1554 quacumque

633 1566 770 1639 iter
788 1564 992 1653 fecit,
1014 1566 1369 1661 ejusmodi
1406 1564 1545 1639 fuit
1567 1620 1586 1654 ,
1610 1590 1761 1643 non
1787 1580 1872 1637 ut
1893 1566 2166 1662 legatus
2193 1564 2449 1664 populi
2471 1571 2790 1651 romani,

633 1674 765 1749 sed
817 1692 900 1747 ut
937 1677 1266 1773 quaedam
1325 1675 1689 1747 calamitas
1747 1676 2143 1773 pervadere
2192 1675 2584 1746 videretur.
2646 1682 2792 1749 In‘

630 1785 898 1859 Achaia
940 1787 1532 1883 (praetermittam
1566 1789 1849 1859 minora
1876 1786 2160 1873 omnia,
2198 1810 2515 1882 quorum
2553 1788 2792 1859 simile

630 1895 929 1969 forsitan
964 1895 1144 1966 alius
1181 1919 1481 1991 quoque
1519 1894 1794 1993 aliquid
1835 1893 2226 1993 aliquando
2263 1893 2514 1967 fecerit
2544 1923 2561 1964 ε
2602 1895 2789 1966 nihil

633 2005 911 2093 dicam,
956 2005 1094 2074 nisi
1149 2004 1539 2100 singulare,
1580 2008 1716 2077 nisi
1766 2003 2005 2103 quod,
2057 2006 2118 2076 si
2167 2006 2244 2077 in
2302 2005 2521 2077 alium
2575 2030 2787 2075 reum

632 2116 1013 2197 diceretur,
1048 2113 1474 2185 incredibile
1508 2114 1959 2209 videretur),¹
2000 2117 2499 2212 magistratum
2537 2115 2785 2211 Sicyo-

633 2231 839 2297 nium
877 2249 1215 2297 nummos
1252 2230 1608 2324 poposcit.
1633 2230 1738 2298 Ne
1767 2227 1859 2298 sit
1882 2226 2024 2297 hoc
2049 2227 2322 2297 crimen
2348 2227 2424 2294 in
2440 2230 2787 2299 Verrem:

630 2334 962 2409 feceruut
990 2334 1130 2410 alii.
1164 2337 1412 2428 Quum
1453 2336 1572 2411 ille
1603 2362 1753 2412 non
1780 2336 2017 2425 daret,
2058 2334 2586 2408 animadvertit.
2637 2340 2785 2408 Im-

629 2446 980 2546 probum,
1017 2446 1146 2518 sed
1178 2473 1330 2517 non
1370 2446 1800 2520 inauditum.
1848 2450 2099 2518 Genus
2138 2444 2787 2518 animadversionis

627 2556 867 2628 videte
918 2585 935 2628 ε
996 2557 1364 2653 quaeretis,
1420 2580 1510 2626 ex
1563 2581 1712 2653 quo
1766 2581 2031 2655 genere
2085 2551 2518 2631 hominum⁵
2562 2556 2782 2626 istum

624 2667 984 2763 judicetis.
1034 2671 1284 2764 Ignem
1331 2691 1421 2736 ex
1458 2666 1670 2764 lignis
1707 2665 2061 2738 viridibus
2093 2681 2313 2764 atque
2351 2665 2675 2737 humidis
2708 2671 2782 2735 in

631 2778 796 2849 loco
857 2792 1165 2875 angusto
1222 2775 1382 2848 fieri
1433 2777 1649 2872 jussit
1691 2775 1870 2860 :gibi
1916 2776 2291 2849 homi-nem
2346 2777 2784 2874 ingenuum,

631 2887 830 2962 domi
865 2885 1187 2958 nobilem
1210 2942 1229 2975 ‚
1265 2887 1526 2986 populi
1555 2888 1839 2960 romani
1867 2889 2143 2961 socium
2170 2901 2390 2984 atque
2425 2888 2781 2969 amicum,

1746 3141 1832 3180 aut
1855 3148 1883 3180 a
1910 3142 2081 3181 senatu
2112 3131 2384 3189 dabantur,
2412 3140 2503 3178 sut
2525 3146 2586 3179 ex
2608 3139 2778 3178 sucto-

1747 3213 1890 3259 ritate
1920 3223 2116 3260 senatns
2143 3210 2206 3258 ab
2230 3210 2350 3275 ipsis
2378 3209 2670 3275 proesIdibns
2697 3209 2783 3256 eli-

1747 3291 1985 3354 gebantur
2011 3289 2173 3354 plures
2202 3290 2547 3354 paucioresve,
2582 3300 2642 3337 ut
2677 3287 2782 3336 bel-

703 3131 754 3181 5.
795 3128 1184 3195 Gir-eumeripeo.
1226 3131 1437 3178 Remoto
1452 3164 1468 3189 ,
1511 3146 1659 3194 repn-

631 3211 782 3260 diato.
804 3212 885 3259 Sic
912 3211 1037 3260 Caes.
1057 3210 1118 3258 de
1136 3209 1258 3258 Bell.
1287 3211 1386 3258 civ.
1415 3211 1463 3268 1,
1497 3208 1587 3257 32.

699 3292 866 3339 xvn.
885 3308 929 3340 1.
949 3289 1142 3340 Cllt‘ct'a.
1161 3292 1310 3338 Anno
1327 3287 1427 3348 673
1444 3288 1658 3352 prImum

629 3385 742 3418 cum
778 3370 948 3433 piratis
983 3369 1222 3420 Cilicibus
1255 3365 1439 3415 bellum
1480 3368 1657 3416 initum

627 3458 727 3504 est,
754 3449 1102 3513 provinciaque
1121 3447 1293 3497 Cilicia
1311 3461 1423 3493 cum
1442 3463 1659 3510 procon-

626 3525 778 3573 sulari
802 3526 1011 3590 imperio
1044 3528 1141 3577 Cu.
1162 3524 1433 3575 Dolabellae
1457 3527 1660 3592 praetori

629 3603 921 3653 demandata
946 3615 1035 3654 est.

698 3698 750 3732 ο.
786 3682 1188 3746 allegationibus.
1224 3683 1660 3733 lutei-cessionibus

629 3763 963 3812 communium
987 3763 1272 3810 amicornm.

695 3841 746 3888 3.
783 3840 1112 3904 legationem.
1160 3840 1242 3905 Illi
1287 3852 1427 3891 erant
1475 3841 1627 3906 legati
1633 3877 1651 3900 ,

626 3934 756 3985 quos
799 3917 1120 3983 proconsules
1162 3929 1249 3967 aut
1295 3931 1653 3984 propraetores,

630 4000 747 4049 ituri
763 3999 818 4045 in
836 3999 1117 4063 provincias
1131 4034 1147 4059 ,
1171 4000 1494 4048 consiliorum
1514 4011 1658 4065 atque

632 4076 784 4132 officii
814 4077 1063 4141 adjutores
1089 4079 1183 4129 sibi
1205 4079 1552 4145 adjungebant.
1582 4081 1658 4129 nli

1744 3367 1875 3430 lum,
1921 3379 2007 3417 ant
2042 3384 2119 3416 res
2162 3369 2453 3433 poscebant.
2499 3368 2677 3417 Cicero
2727 3367 2778 3413 in

1747 3449 1915 3498 Cilicia
1937 3447 2317 3496 administranda
2337 3447 2524 3512 legatos
2539 3458 2779 3511 quatuor-3

1744 3527 2026 3592 quindecim
2049 3527 2309 3591 Pompeius
2334 3529 2387 3575 in
2414 3527 2545 3575 bello
2574 3525 2777 3590 piratico

1745 3606 1931 3654 habuit.
1954 3597 2017 3655 Τ.
2047 3606 2153 3655 Liv.
2179 3608 2357 3664 xm,
2400 3607 2480 3653 18.
2508 3605 2630 3654 Sall.
2659 3606 2774 3666 Jug.

1749 3687 1845 3743 28,
1882 3695 1981 3734 etc.

1821 3774 1870 3823 4.
1902 3767 1963 3813 In
1997 3761 2213 3812 Achaia.
2241 3766 2335 3812 Per
2367 3779 2515 3828 quam
2541 3764 2636 3811 iter
2667 3777 2774 3810 cum

1706 3843 1997 3892 ·Dolabelln
2060 3845 2114 3890 in
2178 3842 2401 3891 Ciliciam
2467 3841 2773 3906 provinciam

1745 3941 1882 3973 suam
1923 3924 2152 3972 faciebat.

1822 4006 1869 4053 5.
1905 4003 2055 4053 Multi
2095 4001 2275 4050 babent
2321 3999 2563 4048 hominem
2580 4018 2599 4057 ,·
2630 3999 2775 4047 altera

1746 4081 1898 4132 lectio
1924 4082 1986 4131 ab
2014 4086 2334 4132 Hotomanno
2359 4089 2447 4128 est.
2460 4082 2587 4130 LV.
2620 4080 2671 4127 1..
