<?xml version="1.0" encoding="UTF-8"?>
<!DOCTYPE html PUBLIC "-//W3C//DTD XHTML 1.0 Transitional//EN"
    "http://www.w3.org/TR/xhtml1/DTD/xhtml1-transitional.dtd">
<html xmlns="http://www.w3.org/1999/xhtml" xml:lang="en" lang="en">
 <head>
  <title>
</title>
<meta http-equiv="Content-Type" content="text/html;charset=utf-8" />
  <meta name='ocr-system' content='tesseract 3.04.00' />
  <meta name='ocr-capabilities' content='ocr_page ocr_carea ocr_par ocr_line ocrx_word'/>
</head>
<body>
  <div class='ocr_page' id='page_1' title='image "./mtciceronisquae09lemagoog/mtciceronisquae09lemagoog_0645.png"; bbox 0 0 3044 4788; ppageno 0'>
   <div class='ocr_carea' id='block_1_1' title="bbox 706 399 2362 495">
    <p class='ocr_par' dir='ltr' id='par_1_1' title="bbox 706 399 2362 495">
     <span class='ocr_line' id='line_1_1' title="bbox 706 399 2362 495; baseline -0.004 -19"><span class='ocrx_word' id='word_1_1' title='bbox 706 408 840 475; x_wconf 89' lang='lat' dir='ltr'>DE</span> <span class='ocrx_word' id='word_1_2' title='bbox 888 401 1345 473; x_wconf 83' lang='lat' dir='ltr'><strong>JUDICIIS</strong></span> <span class='ocrx_word' id='word_1_3' title='bbox 1391 400 1889 468; x_wconf 84' lang='lat' dir='ltr'><strong>PUBLICIS.</strong></span> <span class='ocrx_word' id='word_1_4' title='bbox 2221 399 2362 495; x_wconf 85' lang='lat'>607</span> 
     </span>
    </p>
   </div>
   <div class='ocr_carea' id='block_1_2' title="bbox 244 519 2435 4185">
    <p class='ocr_par' dir='ltr' id='par_1_2' title="bbox 244 519 2375 721">
     <span class='ocr_line' id='line_1_2' title="bbox 330 519 2375 616; baseline -0.003 -22"><span class='ocrx_word' id='word_1_5' title='bbox 330 533 467 594; x_wconf 88' lang='lat' dir='ltr'>Jam</span> <span class='ocrx_word' id='word_1_6' title='bbox 493 554 529 593; x_wconf 88' lang='lat' dir='ltr'>a</span> <span class='ocrx_word' id='word_1_7' title='bbox 561 526 1027 616; x_wconf 81' lang='lat' dir='ltr'>quoestionibus</span> <span class='ocrx_word' id='word_1_8' title='bbox 1058 523 1141 588; x_wconf 89' lang='lat' dir='ltr'>ad</span> <span class='ocrx_word' id='word_1_9' title='bbox 1165 539 1358 588; x_wconf 80' lang='lat' dir='ltr'>testes</span> <span class='ocrx_word' id='word_1_10' title='bbox 1374 567 1392 601; x_wconf 90' lang='lat'>,</span> <span class='ocrx_word' id='word_1_11' title='bbox 1423 543 1567 608; x_wconf 80' lang='lat' dir='ltr'>quae</span> <span class='ocrx_word' id='word_1_12' title='bbox 1588 519 1783 585; x_wconf 89' lang='lat' dir='ltr'>altera</span> <span class='ocrx_word' id='word_1_13' title='bbox 1808 520 2207 608; x_wconf 84' lang='lat' dir='ltr'>probationis</span> <span class='ocrx_word' id='word_1_14' title='bbox 2232 547 2375 611; x_wconf 81' lang='lat' dir='ltr'>spe-</span> 
     </span>
     <span class='ocr_line' id='line_1_3' title="bbox 244 636 616 721; baseline -0.005 -21"><span class='ocrx_word' id='word_1_15' title='bbox 244 636 370 700; x_wconf 85' lang='lat' dir='ltr'>cies</span> <span class='ocrx_word' id='word_1_16' title='bbox 402 650 518 698; x_wconf 90' lang='lat' dir='ltr'>est.</span> <span class='ocrx_word' id='word_1_17' title='bbox 599 715 616 721; x_wconf 50' lang='grc'>-</span> 
     </span>
    </p>

    <p class='ocr_par' dir='ltr' id='par_1_3' title="bbox 248 732 2372 1142">
     <span class='ocr_line' id='line_1_4' title="bbox 334 732 2370 819; baseline -0.001 -16"><span class='ocrx_word' id='word_1_18' title='bbox 334 740 648 804; x_wconf 84' lang='lat' dir='ltr'>Homines</span> <span class='ocrx_word' id='word_1_19' title='bbox 677 736 864 801; x_wconf 90' lang='lat' dir='ltr'>liberi</span> <span class='ocrx_word' id='word_1_20' title='bbox 891 736 1188 815; x_wconf 88' lang='lat' dir='ltr'>fuerunt,</span> <span class='ocrx_word' id='word_1_21' title='bbox 1228 733 1342 819; x_wconf 90' lang='lat' dir='ltr'>qui</span> <span class='ocrx_word' id='word_1_22' title='bbox 1369 732 1812 795; x_wconf 81' lang='lat' dir='ltr'>testimonium</span> <span class='ocrx_word' id='word_1_23' title='bbox 1847 748 2023 795; x_wconf 85' lang='lat' dir='ltr'>extra</span> <span class='ocrx_word' id='word_1_24' title='bbox 2047 749 2370 800; x_wconf 87' lang='lat' dir='ltr'>tormenta</span> 
     </span>
     <span class='ocr_line' id='line_1_5' title="bbox 249 836 2370 926; baseline -0.002 -17"><span class='ocrx_word' id='word_1_25' title='bbox 249 845 568 909; x_wconf 83' lang='lat' dir='ltr'>dixerunt.</span> <span class='ocrx_word' id='word_1_26' title='bbox 598 843 927 926; x_wconf 72' lang='lat' dir='ltr'>Quoniam</span> <span class='ocrx_word' id='word_1_27' title='bbox 961 863 1094 903; x_wconf 89' lang='lat' dir='ltr'>non</span> <span class='ocrx_word' id='word_1_28' title='bbox 1127 836 1434 902; x_wconf 87' lang='lat' dir='ltr'>omnibus</span> <span class='ocrx_word' id='word_1_29' title='bbox 1460 836 1901 901; x_wconf 84' lang='lat' dir='ltr'>testimonium</span> <span class='ocrx_word' id='word_1_30' title='bbox 1930 836 2143 903; x_wconf 83' lang='lat' dir='ltr'>dicere</span> <span class='ocrx_word' id='word_1_31' title='bbox 2167 840 2370 922; x_wconf 82' lang='lat' dir='ltr'>licuit,</span> 
     </span>
     <span class='ocr_line' id='line_1_6' title="bbox 248 942 2372 1028; baseline -0.001 -15"><span class='ocrx_word' id='word_1_32' title='bbox 248 950 330 1013; x_wconf 87' lang='lat' dir='ltr'>de</span> <span class='ocrx_word' id='word_1_33' title='bbox 350 950 612 1013; x_wconf 85' lang='lat' dir='ltr'>testium</span> <span class='ocrx_word' id='word_1_34' title='bbox 632 947 1008 1012; x_wconf 83' lang='lat' dir='ltr'>conditione</span> <span class='ocrx_word' id='word_1_35' title='bbox 1023 993 1041 1023; x_wconf 87' lang='lat'>‚</span> <span class='ocrx_word' id='word_1_36' title='bbox 1071 960 1139 1008; x_wconf 89' lang='lat' dir='ltr'>et</span> <span class='ocrx_word' id='word_1_37' title='bbox 1159 942 1241 1007; x_wconf 88' lang='lat' dir='ltr'>de</span> <span class='ocrx_word' id='word_1_38' title='bbox 1262 943 1337 1005; x_wconf 87' lang='lat' dir='ltr'>iis</span> <span class='ocrx_word' id='word_1_39' title='bbox 1353 990 1370 1017; x_wconf 86' lang='lat'>‚</span> <span class='ocrx_word' id='word_1_40' title='bbox 1396 942 1633 1028; x_wconf 86' lang='lat' dir='ltr'>quibus</span> <span class='ocrx_word' id='word_1_41' title='bbox 1661 944 2104 1008; x_wconf 87' lang='lat' dir='ltr'>testimonium</span> <span class='ocrx_word' id='word_1_42' title='bbox 2128 945 2372 1010; x_wconf 87' lang='lat' dir='ltr'>denun-</span> 
     </span>
     <span class='ocr_line' id='line_1_7' title="bbox 249 1048 2365 1142; baseline -0.001 -24"><span class='ocrx_word' id='word_1_43' title='bbox 249 1056 390 1118; x_wconf 88' lang='lat' dir='ltr'>tiari</span> <span class='ocrx_word' id='word_1_44' title='bbox 410 1078 543 1118; x_wconf 91' lang='lat' dir='ltr'>non</span> <span class='ocrx_word' id='word_1_45' title='bbox 569 1069 803 1141; x_wconf 90' lang='lat' dir='ltr'>potest,</span> <span class='ocrx_word' id='word_1_46' title='bbox 824 1052 1152 1116; x_wconf 86' lang='lat' dir='ltr'>disserunt</span> <span class='ocrx_word' id='word_1_47' title='bbox 1170 1048 1649 1142; x_wconf 32' lang='lat' dir='ltr'>jurisconsultiffi</span> <span class='ocrx_word' id='word_1_48' title='bbox 1676 1050 1921 1136; x_wconf 88' lang='lat' dir='ltr'>Digest.</span> <span class='ocrx_word' id='word_1_49' title='bbox 1941 1051 2169 1131; x_wconf 83' lang='lat' dir='ltr'>XXII,</span> <span class='ocrx_word' id='word_1_50' title='bbox 2188 1052 2283 1115; x_wconf 89' lang='lat' dir='ltr'>tit.</span> <span class='ocrx_word' id='word_1_51' title='bbox 2307 1050 2365 1116; x_wconf 84' lang='lat'>5.</span> 
     </span>
    </p>

    <p class='ocr_par' dir='ltr' id='par_1_4' title="bbox 249 1152 2435 2390">
     <span class='ocr_line' id='line_1_8' title="bbox 335 1152 2374 1238; baseline 0 -15"><span class='ocrx_word' id='word_1_52' title='bbox 335 1161 623 1223; x_wconf 86' lang='lat' dir='ltr'>Testium</span> <span class='ocrx_word' id='word_1_53' title='bbox 674 1158 778 1220; x_wconf 86' lang='lat' dir='ltr'>illa</span> <span class='ocrx_word' id='word_1_54' title='bbox 826 1156 1053 1220; x_wconf 82' lang='lat' dir='ltr'>divisio</span> <span class='ocrx_word' id='word_1_55' title='bbox 1106 1154 1262 1234; x_wconf 87' lang='lat' dir='ltr'>fuit,</span> <span class='ocrx_word' id='word_1_56' title='bbox 1316 1169 1391 1218; x_wconf 88' lang='lat' dir='ltr'>ut</span> <span class='ocrx_word' id='word_1_57' title='bbox 1434 1152 1541 1217; x_wconf 89' lang='lat' dir='ltr'>alii</span> <span class='ocrx_word' id='word_1_58' title='bbox 1577 1155 1923 1218; x_wconf 80' lang='lat' dir='ltr'>voluntarii</span> <span class='ocrx_word' id='word_1_59' title='bbox 1971 1173 2220 1238; x_wconf 84' lang='lat' dir='ltr'>essent,</span> <span class='ocrx_word' id='word_1_60' title='bbox 2270 1159 2374 1222; x_wconf 86' lang='lat' dir='ltr'>alii</span> 
     </span>
     <span class='ocr_line' id='line_1_9' title="bbox 250 1259 2372 1345; baseline 0 -17"><span class='ocrx_word' id='word_1_61' title='bbox 250 1265 470 1328; x_wconf 87' lang='lat' dir='ltr'>coacti.</span> <span class='ocrx_word' id='word_1_62' title='bbox 505 1265 585 1326; x_wconf 89' lang='lat' dir='ltr'>In</span> <span class='ocrx_word' id='word_1_63' title='bbox 613 1260 1065 1325; x_wconf 85' lang='lat' dir='ltr'>controversiis</span> <span class='ocrx_word' id='word_1_64' title='bbox 1092 1259 1263 1321; x_wconf 88' lang='lat' dir='ltr'>inter</span> <span class='ocrx_word' id='word_1_65' title='bbox 1294 1259 1461 1322; x_wconf 85' lang='lat' dir='ltr'>cives</span> <span class='ocrx_word' id='word_1_66' title='bbox 1478 1304 1496 1338; x_wconf 90' lang='lat'>‚</span> <span class='ocrx_word' id='word_1_67' title='bbox 1521 1279 1637 1321; x_wconf 91' lang='lat' dir='ltr'>seu</span> <span class='ocrx_word' id='word_1_68' title='bbox 1656 1260 1898 1338; x_wconf 83' lang='lat' dir='ltr'>vocati,</span> <span class='ocrx_word' id='word_1_69' title='bbox 1922 1282 2035 1323; x_wconf 90' lang='lat' dir='ltr'>seu</span> <span class='ocrx_word' id='word_1_70' title='bbox 2062 1262 2372 1345; x_wconf 82' lang='lat' dir='ltr'>invocati3</span> 
     </span>
     <span class='ocr_line' id='line_1_10' title="bbox 249 1362 2377 1457; baseline -0 -25"><span class='ocrx_word' id='word_1_71' title='bbox 249 1368 478 1457; x_wconf 89' lang='lat' dir='ltr'>rogati,</span> <span class='ocrx_word' id='word_1_72' title='bbox 503 1389 620 1429; x_wconf 90' lang='lat' dir='ltr'>seu</span> <span class='ocrx_word' id='word_1_73' title='bbox 647 1387 782 1428; x_wconf 89' lang='lat' dir='ltr'>non</span> <span class='ocrx_word' id='word_1_74' title='bbox 815 1364 1055 1453; x_wconf 80' lang='lat' dir='ltr'>rogati3</span> <span class='ocrx_word' id='word_1_75' title='bbox 1080 1363 1311 1444; x_wconf 88' lang='lat' dir='ltr'>jurati,</span> <span class='ocrx_word' id='word_1_76' title='bbox 1339 1379 1453 1426; x_wconf 86' lang='lat' dir='ltr'>aut</span> <span class='ocrx_word' id='word_1_77' title='bbox 1478 1362 1768 1446; x_wconf 83' lang='lat' dir='ltr'>injurati,</span> <span class='ocrx_word' id='word_1_78' title='bbox 1794 1364 2240 1430; x_wconf 83' lang='lat' dir='ltr'>testimonium</span> <span class='ocrx_word' id='word_1_79' title='bbox 2275 1367 2377 1431; x_wconf 87' lang='lat' dir='ltr'>di-</span> 
     </span>
     <span class='ocr_line' id='line_1_11' title="bbox 250 1469 2375 1560; baseline 0 -23"><span class='ocrx_word' id='word_1_80' title='bbox 250 1474 519 1554; x_wconf 83' lang='lat' dir='ltr'>cebant3</span> <span class='ocrx_word' id='word_1_81' title='bbox 554 1488 619 1537; x_wconf 87' lang='lat' dir='ltr'>et</span> <span class='ocrx_word' id='word_1_82' title='bbox 653 1472 804 1558; x_wconf 89' lang='lat' dir='ltr'>quia</span> <span class='ocrx_word' id='word_1_83' title='bbox 837 1469 1012 1534; x_wconf 88' lang='lat' dir='ltr'>nulla</span> <span class='ocrx_word' id='word_1_84' title='bbox 1041 1470 1105 1533; x_wconf 82' lang='lat' dir='ltr'>vi</span> <span class='ocrx_word' id='word_1_85' title='bbox 1138 1485 1400 1532; x_wconf 80' lang='lat' dir='ltr'>externa</span> <span class='ocrx_word' id='word_1_86' title='bbox 1436 1485 1741 1556; x_wconf 84' lang='lat' dir='ltr'>cogente,</span> <span class='ocrx_word' id='word_1_87' title='bbox 1780 1470 1895 1534; x_wconf 87' lang='lat' dir='ltr'>sed</span> <span class='ocrx_word' id='word_1_88' title='bbox 1930 1488 2194 1560; x_wconf 89' lang='lat' dir='ltr'>sponte,</span> <span class='ocrx_word' id='word_1_89' title='bbox 2230 1496 2267 1536; x_wconf 91' lang='lat' dir='ltr'>a</span> <span class='ocrx_word' id='word_1_90' title='bbox 2297 1474 2375 1537; x_wconf 80' lang='lat' dir='ltr'>li-</span> 
     </span>
     <span class='ocr_line' id='line_1_12' title="bbox 252 1571 2383 1665; baseline 0 -26"><span class='ocrx_word' id='word_1_91' title='bbox 252 1577 629 1665; x_wconf 87' lang='lat' dir='ltr'>tigatoribus</span> <span class='ocrx_word' id='word_1_92' title='bbox 682 1576 929 1654; x_wconf 81' lang='lat' dir='ltr'>vocati,</span> <span class='ocrx_word' id='word_1_93' title='bbox 985 1572 1444 1661; x_wconf 81' lang='lat' dir='ltr'>comparebant</span> <span class='ocrx_word' id='word_1_94' title='bbox 1500 1571 1584 1636; x_wconf 89' lang='lat' dir='ltr'>ad</span> <span class='ocrx_word' id='word_1_95' title='bbox 1635 1571 1985 1656; x_wconf 84' lang='lat' dir='ltr'>judicium,</span> <span class='ocrx_word' id='word_1_96' title='bbox 2037 1575 2383 1640; x_wconf 76' lang='lat' dir='ltr'>voluntarii</span> 
     </span>
     <span class='ocr_line' id='line_1_13' title="bbox 249 1677 2379 1769; baseline -0 -23"><span class='ocrx_word' id='word_1_97' title='bbox 249 1698 441 1746; x_wconf 86' lang='lat' dir='ltr'>testes</span> <span class='ocrx_word' id='word_1_98' title='bbox 475 1680 977 1769; x_wconf 83' lang='lat' dir='ltr'>appellabantur.</span> <span class='ocrx_word' id='word_1_99' title='bbox 1010 1680 1098 1742; x_wconf 94' lang='lat' dir='ltr'>At</span> <span class='ocrx_word' id='word_1_100' title='bbox 1131 1679 1198 1741; x_wconf 90' lang='lat' dir='ltr'>in</span> <span class='ocrx_word' id='word_1_101' title='bbox 1229 1677 1485 1757; x_wconf 83' lang='lat' dir='ltr'>judiciis</span> <span class='ocrx_word' id='word_1_102' title='bbox 1522 1677 1797 1764; x_wconf 82' lang='lat' dir='ltr'>publicis</span> <span class='ocrx_word' id='word_1_103' title='bbox 1836 1679 1970 1742; x_wconf 84' lang='lat' dir='ltr'>sive</span> <span class='ocrx_word' id='word_1_104' title='bbox 1997 1679 2219 1760; x_wconf 82' lang='lat' dir='ltr'>judex,</span> <span class='ocrx_word' id='word_1_105' title='bbox 2246 1682 2379 1746; x_wconf 79' lang='lat' dir='ltr'>sive</span> 
     </span>
     <span class='ocr_line' id='line_1_14' title="bbox 251 1784 2380 1875; baseline -0 -25"><span class='ocrx_word' id='word_1_106' title='bbox 251 1804 585 1851; x_wconf 86' lang='lat' dir='ltr'>accusator</span> <span class='ocrx_word' id='word_1_107' title='bbox 629 1785 1054 1850; x_wconf 84' lang='lat' dir='ltr'>denuntiabat</span> <span class='ocrx_word' id='word_1_108' title='bbox 1103 1784 1552 1848; x_wconf 87' lang='lat' dir='ltr'>testimonium</span> <span class='ocrx_word' id='word_1_109' title='bbox 1600 1806 1616 1846; x_wconf 73' lang='grc' dir='ltr'><strong><em>ε</em></strong></span> <span class='ocrx_word' id='word_1_110' title='bbox 1667 1801 1865 1870; x_wconf 82' lang='lat' dir='ltr'>atque</span> <span class='ocrx_word' id='word_1_111' title='bbox 1923 1802 2108 1849; x_wconf 87' lang='lat' dir='ltr'>erant</span> <span class='ocrx_word' id='word_1_112' title='bbox 2159 1788 2380 1875; x_wconf 86' lang='lat' dir='ltr'>legum</span> 
     </span>
     <span class='ocr_line' id='line_1_15' title="bbox 252 1889 2382 1977; baseline -0 -22"><span class='ocrx_word' id='word_1_113' title='bbox 252 1893 648 1971; x_wconf 75' lang='lat' dir='ltr'>sanctioneS,</span> <span class='ocrx_word' id='word_1_114' title='bbox 695 1906 760 1952; x_wconf 89' lang='lat' dir='ltr'>et</span> <span class='ocrx_word' id='word_1_115' title='bbox 797 1912 999 1977; x_wconf 79' lang='lat' dir='ltr'>poenae</span> <span class='ocrx_word' id='word_1_116' title='bbox 1031 1891 1097 1952; x_wconf 91' lang='lat' dir='ltr'>in</span> <span class='ocrx_word' id='word_1_117' title='bbox 1133 1912 1243 1953; x_wconf 88' lang='lat' dir='ltr'>eos</span> <span class='ocrx_word' id='word_1_118' title='bbox 1288 1889 1693 1969; x_wconf 62' lang='lat' dir='ltr'>constitum,</span> <span class='ocrx_word' id='word_1_119' title='bbox 1730 1890 1843 1974; x_wconf 88' lang='lat' dir='ltr'>qui</span> <span class='ocrx_word' id='word_1_120' title='bbox 1881 1912 2014 1952; x_wconf 90' lang='lat' dir='ltr'>non</span> <span class='ocrx_word' id='word_1_121' title='bbox 2056 1906 2382 1977; x_wconf 80' lang='lat' dir='ltr'>parerent.</span> 
     </span>
     <span class='ocr_line' id='line_1_16' title="bbox 251 1993 2380 2082; baseline -0 -22"><span class='ocrx_word' id='word_1_122' title='bbox 251 1999 472 2060; x_wconf 86' lang='lat' dir='ltr'>Testes</span> <span class='ocrx_word' id='word_1_123' title='bbox 501 1997 731 2060; x_wconf 86' lang='lat' dir='ltr'>Cicero</span> <span class='ocrx_word' id='word_1_124' title='bbox 759 1996 828 2058; x_wconf 91' lang='lat' dir='ltr'>in</span> <span class='ocrx_word' id='word_1_125' title='bbox 861 1996 1042 2060; x_wconf 87' lang='lat' dir='ltr'>Verr.</span> <span class='ocrx_word' id='word_1_126' title='bbox 1084 1996 1197 2075; x_wconf 87' lang='lat' dir='ltr'>IV,</span> <span class='ocrx_word' id='word_1_127' title='bbox 1226 2017 1363 2082; x_wconf 87' lang='lat' dir='ltr'>cap.</span> <span class='ocrx_word' id='word_1_128' title='bbox 1407 1993 1493 2058; x_wconf 86' lang='lat'>66</span> <span class='ocrx_word' id='word_1_129' title='bbox 1515 2042 1533 2076; x_wconf 88' lang='lat'>,</span> <span class='ocrx_word' id='word_1_130' title='bbox 1574 2009 1637 2057; x_wconf 89' lang='lat' dir='ltr'>et</span> <span class='ocrx_word' id='word_1_131' title='bbox 1673 1993 1949 2076; x_wconf 89' lang='lat' dir='ltr'>Quintil.</span> <span class='ocrx_word' id='word_1_132' title='bbox 1978 1996 2058 2076; x_wconf 88' lang='lat' dir='ltr'>V,</span> <span class='ocrx_word' id='word_1_133' title='bbox 2099 2018 2161 2082; x_wconf 90' lang='lat'>7.</span> <span class='ocrx_word' id='word_1_134' title='bbox 2209 1997 2380 2059; x_wconf 72' lang='lat' dir='ltr'>Raro</span> 
     </span>
     <span class='ocr_line' id='line_1_17' title="bbox 253 2100 2435 2193; baseline -0.001 -25"><span class='ocrx_word' id='word_1_135' title='bbox 253 2121 468 2168; x_wconf 86' lang='lat' dir='ltr'>autem</span> <span class='ocrx_word' id='word_1_136' title='bbox 503 2105 845 2191; x_wconf 87' lang='lat' dir='ltr'>parebant,</span> <span class='ocrx_word' id='word_1_137' title='bbox 883 2103 1007 2167; x_wconf 87' lang='lat' dir='ltr'>nisi</span> <span class='ocrx_word' id='word_1_138' title='bbox 1039 2103 1221 2166; x_wconf 86' lang='lat' dir='ltr'>inviti</span> <span class='ocrx_word' id='word_1_139' title='bbox 1257 2126 1272 2167; x_wconf 76' lang='grc' dir='ltr'><strong><em>ε</em></strong></span> <span class='ocrx_word' id='word_1_140' title='bbox 1316 2103 1444 2166; x_wconf 92' lang='lat' dir='ltr'>hoc</span> <span class='ocrx_word' id='word_1_141' title='bbox 1478 2101 1653 2165; x_wconf 88' lang='lat' dir='ltr'>enim</span> <span class='ocrx_word' id='word_1_142' title='bbox 1683 2118 1931 2165; x_wconf 78' lang='lat' dir='ltr'>veteres</span> <span class='ocrx_word' id='word_1_143' title='bbox 1964 2100 2048 2165; x_wconf 87' lang='lat' dir='ltr'>ad</span> <span class='ocrx_word' id='word_1_144' title='bbox 2079 2102 2385 2167; x_wconf 85' lang='lat' dir='ltr'>humani·-</span> <span class='ocrx_word' id='word_1_145' title='bbox 2430 2189 2435 2193; x_wconf 12' lang='lat' dir='ltr'><em>q</em></span> 
     </span>
     <span class='ocr_line' id='line_1_18' title="bbox 252 2207 2380 2295; baseline 0 -23"><span class='ocrx_word' id='word_1_146' title='bbox 252 2224 450 2272; x_wconf 90' lang='lat' dir='ltr'>tatem</span> <span class='ocrx_word' id='word_1_147' title='bbox 474 2208 798 2295; x_wconf 87' lang='lat' dir='ltr'>pertinere</span> <span class='ocrx_word' id='word_1_148' title='bbox 818 2208 1316 2287; x_wconf 85' lang='lat' dir='ltr'>arbitrabantur,</span> <span class='ocrx_word' id='word_1_149' title='bbox 1345 2224 1421 2270; x_wconf 86' lang='lat' dir='ltr'>ut</span> <span class='ocrx_word' id='word_1_150' title='bbox 1445 2230 1642 2271; x_wconf 88' lang='lat' dir='ltr'>nemo</span> <span class='ocrx_word' id='word_1_151' title='bbox 1666 2207 1915 2293; x_wconf 71' lang='lat' dir='ltr'>capitiS,</span> <span class='ocrx_word' id='word_1_152' title='bbox 1936 2224 2053 2270; x_wconf 88' lang='lat' dir='ltr'>aut</span> <span class='ocrx_word' id='word_1_153' title='bbox 2082 2210 2380 2273; x_wconf 88' lang='lat' dir='ltr'>fortuna·</span> 
     </span>
     <span class='ocr_line' id='line_1_19' title="bbox 253 2310 2246 2390; baseline 0.001 -14"><span class='ocrx_word' id='word_1_154' title='bbox 253 2336 402 2376; x_wconf 87' lang='lat' dir='ltr'>rum</span> <span class='ocrx_word' id='word_1_155' title='bbox 435 2313 730 2375; x_wconf 86' lang='lat' dir='ltr'>omnium</span> <span class='ocrx_word' id='word_1_156' title='bbox 757 2312 1199 2375; x_wconf 86' lang='lat' dir='ltr'>testimonium</span> <span class='ocrx_word' id='word_1_157' title='bbox 1228 2312 1294 2374; x_wconf 91' lang='lat' dir='ltr'>in</span> <span class='ocrx_word' id='word_1_158' title='bbox 1325 2311 1480 2374; x_wconf 88' lang='lat' dir='ltr'>alios</span> <span class='ocrx_word' id='word_1_159' title='bbox 1509 2310 1754 2375; x_wconf 89' lang='lat' dir='ltr'>diceret</span> <span class='ocrx_word' id='word_1_160' title='bbox 1775 2359 1795 2390; x_wconf 91' lang='lat'>,</span> <span class='ocrx_word' id='word_1_161' title='bbox 1834 2312 1957 2374; x_wconf 87' lang='lat' dir='ltr'>nisi</span> <span class='ocrx_word' id='word_1_162' title='bbox 1985 2313 2246 2377; x_wconf 83' lang='lat' dir='ltr'>invitus.</span> 
     </span>
    </p>

    <p class='ocr_par' dir='ltr' id='par_1_5' title="bbox 255 2416 2393 2823">
     <span class='ocr_line' id='line_1_20' title="bbox 343 2416 2391 2509; baseline 0.002 -30"><span class='ocrx_word' id='word_1_163' title='bbox 343 2418 442 2480; x_wconf 83' lang='lat' dir='ltr'>Ex</span> <span class='ocrx_word' id='word_1_164' title='bbox 472 2417 602 2479; x_wconf 85' lang='grc' dir='ltr'>ΧΠ</span> <span class='ocrx_word' id='word_1_165' title='bbox 643 2416 877 2479; x_wconf 89' lang='lat' dir='ltr'>tabulis</span> <span class='ocrx_word' id='word_1_166' title='bbox 925 2439 1120 2480; x_wconf 87' lang='lat' dir='ltr'>nemo</span> <span class='ocrx_word' id='word_1_167' title='bbox 1160 2417 1398 2480; x_wconf 82' lang='lat' dir='ltr'>invitus</span> <span class='ocrx_word' id='word_1_168' title='bbox 1438 2416 1886 2480; x_wconf 83' lang='lat' dir='ltr'>testimonium</span> <span class='ocrx_word' id='word_1_169' title='bbox 1935 2416 2149 2482; x_wconf 85' lang='lat' dir='ltr'>dicere</span> <span class='ocrx_word' id='word_1_170' title='bbox 2192 2441 2391 2509; x_wconf 88' lang='lat' dir='ltr'>coge-</span> 
     </span>
     <span class='ocr_line' id='line_1_21' title="bbox 255 2521 2391 2611; baseline 0.002 -25"><span class='ocrx_word' id='word_1_171' title='bbox 255 2523 467 2586; x_wconf 83' lang='lat' dir='ltr'>batur.</span> <span class='ocrx_word' id='word_1_172' title='bbox 516 2522 748 2585; x_wconf 84' lang='lat' dir='ltr'>Postea</span> <span class='ocrx_word' id='word_1_173' title='bbox 788 2523 975 2585; x_wconf 85' lang='lat' dir='ltr'>variis</span> <span class='ocrx_word' id='word_1_174' title='bbox 1016 2523 1268 2611; x_wconf 86' lang='lat' dir='ltr'>legibus</span> <span class='ocrx_word' id='word_1_175' title='bbox 1311 2538 1506 2608; x_wconf 90' lang='lat' dir='ltr'>atque</span> <span class='ocrx_word' id='word_1_176' title='bbox 1537 2521 1763 2585; x_wconf 85' lang='lat' dir='ltr'>edictis</span> <span class='ocrx_word' id='word_1_177' title='bbox 1796 2539 2149 2609; x_wconf 85' lang='lat' dir='ltr'>praetorum</span> <span class='ocrx_word' id='word_1_178' title='bbox 2192 2541 2391 2590; x_wconf 85' lang='lat' dir='ltr'>testes</span> 
     </span>
     <span class='ocr_line' id='line_1_22' title="bbox 258 2625 2393 2714; baseline 0.001 -22"><span class='ocrx_word' id='word_1_179' title='bbox 258 2628 462 2692; x_wconf 90' lang='lat' dir='ltr'>coacti</span> <span class='ocrx_word' id='word_1_180' title='bbox 495 2644 649 2691; x_wconf 89' lang='lat' dir='ltr'>sunt</span> <span class='ocrx_word' id='word_1_181' title='bbox 688 2628 754 2689; x_wconf 92' lang='lat' dir='ltr'>in</span> <span class='ocrx_word' id='word_1_182' title='bbox 795 2625 1054 2707; x_wconf 83' lang='lat' dir='ltr'>judiciis</span> <span class='ocrx_word' id='word_1_183' title='bbox 1085 2626 1401 2714; x_wconf 80' lang='lat' dir='ltr'>publicis:</span> <span class='ocrx_word' id='word_1_184' title='bbox 1433 2628 1521 2690; x_wconf 90' lang='lat' dir='ltr'>ita</span> <span class='ocrx_word' id='word_1_185' title='bbox 1560 2642 1638 2690; x_wconf 92' lang='lat' dir='ltr'>ut</span> <span class='ocrx_word' id='word_1_186' title='bbox 1680 2628 1900 2691; x_wconf 80' lang='lat' dir='ltr'>multae</span> <span class='ocrx_word' id='word_1_187' title='bbox 1939 2630 2393 2694; x_wconf 75' lang='lat' dir='ltr'>recusantibus</span> 
     </span>
     <span class='ocr_line' id='line_1_23' title="bbox 258 2732 1814 2823; baseline -0.001 -25"><span class='ocrx_word' id='word_1_188' title='bbox 258 2736 737 2823; x_wconf 83' lang='lat' dir='ltr'>irrogarentur3</span> <span class='ocrx_word' id='word_1_189' title='bbox 770 2749 835 2795; x_wconf 90' lang='lat' dir='ltr'>et</span> <span class='ocrx_word' id='word_1_190' title='bbox 861 2732 951 2812; x_wconf 30' lang='lat' dir='ltr'>‘ab</span> <span class='ocrx_word' id='word_1_191' title='bbox 983 2733 1074 2796; x_wconf 89' lang='lat' dir='ltr'>eis</span> <span class='ocrx_word' id='word_1_192' title='bbox 1105 2733 1376 2821; x_wconf 85' lang='lat' dir='ltr'>pignora</span> <span class='ocrx_word' id='word_1_193' title='bbox 1407 2749 1814 2821; x_wconf 85' lang='lat' dir='ltr'>caperentur.</span> 
     </span>
    </p>

    <p class='ocr_par' dir='ltr' id='par_1_6' title="bbox 260 2837 2400 3643">
     <span class='ocr_line' id='line_1_24' title="bbox 349 2837 2393 2929; baseline 0.002 -28"><span class='ocrx_word' id='word_1_194' title='bbox 349 2840 424 2901; x_wconf 89' lang='lat' dir='ltr'>In</span> <span class='ocrx_word' id='word_1_195' title='bbox 479 2839 684 2902; x_wconf 83' lang='lat' dir='ltr'>causis</span> <span class='ocrx_word' id='word_1_196' title='bbox 729 2837 1009 2925; x_wconf 83' lang='lat' dir='ltr'>publicis</span> <span class='ocrx_word' id='word_1_197' title='bbox 1054 2839 1409 2902; x_wconf 86' lang='lat' dir='ltr'>accusatori</span> <span class='ocrx_word' id='word_1_198' title='bbox 1447 2839 1586 2926; x_wconf 88' lang='lat' dir='ltr'>lege</span> <span class='ocrx_word' id='word_1_199' title='bbox 1617 2839 1846 2902; x_wconf 88' lang='lat' dir='ltr'>licebat</span> <span class='ocrx_word' id='word_1_200' title='bbox 1882 2854 2145 2903; x_wconf 85' lang='lat' dir='ltr'>centum</span> <span class='ocrx_word' id='word_1_201' title='bbox 2194 2857 2393 2929; x_wconf 86' lang='lat' dir='ltr'>atque</span> 
     </span>
     <span class='ocr_line' id='line_1_25' title="bbox 260 2940 2393 3032; baseline 0.002 -25"><span class='ocrx_word' id='word_1_202' title='bbox 260 2945 489 3032; x_wconf 81' lang='lat' dir='ltr'>viginti</span> <span class='ocrx_word' id='word_1_203' title='bbox 522 2943 900 3008; x_wconf 89' lang='lat' dir='ltr'>hominibus</span> <span class='ocrx_word' id='word_1_204' title='bbox 927 2940 1308 3007; x_wconf 89' lang='lat' dir='ltr'>denuntiare</span> <span class='ocrx_word' id='word_1_205' title='bbox 1339 2945 1804 3008; x_wconf 88' lang='lat' dir='ltr'>testimonium.</span> <span class='ocrx_word' id='word_1_206' title='bbox 1840 2944 1977 3008; x_wconf 88' lang='lat' dir='ltr'>Val.</span> <span class='ocrx_word' id='word_1_207' title='bbox 2005 2946 2174 3009; x_wconf 83' lang='lat' dir='ltr'>Max.</span> <span class='ocrx_word' id='word_1_208' title='bbox 2200 2946 2393 3029; x_wconf 85' lang='lat' dir='ltr'>VIII,</span> 
     </span>
     <span class='ocr_line' id='line_1_26' title="bbox 269 3049 2391 3140; baseline 0.003 -26"><span class='ocrx_word' id='word_1_209' title='bbox 269 3073 326 3132; x_wconf 78' lang='grc' dir='ltr'>ι,</span> <span class='ocrx_word' id='word_1_210' title='bbox 368 3074 479 3115; x_wconf 91' lang='lat' dir='ltr'>1o:</span> <span class='ocrx_word' id='word_1_211' title='bbox 514 3054 637 3116; x_wconf 77' lang='lat' dir='ltr'>«In</span> <span class='ocrx_word' id='word_1_212' title='bbox 680 3053 819 3140; x_wconf 85' lang='lat' dir='ltr'>lege</span> <span class='ocrx_word' id='word_1_213' title='bbox 860 3050 1121 3114; x_wconf 82' lang='lat' dir='ltr'>Servilia</span> <span class='ocrx_word' id='word_1_214' title='bbox 1170 3049 1740 3137; x_wconf 77' lang='lat' dir='ltr'>repetundarum».</span> <span class='ocrx_word' id='word_1_215' title='bbox 1778 3052 1851 3114; x_wconf 90' lang='lat' dir='ltr'>In</span> <span class='ocrx_word' id='word_1_216' title='bbox 1888 3053 2147 3140; x_wconf 82' lang='lat' dir='ltr'>privatis</span> <span class='ocrx_word' id='word_1_217' title='bbox 2174 3071 2391 3122; x_wconf 85' lang='lat' dir='ltr'>autem</span> 
     </span>
     <span class='ocr_line' id='line_1_27' title="bbox 262 3155 2398 3243; baseline 0.001 -23"><span class='ocrx_word' id='word_1_218' title='bbox 262 3157 717 3220; x_wconf 83' lang='lat' dir='ltr'>controversiis</span> <span class='ocrx_word' id='word_1_219' title='bbox 760 3156 1077 3243; x_wconf 86' lang='lat' dir='ltr'>plurium,</span> <span class='ocrx_word' id='word_1_220' title='bbox 1127 3178 1323 3242; x_wconf 87' lang='lat' dir='ltr'>quam</span> <span class='ocrx_word' id='word_1_221' title='bbox 1361 3155 1585 3220; x_wconf 89' lang='lat' dir='ltr'>decem</span> <span class='ocrx_word' id='word_1_222' title='bbox 1628 3156 1973 3220; x_wconf 86' lang='lat' dir='ltr'>hominum</span> <span class='ocrx_word' id='word_1_223' title='bbox 2019 3158 2398 3223; x_wconf 85' lang='lat' dir='ltr'>testimonio</span> 
     </span>
     <span class='ocr_line' id='line_1_28' title="bbox 263 3260 2396 3341; baseline 0.001 -16"><span class='ocrx_word' id='word_1_224' title='bbox 263 3263 364 3325; x_wconf 86' lang='lat' dir='ltr'>uti</span> <span class='ocrx_word' id='word_1_225' title='bbox 409 3283 545 3326; x_wconf 89' lang='lat' dir='ltr'>non</span> <span class='ocrx_word' id='word_1_226' title='bbox 582 3262 838 3325; x_wconf 82' lang='lat' dir='ltr'>licuisse</span> <span class='ocrx_word' id='word_1_227' title='bbox 887 3262 976 3325; x_wconf 92' lang='lat' dir='ltr'>ait</span> <span class='ocrx_word' id='word_1_228' title='bbox 1028 3262 1381 3325; x_wconf 86' lang='lat' dir='ltr'>Frontinus</span> <span class='ocrx_word' id='word_1_229' title='bbox 1409 3309 1427 3341; x_wconf 87' lang='lat'>,</span> <span class='ocrx_word' id='word_1_230' title='bbox 1487 3260 1569 3324; x_wconf 90' lang='lat' dir='ltr'>de</span> <span class='ocrx_word' id='word_1_231' title='bbox 1619 3262 1951 3325; x_wconf 79' lang='lat' dir='ltr'>limitibus,</span> <span class='ocrx_word' id='word_1_232' title='bbox 2021 3265 2170 3326; x_wconf 88' lang='lat' dir='ltr'>Fuit</span> <span class='ocrx_word' id='word_1_233' title='bbox 2220 3265 2396 3327; x_wconf 82' lang='lat' dir='ltr'>enim</span> 
     </span>
     <span class='ocr_line' id='line_1_29' title="bbox 264 3366 2399 3457; baseline 0.001 -27"><span class='ocrx_word' id='word_1_234' title='bbox 264 3367 546 3454; x_wconf 87' lang='lat' dir='ltr'>antiquis</span> <span class='ocrx_word' id='word_1_235' title='bbox 579 3366 1045 3457; x_wconf 85' lang='lat' dir='ltr'>legislatoribus</span> <span class='ocrx_word' id='word_1_236' title='bbox 1081 3388 1249 3429; x_wconf 83' lang='lat' dir='ltr'>curae</span> <span class='ocrx_word' id='word_1_237' title='bbox 1269 3414 1287 3447; x_wconf 90' lang='lat'><strong>,</strong></span> <span class='ocrx_word' id='word_1_238' title='bbox 1328 3381 1405 3430; x_wconf 89' lang='lat' dir='ltr'>ut</span> <span class='ocrx_word' id='word_1_239' title='bbox 1437 3367 1699 3430; x_wconf 87' lang='lat' dir='ltr'>testium</span> <span class='ocrx_word' id='word_1_240' title='bbox 1733 3390 2081 3431; x_wconf 87' lang='lat' dir='ltr'>numerum</span> <span class='ocrx_word' id='word_1_241' title='bbox 2115 3385 2399 3432; x_wconf 86' lang='lat' dir='ltr'>coarcta-</span> 
     </span>
     <span class='ocr_line' id='line_1_30' title="bbox 264 3471 2400 3559; baseline 0 -24"><span class='ocrx_word' id='word_1_242' title='bbox 264 3488 438 3552; x_wconf 86' lang='lat' dir='ltr'>rent,</span> <span class='ocrx_word' id='word_1_243' title='bbox 474 3495 556 3536; x_wconf 90' lang='lat' dir='ltr'>ne</span> <span class='ocrx_word' id='word_1_244' title='bbox 578 3473 644 3535; x_wconf 90' lang='lat' dir='ltr'>in</span> <span class='ocrx_word' id='word_1_245' title='bbox 675 3471 1004 3536; x_wconf 87' lang='lat' dir='ltr'>infinitum</span> <span class='ocrx_word' id='word_1_246' title='bbox 1036 3487 1472 3537; x_wconf 83' lang='lat' dir='ltr'>excrescentes</span> <span class='ocrx_word' id='word_1_247' title='bbox 1497 3472 1918 3559; x_wconf 82' lang='lat' dir='ltr'>probationes</span> <span class='ocrx_word' id='word_1_248' title='bbox 1946 3474 2195 3537; x_wconf 74' lang='lat' dir='ltr'>veritati</span> <span class='ocrx_word' id='word_1_249' title='bbox 2221 3490 2400 3538; x_wconf 90' lang='lat' dir='ltr'>tene-</span> 
     </span>
     <span class='ocr_line' id='line_1_31' title="bbox 265 3577 876 3643; baseline 0.002 -3"><span class='ocrx_word' id='word_1_250' title='bbox 265 3577 412 3641; x_wconf 85' lang='lat' dir='ltr'>bras</span> <span class='ocrx_word' id='word_1_251' title='bbox 439 3578 876 3643; x_wconf 81' lang='lat' dir='ltr'>offunderent.</span> 
     </span>
    </p>

    <p class='ocr_par' dir='ltr' id='par_1_7' title="bbox 253 3682 2402 4185">
     <span class='ocr_line' id='line_1_32' title="bbox 354 3682 2401 3771; baseline 0.002 -25"><span class='ocrx_word' id='word_1_252' title='bbox 354 3684 595 3764; x_wconf 82' lang='lat' dir='ltr'>Testis,</span> <span class='ocrx_word' id='word_1_253' title='bbox 641 3700 782 3747; x_wconf 88' lang='lat' dir='ltr'>tum</span> <span class='ocrx_word' id='word_1_254' title='bbox 814 3682 990 3771; x_wconf 89' lang='lat' dir='ltr'>apud</span> <span class='ocrx_word' id='word_1_255' title='bbox 1024 3683 1279 3748; x_wconf 79' lang='lat' dir='ltr'>Graecos</span> <span class='ocrx_word' id='word_1_256' title='bbox 1300 3732 1318 3765; x_wconf 90' lang='lat'><strong>,</strong></span> <span class='ocrx_word' id='word_1_257' title='bbox 1368 3700 1512 3747; x_wconf 87' lang='lat' dir='ltr'>tum</span> <span class='ocrx_word' id='word_1_258' title='bbox 1551 3682 1728 3771; x_wconf 59' lang='lat' dir='ltr'>apud*</span> <span class='ocrx_word' id='word_1_259' title='bbox 1753 3684 2050 3764; x_wconf 83' lang='lat' dir='ltr'>Latinos,</span> <span class='ocrx_word' id='word_1_260' title='bbox 2086 3684 2401 3750; x_wconf 77' lang='lat' dir='ltr'>admotus</span> 
     </span>
     <span class='ocr_line' id='line_1_33' title="bbox 253 3787 2402 3871; baseline 0.001 -19"><span class='ocrx_word' id='word_1_261' title='bbox 253 3787 349 3852; x_wconf 71' lang='lat' dir='ltr'>ed</span> <span class='ocrx_word' id='word_1_262' title='bbox 380 3813 558 3853; x_wconf 87' lang='lat' dir='ltr'>aram</span> <span class='ocrx_word' id='word_1_263' title='bbox 596 3790 854 3868; x_wconf 87' lang='lat' dir='ltr'>jurabat</span> <span class='ocrx_word' id='word_1_264' title='bbox 887 3811 955 3852; x_wconf 84' lang='lat' dir='ltr'>se</span> <span class='ocrx_word' id='word_1_265' title='bbox 984 3813 1134 3853; x_wconf 82' lang='lat' dir='ltr'>vera</span> <span class='ocrx_word' id='word_1_266' title='bbox 1165 3790 1494 3855; x_wconf 85' lang='lat' dir='ltr'>dicturum</span> <span class='ocrx_word' id='word_1_267' title='bbox 1520 3838 1538 3870; x_wconf 88' lang='lat'>,</span> <span class='ocrx_word' id='word_1_268' title='bbox 1592 3790 1689 3855; x_wconf 81' lang='lat' dir='ltr'>uti</span> <span class='ocrx_word' id='word_1_269' title='bbox 1731 3813 1850 3871; x_wconf 85' lang='lat' dir='ltr'>ne,</span> <span class='ocrx_word' id='word_1_270' title='bbox 1903 3791 1971 3853; x_wconf 89' lang='lat' dir='ltr'>in</span> <span class='ocrx_word' id='word_1_271' title='bbox 2016 3793 2402 3855; x_wconf 84' lang='lat' dir='ltr'>testimonio</span> 
     </span>
     <span class='ocr_line' id='line_1_34' title="bbox 266 3892 2394 3982; baseline 0.003 -27"><span class='ocrx_word' id='word_1_272' title='bbox 266 3892 555 3958; x_wconf 84' lang='lat' dir='ltr'>dicundo</span> <span class='ocrx_word' id='word_1_273' title='bbox 585 3894 893 3982; x_wconf 86' lang='lat' dir='ltr'>religione</span> <span class='ocrx_word' id='word_1_274' title='bbox 923 3893 1303 3974; x_wconf 84' lang='lat' dir='ltr'>obstrictus,</span> <span class='ocrx_word' id='word_1_275' title='bbox 1339 3895 1751 3959; x_wconf 84' lang='lat' dir='ltr'>mentiretur.</span> <span class='ocrx_word' id='word_1_276' title='bbox 1789 3895 1961 3960; x_wconf 85' lang='lat' dir='ltr'>Hinc</span> <span class='ocrx_word' id='word_1_277' title='bbox 1992 3895 2241 3959; x_wconf 79' lang='lat' dir='ltr'>(lictum</span> <span class='ocrx_word' id='word_1_278' title='bbox 2272 3896 2394 3961; x_wconf 89' lang='lat' dir='ltr'>Pe-</span> 
     </span>
     <span class='ocr_line' id='line_1_35' title="bbox 266 3997 2401 4090; baseline 0.003 -30"><span class='ocrx_word' id='word_1_279' title='bbox 266 3997 466 4077; x_wconf 83' lang='lat' dir='ltr'>riclis,</span> <span class='ocrx_word' id='word_1_280' title='bbox 495 4028 522 4054; x_wconf 70' lang='lat' dir='ltr'>a</span> <span class='ocrx_word' id='word_1_281' title='bbox 540 3999 799 4063; x_wconf 73' lang='lat' dir='ltr'>Amicus</span> <span class='ocrx_word' id='word_1_282' title='bbox 831 4020 978 4062; x_wconf 85' lang='lat' dir='ltr'>sum</span> <span class='ocrx_word' id='word_1_283' title='bbox 1005 4021 1213 4087; x_wconf 85' lang='lat' dir='ltr'>usque</span> <span class='ocrx_word' id='word_1_284' title='bbox 1239 3998 1318 4064; x_wconf 87' lang='lat' dir='ltr'>ad</span> <span class='ocrx_word' id='word_1_285' title='bbox 1346 4021 1484 4064; x_wconf 88' lang='lat' dir='ltr'>aras</span> <span class='ocrx_word' id='word_1_286' title='bbox 1501 4030 1552 4063; x_wconf 73' lang='grc' dir='ltr'>ι.</span> <span class='ocrx_word' id='word_1_287' title='bbox 1584 3999 1715 4063; x_wconf 89' lang='lat' dir='ltr'>Cic.</span> <span class='ocrx_word' id='word_1_288' title='bbox 1745 4023 1865 4087; x_wconf 86' lang='lat' dir='ltr'>pro</span> <span class='ocrx_word' id='word_1_289' title='bbox 1894 4001 2097 4065; x_wconf 83' lang='lat' dir='ltr'>Flacc.</span> <span class='ocrx_word' id='word_1_290' title='bbox 2125 4024 2266 4090; x_wconf 89' lang='lat' dir='ltr'>cap.</span> <span class='ocrx_word' id='word_1_291' title='bbox 2290 4001 2401 4066; x_wconf 79' lang='lat'>25.</span> 
     </span>
     <span class='ocr_line' id='line_1_36' title="bbox 280 4103 2221 4185; baseline 0.003 -20"><span class='ocrx_word' id='word_1_292' title='bbox 280 4105 354 4167; x_wconf 51' lang='lat' dir='ltr'>&amp;t</span> <span class='ocrx_word' id='word_1_293' title='bbox 373 4104 656 4168; x_wconf 82' lang='lat' dir='ltr'>Vestales</span> <span class='ocrx_word' id='word_1_294' title='bbox 674 4121 743 4168; x_wconf 86' lang='lat' dir='ltr'>et</span> <span class='ocrx_word' id='word_1_295' title='bbox 766 4103 1111 4170; x_wconf 81' lang='lat' dir='ltr'>Pontifices</span> <span class='ocrx_word' id='word_1_296' title='bbox 1131 4106 1581 4171; x_wconf 85' lang='lat' dir='ltr'>testimonium</span> <span class='ocrx_word' id='word_1_297' title='bbox 1611 4104 1910 4170; x_wconf 85' lang='lat' dir='ltr'>dicebant</span> <span class='ocrx_word' id='word_1_298' title='bbox 1941 4105 2221 4185; x_wconf 86' lang='lat' dir='ltr'>injurati.</span> 
     </span>
    </p>
   </div>
  </div>
 </body>
</html>
