3044 4788
690 444 796 514 IN
843 436 1270 523 VERREM
1322 444 1544 512 ACT.
1597 446 1708 528 II,
1759 444 1941 525 LIB.
1990 446 2044 511 1.
2297 440 2424 526 341

299 569 448 641 sios
473 586 730 635 navem
751 563 1081 660 poposcit
1097 614 1117 649 ‚
1134 584 1295 658 quae
1320 585 1488 632 eum
1507 562 1817 659 praesidii
1844 586 2058 641 causa
2080 563 2433 660 Myndum

298 685 887 773 prosequeretur.
937 669 1047 742 Illi
1084 671 1323 743 statim
1363 694 1888 770 myoparonem
1929 676 2298 771 egregium
2344 675 2433 745 de
2468 757 2485 770 ⁸

300 810 429 856 sua
482 784 704 855 classe
731 836 751 871 ‚
809 794 1149 852 ornatum
1189 795 1406 877 atque
1449 796 1803 852 armatum
1851 781 2231 854 dederunt.
2277 789 2430 855 Hoc

294 894 630 993 pmesidio
670 890 1024 989 Myndum
1067 888 1438 987 profectus
1476 906 1605 962 est.
1663 893 1881 979 Nam,
1916 891 2097 989 quid
2140 892 2433 965 Milesiis

291 1003 474 1080 lanae
491 1002 833 1103 publicae¹
866 1000 1268 1088 abstulerit,
1286 1003 1461 1071 item
1479 998 1571 1071 de
1600 1017 1895 1100 sumptu
1921 1004 1998 1072 in
2016 1002 2433 1090 adventum,

294 1113 388 1186 de
432 1112 888 1186 contumeliis
931 1125 1024 1183 et.
1057 1111 1343 1206 injuriis
1383 1114 1459 1182 in
1496 1114 1991 1209 magistratum
2026 1114 2386 1187 Milesium
2412 1169 2431 1201 ‚

294 1226 579 1307 tametsi
621 1220 762 1293 dici
816 1234 975 1292 tum
1026 1244 1233 1308 vere,
1287 1235 1447 1291 tum
1496 1224 1805 1317 graviter
1846 1238 1918 1294 et
1962 1224 2433 1307 vehementer

292 1348 555 1434 potest,
575 1347 818 1404 tamen
842 1332 1081 1403 dicere
1105 1334 1644 1429 praetermittam
1663 1385 1683 1420 ‚
1712 1355 1940 1429 eaque
1967 1335 2212 1425 omnia
2236 1339 2432 1408 testi-

292 1442 435 1519 bus
467 1438 751 1540 'integra
787 1440 1171 1514 reservabo
1202 1468 1217 1511 :
1255 1440 1431 1512 illud
1452 1495 1473 1530 ‚
1506 1440 1711 1540 quod
1747 1466 1988 1540 neque
2026 1448 2244 1515 taceri
2280 1446 2430 1529 ullo

294 1552 553 1641 modo,
593 1576 835 1650 neque
873 1552 1015 1623 dici
1054 1573 1189 1650 pro
1226 1550 1621 1649 dignitate²
1669 1566 1951 1649 potest,
1984 1559 2423 1651 cognoscite.
2483 1596 2488 1601 -

293 1664 561 1736 Milites
612 1665 1067 1760 remigesque
1102 1662 1434 1747 Miletum
1474 1660 1753 1759 Myndo
1805 1661 2116 1761 pedibus
2168 1669 2430 1747 reverti

288 1772 546 1869 jubet:
598 1774 753 1869 ipse
797 1795 1316 1871 myoparonem
1379 1772 1984 1870 pulcherrimum,
2035 1772 2125 1845 de
2176 1772 2428 1846 decem

293 1884 746 1974 Milesiorum
776 1878 1123 1959 navibus³2
1161 1880 1472 1958 electum
1496 1934 1517 1969 ‚
1554 1885 1628 1952 L.
1662 1882 1901 1979 Magio
1943 1896 2015 1953 et
2043 1885 2122 1952 L.
2154 1881 2383 1954 Rabio
2409 1939 2428 1970 ‚

292 1995 422 2092 qui
472 1993 762 2091 Myndi‘*
812 1992 1274 2083 habitabant,
1314 1990 1661 2063 vendidit.
1711 1994 1799 2075 Hi
1842 2006 2013 2062 sunt
2049 1991 2382 2077 homines
2407 2050 2426 2083 ‚

290 2130 479 2202 quos
529 2126 770 2202 nuper
825 2117 1115 2189 senatus
1169 2106 1247 2194 in
1304 2101 1626 2193 hostium
1685 2126 2002 2187 numero.
2047 2101 2429 2183 habendos

292 2216 611 2303 censuit3
675 2212 818 2284 hoc
877 2213 979 2284 illi
1035 2215 1319 2310 navigio
1380 2212 1470 2291 ad
1517 2237 1773 2285 omnes
1829 2213 2084 2311 populi
2145 2218 2424 2284 romani

290 2324 571 2415 hostes,
611 2347 847 2422 usque
882 2321 976 2394 ab
1023 2324 1318 2411 Dianio,
1358 2321 1562 2421 quod
1600 2324 1674 2393 in
1714 2320 2101 2422 Hispania⁵
2146 2338 2254 2396 est
2278 2379 2297 2413 ,
2332 2323 2423 2393 ad

286 2438 607 2534 Sinopen
634 2489 653 2522 ‚
691 2458 852 2530 quae
889 2435 965 2504 in
1001 2438 1235 2504 Ponto
1272 2448 1415 2521 est,
1460 2436 2001 2530 navigaverunt.
2042 2438 2106 2505 Ο
2148 2432 2247 2504 dii
2287 2440 2422 2505 im·

286 2541 658 2616 mortales!
699 2542 1196 2616 incredibilem
1234 2545 1598 2615 avaritiam
1620 2598 1641 2633 ‚
1678 2542 2260 2641 singularemque
2301 2568 2423 2613 au-

288 2651 610 2726 daciam!
668 2657 937 2725 Navem
978 2670 1063 2725 tu
1118 2653 1210 2725 de
1265 2653 1488 2725 classe
1537 2652 1794 2750 populi
1838 2653 2161 2739 romani,
2200 2675 2418 2747 quam

290 2763 424 2836 tibi
473 2762 746 2835 Milesia
799 2765 1083 2853 civitas,
1153 2780 1233 2835 ut
1285 2779 1354 2835 te
1415 2776 2007 2862 prosequeretur,
2067 2760 2379 2833 dedisset
2404 2815 2423 2846 ‚

285 2897 507 2945 ausus
562 2896 638 2945 es
685 2870 1054 2945 vendere?
1096 2875 1167 2944 Si
1211 2888 1282 2945 te
1323 2871 1744 2973 magnitudo
1800 2871 2169 2964 maleficii,
2235 2872 2295 2942 si
2347 2884 2418 2944 te

353 3140 597 3189 xxxw.
632 3155 674 3186 1.
704 3143 854 3187 Lunoe
864 3139 1091 3203 publicoe.
1119 3140 1301 3188 Milesia

283 3220 457 3268 civitas
491 3219 716 3284 publicos
762 3219 815 3267 in
859 3221 1050 3284 pascuis
1095 3219 1304 3267 habebat

285 3298 454 3347 ovium
476 3313 667 3362 greges,
706 3315 768 3346 ex
793 3314 1002 3363 quorum
1028 3299 1140 3346 lana
1159 3299 1303 3346 vecti·

283 3378 410 3442 galia
426 3377 651 3442 augebat.
663 3378 792 3427 Hinc
804 3389 919 3426 sunt
929 3379 1055 3425 lanae
1075 3376 1300 3440 publicae.

284 3461 428 3506 Lauae
445 3456 651 3505 Milesia!
674 3457 852 3521 passim
882 3455 1015 3521 apud
1040 3456 1302 3521 scriptores

280 3548 465 3586 veteres
487 3537 813 3595 celebrantur,
845 3547 903 3584 ut
926 3535 1297 3600 pretiosissimas.

280 3616 418 3680 Vis-g.
440 3618 616 3680 Georg.
636 3618 733 3674 111,
756 3616 877 3674 3063
906 3619 998 3678 lv,
1035 3609 1150 3671 134.
1169 3615 1293 3663 Pliu.

281 3696 433 3753 vm,
460 3697 541 3756 73.

353 3790 403 3823 a.
431 3777 526 3823 Pro
551 3774 799 3839 dignitate.
836 3775 905 3822 Ut
939 3772 1083 3836 digna
1112 3787 1186 3819 res
1208 3783 1296 3820 est.

278 3853 451 3904 Manet
490 3853 713 3903 Graevius
759 3851 1052 3917 indignitate
1068 3884 1083 3905 ,
1135 3862 1184 3898 et
1228 3853 1297 3899 sic

276 3932 425 3983 habet
441 3930 635 3981 Schiitz.
651 3935 862 3980 Frustra.
876 3933 1000 3980 Nam
1019 3930 1231 3993 dignitas
1249 3931 1299 3977 in

279 4023 535 4076 utramque
560 4023 746 4077 partem
774 4011 1011 4075 accipitur
1026 4043 1041 4066 ‚
1067 4018 1121 4056 ut
1148 4009 1303 4071 graeca

278 4108 381 4140 vox
398 4087 613 4148 ἀξίωσις,
646 4087 854 4156 ἀξίωμα..
888 4089 995 4140 Cic.
1026 4086 1087 4134 de
1110 4090 1299 4135 Invent.

281 4173 358 4229 11,
393 4172 488 4218 160
514 4186 526 4218 :
571 4193 596 4212 u
617 4170 814 4218 Justitia
842 4178 911 4215 est
937 4166 1129 4214 habitus
1156 4165 1301 4212 animi

1400 3177 1413 3189 .
1432 3176 1444 3186 .
1460 3154 1621 3186 .suam
1641 3137 1820 3200 cuique
1840 3136 2058 3183 tribuens
2079 3125 2359 3197 dignitatem
2378 3155 2420 3177 -.

1462 3220 1509 3266 3.
1542 3219 1615 3264 De
1640 3216 1804 3264 decem
1831 3214 2046 3262 navibus.
2079 3214 2214 3275 Quas
2235 3210 2417 3260 Milesii

1390 3313 1452 3344 ex
1470 3295 1652 3344 foedere
1668 3294 1901 3343 Romanis
1925 3290 2221 3356 praebebant.

1461 3385 1513 3432 4.
1553 3374 1740 3438 Myndi.
1779 3375 1835 3420 Iu
1869 3372 2058 3420 ditione
2094 3367 2410 3418 Mithridatis.

1389 3455 1581 3518 Magius
1603 3454 1731 3501 euim
1753 3463 1800 3501 et
1818 3451 2055 3507 Phanias,
2077 3466 2162 3497 seu
2182 3449 2411 3501 Fannius.

1386 3534 1451 3581 al.
1472 3531 1701 3581 Rabirius
1714 3566 1728 3588 ‚
1757 3531 1820 3579 ad
1841 3529 2180 3579 Mithridatem
2201 3527 2412 3579 transsu-

1386 3623 1579 3676 αιτιοι,
1606 3612 1753 3660 Ponti
1774 3626 1962 3675 regem,
1997 3610 2084 3672 qui
2109 3623 2194 3654 eos
2220 3605 2284 3653 ad
2311 3608 2412 3654 Ser·

1386 3691 1569 3738 torium
1594 3691 1645 3738 in
1674 3691 1956 3754 Hispaniam
1982 3688 2174 3735 miserat
2191 3723 2206 3747 ,
2238 3685 2299 3733 de
2325 3701 2412 3749 pa·

1387 3770 1611 3817 ciscenda
1638 3769 1753 3819 belli
1779 3770 2008 3817 societate
2046 3766 2276 3814 adversus
2308 3767 2415 3812 Ro·

1387 3865 1572 3897 manos.

1459 3929 1507 3976 5.
1537 3925 1715 3975 Schiitz
1751 3927 1967 3975 exsulare
1998 3926 2112 3977 hinc
2140 3924 2279 3985 jubet
2302 3923 2413 3970 liis-

1382 4006 1666 4069 paniamet
1696 4009 1919 4053 Pontum.
1938 4004 2087 4057 Male.
2112 4006 2161 4051 J.
2179 4003 2241 4048 V.
2265 4004 2322 4049 1..
2341 4025 2410 4036 -——

1390 4086 1552 4133 Verba
1579 4086 1708 4131 cuim
1736 4084 1840 4131 haec
1864 4084 2084 4130 locorum
2108 4079 2409 4128 intervallum

1393 4165 1542 4227 magis
1566 4164 1924 4216 demonstrant,
1953 4171 2000 4207 et
2026 4158 2338 4223 amplificant.
