3044 4788
690 427 1135 496 NICOLAI
1197 426 1878 497 DESJARDINS.
2159 434 2343 525 xxvij

235 550 490 648 supra)
525 574 828 646 prorsus
864 549 1235 619 existimat.
1283 552 1438 618 Hoc
1475 562 1756 619 tantum
1793 548 2040 635 vellet,
2071 570 2192 640 ut,
2227 562 2353 652 qui

223 662 556 754 jocorum
574 662 940 730 Ciceronis
968 655 1190 726 libros
1215 670 1358 727 tres
1381 655 1641 743 edidit,
1660 657 2014 730 dictorum
2051 688 2355 736 numero

230 772 517 867 parcius
550 767 997 853 indulsisset,
1024 769 1231 850 Tiro,
1282 778 1352 835 et
1386 766 1549 862 plus
1575 765 1825 860 judicii
1861 771 1933 839 in
1979 772 2356 869 eligendi5‚

227 905 451 977 quam
504 884 584 949 in
626 864 1100 973 congerendis
1150 874 1371 946 studii
1407 873 1887 963 adhibuisset3
1924 880 2209 971 Cicero,
2240 887 2359 954 in·

198 992 429 1086 quit,
467 1018 504 1052 α
536 989 776 1058 minus
817 984 1146 1080 objectus
1188 984 1792 1057 calumniantibus
1839 985 2097 1060 foret».
2138 995 2360 1067 Vetus

230 1113 337 1169 est
377 1098 655 1168 malurn
680 1151 700 1184 ‚
740 1109 824 1166 ut
866 1092 1188 1164 officiosa
1238 1093 1578 1165 sedulitas
1622 1096 1827 1166 amici
1869 1103 2137 1171 mortui
2180 1102 2357 1174 dum

229 1206 436 1277 samae
474 1204 823 1304 prodesse
858 1204 1054 1289 vult,
1103 1200 1311 1274 obsit.
1350 1201 1819 1275 Ambitiosius
1856 1209 2084 1295 enim,
2139 1236 2361 1307 quam

231 1340 527 1386 necesse
558 1330 667 1385 est
686 1369 706 1401 ‚
726 1310 1226 1409 conquirendo
1251 1312 1364 1383 vel
1390 1312 1851 1408 congerendo
1886 1318 2362 1394 minutissima

231 1424 632 1521 fragmenta
665 1448 826 1519 quae
854 1422 1047 1493 docti
1069 1421 1401 1492 inchoata
1418 1446 1603 1519 saepe
1621 1422 2110 1520 reliquerunt,
2140 1430 2365 1501 edun-

234 1549 356 1604 tur
393 1532 617 1602 libelli
652 1534 725 1601 in
767 1529 1038 1628 quibus
1073 1529 1336 1601 frustra
1374 1534 1630 1602 eorum
1666 1536 1990 1630 requiras
2029 1556 2360 1628 manum,
2453 1590 2460 1597 «

238 1666 562 1737 quorum
590 1665 854 1711 nomen
890 1665 1036 1738 prae
1063 1665 1138 1711 se
1174 1637 1435 1711 ferunt.
1479 1646 1587 1712 Eo
1623 1641 1786 1739 plus
1826 1643 2078 1738 judicii
2120 1650 2194 1719 in
2233 1675 2364 1722 sua

240 1752 607 1821 Ciceronis
659 1750 995 1845 jocorum
1033 1749 1456 1820 collectione
1488 1749 1832 1823 adhibere
1875 1752 2127 1826 debuit
2161 1762 2362 1846 Tire,

238 1859 442 1955 quod
484 1860 769 1929 nescius
800 1883 954 1928 non
996 1855 1171 1942 fuit,
1208 1858 1474 1929 multos
1507 1862 1637 1956 qui
1672 1862 2039 1935 Ciceronis
2068 1891 2217 1937 non
2257 1894 2366 1940 es·

238 1983 398 2039 sent
420 2023 440 2050 ‚
484 1973 561 2037 in
598 1968 1019 2038 Ciceronem
1055 1967 1393 2054 collatOS‚
1430 1983 1504 2038 et
1540 1970 1696 2064 ejus
1738 1969 1968 2044 dictos
1995 1973 2249 2064 fuisse,
2282 1994 2366 2050 ut

240 2080 581 2148 nimirum
611 2101 701 2148 ex
726 2091 933 2147 tanto
967 2081 1261 2147 nomine
1288 2077 1573 2148 insulsis
1597 2104 1896 2175 quoque
1924 2081 2130 2154 dictis
2163 2111 2368 2157 acce-

238 2189 445 2259 deret
476 2188 862 2258 auctoritas
892 2213 908 2254 :
948 2184 1039 2257 de
1074 2211 1219 2282 qua
1252 2212 1332 2257 re
1368 2176 1618 2258 festive
1646 2191 1797 2284 ipse
1826 2195 2156 2286 queritur
2197 2220 2367 2269 cum

240 2297 674 2381 Volumni0‚
705 2310 925 2392 atque
960 2294 1365 2392 expostulat
1405 2295 1609 2393 quod
1651 2320 1944 2393 «parum
1985 2299 2369 2399 diligenter

241 2411 601 2505 possessio
627 2407 1009 2476 salinarum
1048 2430 1340 2476 suarum
1374 2406 1463 2477 ab
1503 2431 1593 2477 eo
1632 2425 2099 2503 procuratore
2127 2412 2372 2485 defen·

244 2517 453 2588 datur
464 2549 517 2585 n.
545 2515 653 2587 Ad
672 2517 1223 2612 Div.V11‚epist.
1244 2514 1322 2585 31
1343 2569 1356 2583 .
1386 2516 1772 2588 Indulserit
1784 2518 1966 2612 jocis
1980 2519 2369 2618 aliquando

242 2652 411 2698 sane
430 2626 709 2697 Tullius
736 2624 900 2722 plus
942 2648 1161 2720 quam
1211 2627 1377 2695 satis
1414 2641 1557 2714 est,
1595 2632 1942 2723 quoniam
1987 2634 2081 2700 ita
2129 2632 2250 2719 fit,
2291 2649 2371 2704 ut

245 2739 369 2834 qui
406 2738 669 2808 ceteris
706 2735 945 2830 aliqua
979 2759 1054 2804 re
1092 2734 1548 2830 praecellunt,
1599 2761 1682 2806 ea
1723 2762 1907 2835 saepe
1958 2738 2045 2810 ad
2087 2743 2372 2812 aurium

250 2845 609 2918 fastidium
635 2842 1028 2913 abutantur
1061 2870 1077 2912 :
1115 2859 1189 2913 at
1235 2844 1702 2916 nihilominus
1734 2846 2231 2920 confitendum
2265 2868 2372 2924 est

249 2982 411 3027 eum
444 2955 537 3026 ad
558 2954 767 3048 jocos
796 2967 867 3022 et
892 2950 1177 3022 facetias
1204 2968 1450 3050 aptum
1482 2969 1738 3024 natura
1769 2953 1986 3028 fuisse
2029 2959 2255 3054 (Plut.
2294 2964 2365 3031 in

250 3065 551 3156 Cicer.):
582 3062 1016 3158 vultumque
1047 3061 1233 3132 illius
1266 3065 1492 3132 risum
1529 3078 1601 3132 et
1629 3065 2085 3137 serenitatem
2120 3094 2265 3164 prae
2293 3095 2370 3140 se

247 3174 539 3256 tulisse3
581 3177 680 3244 ita
724 3187 804 3242 ut
845 3173 947 3242 sic
985 3172 1159 3243 olim
1196 3170 1286 3242 ad
1327 3174 1725 3243 Antonium
1753 3172 1870 3266 (in
1910 3177 2244 3271 Epistolis
2277 3179 2368 3248 ad

250 3292 394 3356 Att.
431 3284 476 3353 l.
503 3283 710 3376 xlv)
762 3282 925 3377 jure
957 3279 1269 3353 scribere
1324 3283 1676 3376 potuerit:
1724 3283 1971 3354 «Nihil
2014 3310 2363 3382 umquam

249 3417 404 3464 non
436 3391 653 3461 modo
689 3389 1025 3462 acerbum
1055 3394 1128 3459 in
1155 3415 1271 3461 me
1310 3389 1445 3460 fuit
1465 3444 1485 3476 ‚
1516 3392 1645 3463 sed
1663 3416 1757 3460 ne
1795 3393 2039 3488 paullo
2075 3395 2370 3489 quidem

252 3503 528 3573 tristius
565 3516 683 3571 aut
717 3502 1064 3584 severim,
1105 3524 1324 3596 quam
1365 3503 1748 3571 necessitas
1784 3501 2192 3599 reipublicae
2233 3530 2370 3602 po-

253 3612 541 3684 stulavit
560 3641 610 3679 2.
660 3614 737 3680 ln
782 3610 922 3680 illis
956 3624 1197 3680 autem
1236 3609 1391 3703 ejus
1435 3610 1748 3681 dicteriis
1791 3609 2251 3685 artificiosum
2298 3631 2373 3685 et

254 3737 586 3818 argutum
617 3718 793 3817 quid
822 3718 1069 3806 fuisse,
1095 3744 1244 3815 quo
1264 3744 1304 3789 a
1329 3734 1734 3790 ceterorum
1756 3719 1963 3792 dictis
1983 3725 2374 3795 certissime

257 3829 875 3926 distinguerentur
911 3854 927 3897 z
963 3830 1063 3899 ita
1091 3843 1171 3899 ut
1200 3831 1431 3900 Caesar
1469 3827 1596 3924 (ad
1631 3832 1791 3901 Div.
1823 3833 1964 3917 IX,
2003 3834 2206 3928 epist.
2247 3834 2372 3926 16)

258 3933 481 4034 quum
521 3943 724 4008 tritas
772 3960 980 4007 aures
1012 3936 1310 4009 haberet
1353 3937 1688 4010 notandis
1731 3940 2117 4038 generibus
2152 3943 2378 4015 dicte-

259 4045 533 4115 riorum.
567 4042 878 4140 [etenim
902 4052 920 4084 ¹
962 4041 1327 4115 volumina
1365 4042 1770 4118 confecerat
1800 4038 2374 4144 ἄποφθεγμάτων],

336 4204 378 4236 ι.
403 4193 604 4240 Sueton-
632 4189 688 4237 in
720 4187 827 4236 sul.
861 4202 967 4250 cap.
999 4187 1084 4235 56.
2127 4260 2171 4326 b
