3044 4788
636 446 748 514 IN
796 444 1242 512 VERREM
1291 445 1504 512 ACT.
1542 444 1659 527 II,
1711 443 1904 513 LIB.
1943 449 1998 514 I.
2241 448 2378 519 323

260 573 452 641 Socii
479 591 646 638 vero
679 569 1153 662 nationesque
1183 581 1440 636 exterae
1472 589 1675 662 spem
1701 571 2026 637 omnium
2058 584 2212 639 tum
2243 578 2386 669 pri·

260 702 462 748 mum
513 671 884 769 abjecere⁶
928 698 1167 745 rerum
1209 696 1291 745 ac
1330 673 1787 745 fortunarum
1826 700 2116 749 suarum
2150 708 2165 751 ε
2211 702 2384 778 pro-

264 801 509 885 pterea
538 785 739 886 quod
777 810 944 855 casu
986 785 1195 881 legati
1225 809 1311 855 ex
1346 788 1508 855 Asia
1545 799 1762 882 atque
1794 784 2053 858 Achaia
2092 790 2383 886 plurimi

260 903 505 968 Romae
552 911 726 966 tunc
771 894 1101 980 fuerunt,
1142 899 1272 991 qui
1314 893 1617 965 deorum
1664 896 2076 983 simulacra,
2110 924 2194 969 ex
2242 904 2386 972 suis

259 1007 444 1078 fanis
490 1006 807 1091 sublata,
845 1009 922 1074 in
956 1003 1117 1087 foro
1149 1004 1746 1091 venerabantur7,
1792 1010 2110 1104 itemque
2153 1025 2388 1081 cetera

258 1121 460 1214 signa
497 1132 570 1188 et
617 1122 1040 1186 ornamenta
1076 1136 1305 1211 quum
1349 1130 1907 1210 cognoscerent,
1967 1119 2099 1187 alia
2137 1120 2277 1190 alio
2314 1122 2388 1189 in

258 1229 420 1299 loco
449 1226 921 1322 lacrymantes
946 1223 1440 1294 intuebantur.
1473 1226 1807 1313 Quorum
1833 1229 2162 1296 omnium
2192 1228 2389 1300 hunc

260 1359 672 1407 sermonem
708 1347 864 1403 tum
900 1356 1052 1404 esse
1089 1331 1565 1403 audiebamus
1596 1361 1610 1402 ε
1641 1362 1674 1397 α
1707 1332 1902 1403 Nihil
1950 1359 2101 1405 esse
2123 1391 2142 1424 ,
2189 1339 2390 1433 quod

260 1476 294 1510 α
318 1450 701 1542 quisquam
730 1443 1098 1514 dubitaret
1118 1443 1209 1514 de
1246 1444 1468 1513 exitio
1491 1448 1857 1514 sociorum
1884 1459 2101 1541 atque
2129 1451 2389 1520 amico·

264 1585 297 1618 α
325 1576 486 1624 rum
511 1579 531 1639 3
564 1578 790 1650 quum
818 1552 1116 1649 quidem
1145 1551 1475 1622 viderent
1500 1557 1576 1621 in
1609 1550 1770 1623 foro
1803 1556 2055 1651 populi
2086 1565 2391 1646 romani,

262 1695 296 1727 «
322 1689 472 1760 quo
504 1664 579 1732 in
609 1664 766 1733 loco
799 1678 1041 1743 antea,
1076 1663 1201 1759 qui
1227 1662 1756 1754 sociisinjurias
1790 1664 2148 1754 fecerant,
2184 1692 2390 1739 accu-

262 1804 297 1838 «
322 1779 460 1844 sari
481 1789 552 1844 et
570 1772 1035 1843 condemnari
1066 1770 1397 1843 solebant
1414 1823 1434 1857 ,
1469 1769 1573 1840 ibi
1598 1794 1750 1842 esse
1778 1773 2014 1868 palam
2039 1778 2266 1869 posita
2285 1800 2389 1863 ea,

263 1914 297 1948 a
324 1908 483 1979 quae
515 1882 608 1953 ab
635 1884 845 1954 sociis
874 1906 1004 1979 per
1036 1881 1263 1952 scelus
1291 1879 1528 1951 ablata
1555 1896 1948 1978 ereptaque
1973 1900 2208 1955 essent
2237 1917 2290 1955 ι».

361 1998 616 2065 ΧΧῙΙΙ.
642 1997 774 2064 Hic
799 2017 933 2088 ego
954 2016 1103 2061 non
1136 1990 1447 2060 arbitror
1469 1990 1672 2059 illum
1698 2002 2126 2086 negaturum
2143 2048 2162 2079 ,
2194 2001 2391 2092 signa

263 2128 416 2174 sese
468 2103 815 2199 plurima,
859 2099 1142 2170 tabulas
1194 2102 1418 2195 pictas
1459 2098 2024 2171 innumerabiles
2078 2103 2390 2187 habere;

261 2213 421 2297 sed,
467 2227 548 2283 ut
583 2213 866 2309 opinor,
907 2210 1088 2281 solet
1124 2209 1305 2293 haec,
1354 2233 1514 2305 quae
1550 2215 1790 2307 rapuit
1825 2225 1897 2282 et
1934 2211 2209 2285 furatus
2247 2231 2389 2304 est,

265 2346 815 2419 nonnumquam
862 2321 1138 2409 dicere,
1175 2343 1249 2390 se
1289 2324 1544 2391 emisse
1584 2347 1598 2387 ε
1651 2322 1994 2417 quoniam
2040 2326 2336 2421 quidem
2364 2338 2383 2369 ¹

260 2437 334 2506 in
364 2434 701 2506 Achaiam
718 2443 773 2518 ²,
808 2434 1082 2518 Asiam,
1110 2430 1639 2527 Pamphyliam,
1671 2445 1965 2528 sumptu
1987 2431 2014 2474 ³
2056 2433 2351 2530 publico
2374 2492 2393 2524 ,

261 2563 336 2616 et
364 2544 739 2640 legationis
763 2547 1088 2628 nomine,
1138 2551 1498 2612 mercator
1535 2542 1907 2635 signorum
1948 2542 2391 2615 tabularum·-

261 2684 408 2756 que
461 2658 811 2753 pictarum
861 2659 1118 2726 missus
1164 2670 1287 2726 est.
1341 2654 1589 2724 Habeo
1641 2668 1712 2723 et
1759 2657 2003 2740 istiuS‚
2060 2673 2130 2726 et
2169 2664 2392 2755 patris

261 2767 419 2861 ejus
449 2766 725 2861 accepti
756 2763 1078 2834 tabulas4
1116 2788 1409 2839 omnes:
1455 2788 1633 2859 quas
1677 2763 2216 2860 diligentissime
2247 2768 2386 2865 legi

259 2891 484 2972 atque
521 2874 826 2972 digessi:
861 2877 1117 2970 patris,
1143 2872 1386 2970 qu’oad
1420 2874 1626 2958 vixit3
1664 2887 1819 2942 tuas
1841 2927 1859 2960 ,
1900 2875 2144 2970 quoad
2186 2881 2284 2949 ais
2321 2891 2390 2950 te

262 2984 678 3056 confecisse.
721 2988 900 3054 Nam
932 2985 1005 3052 in
1040 2985 1208 3068 isto,
1240 2983 1553 3078 judiceS,
1596 2983 1737 3052 hoc
1775 3009 2041 3054 novum
2083 2991 2391 3086 reperie-

263 3096 376 3165 tis,
418 3094 805 3180 Audimus,
850 3094 1163 3190 aliquem
1203 3093 1478 3165 tabulas
1518 3117 1916 3188 numquam
1952 3096 2389 3184 confecisse3

332 3357 382 3405 6.
422 3355 620 3403 Rectius
649 3356 772 3403 forte
801 3356 1105 3418 abjecerunt,
1147 3355 1285 3420 qnod
1445 3372 1494 3404 2.
1524 3359 1583 3402 In
1615 3355 1879 3413 Achaiam,
1909 3368 2001 3405 ete.
2038 3359 2129 3405 Per
2158 3375 2277 3422 quas
2302 3361 2392 3408 iter

261 3435 409 3484 habet
455 3443 596 3481 vetus
647 3434 761 3481 cod.
805 3435 938 3498 apud
988 3433 1284 3484 Gothofred.
1372 3435 1424 3481 in
1451 3435 1669 3482 Ciliciam
1697 3437 2000 3500 provinciam
2026 3438 2222 3486 fecerat.

260 3517 309 3562 J.
324 3517 385 3560 V.
407 3515 459 3559 L.
1445 3514 1493 3561 3.
1514 3515 1714 3576 San-peu
1725 3515 1938 3578 publico.
1961 3516 2090 3563 Vide
2110 3531 2276 3580 sup.e.
2299 3525 2361 3573 14
2378 3555 2392 3578 ‚

338 3609 388 3651 7.
414 3591 633 3638 Debebat
661 3608 795 3650 esse,
824 3603 877 3639 ut
904 3594 1091 3640 Emest.
1115 3601 1280 3655 putat,
1373 3607 1485 3655 quae
1517 3592 1564 3638 ei
1595 3593 1658 3639 ad
1692 3594 1909 3656 privatos
1945 3605 2165 3659 sumptus
2191 3598 2392 3660 publico

263 3682 620 3719 muer-arentur
629 3689 650 3727 ,·
675 3682 723 3719 et
751 3671 945 3719 videtur
965 3674 1035 3718 sie
1053 3671 1278 3718 habuisse
1374 3672 1544 3718 erario
1563 3671 1710 3718 suerit
1728 3671 1964 3735 assignata
1982 3676 2203 3738 pecunia.

264 3754 313 3798 in
343 3750 566 3814 exemplo
593 3763 684 3798 suo
707 3751 988 3799 scholiastes
1006 3766 1281 3814 anonymus
1448 3759 1500 3806 4.
1532 3751 1736 3814 Accepet'
1766 3753 1977 3800 tabulas.
2012 3757 2120 3803 Jam
2158 3755 2220 3802 nd
2245 3757 2392 3804 Rosc.

264 3831 551 3877 Vossianus.
570 3830 692 3876 J.V.
716 3832 770 3878 Ι...
1377 3829 1604 3877 Comoed.
1635 3845 1680 3890 1,
1714 3831 2078 3892 adnotavimus,
2121 3836 2394 3884 Romanum

335 3910 529 3956 xxm.
557 3923 599 3954 ι.
629 3907 876 3968 Quoniam
904 3906 1112 3969 quidem·
1140 3909 1286 3954 Asco-
1370 3923 1767 3972 unumquemque
1822 3912 2032 3960 rationes
2076 3913 2190 3961 vitae
2244 3919 2397 3963 totius

270 3988 406 4045 nius,
432 3997 545 4049 post
564 3985 790 4049 quidem,
814 3983 955 4032 addit
973 3998 1116 4031 «enm
1136 3983 1288 4047 impe-
1374 4003 1462 4051 per
1489 3986 1593 4034 dies
1619 3989 1836 4050 singulos
1862 3992 2094 4050 scribere,
2127 4009 2190 4039 ex
2215 3995 2394 4056 quibus

268 4067 344 4112 rio
362 4076 412 4112 et
429 4065 678 4113 securibus
692 4087 741 4122 ιι,
760 4063 898 4127 quod
923 4063 1043 4110 male
1066 4063 1289 4126 migrasse
1376 4077 1632 4130 appeteret
1648 4068 1766 4129 quid
1787 4069 1910 4116 lueri
1937 4071 2162 4118 damnive
2190 4073 2391 4120 fecisset.

268 4154 445 4205 putant
473 4161 499 4191 e
518 4143 720 4191 Veri-ina
745 4144 831 4197 IV,
854 4149 902 4196 4.
919 4143 950 4189 J
955 4145 1042 4189 ΑΙ.
1064 4143 1115 4189 1..
1382 4146 1513 4191 Dicit
1560 4157 1718 4192 nutem
1767 4150 2009 4195 Asconius
2030 4184 2043 4207 ‚
2103 4162 2386 4212 postquam,

2045 4253 2196 4301 21.'
