3044 4788
676 405 814 478 300
1317 405 1412 471 M.
1465 404 1543 470 T.
1596 403 2157 472 CICERONIS

667 527 887 598 fidem
916 538 1225 597 vestram
1263 538 1337 596 et
1368 521 1796 619 religionem
1836 547 1987 592 non
2017 524 2394 620 potueritis
2416 574 2436 609 ,
2468 546 2561 593 eo
2601 523 2844 595 vobis

662 636 1037 734 judicandi
1076 647 1393 733 potestas
1429 646 1678 731 erepta
1715 634 1856 703 sit:
1896 630 2163 703 deinde
2201 635 2416 704 etiam
2457 632 2654 703 illud
2693 659 2836 705 oo-

667 751 918 846 gitate,
947 758 1224 843 quanto
1248 740 1573 838 periculo
1593 739 1622 784 ⁸
1647 745 1937 813 venturi
1970 744 2196 813 simus
2224 740 2317 815 ad
2346 766 2469 814 eos
2497 742 2830 838 judice-5,

670 881 856 956 quos
885 868 1188 953 propter
1216 851 1468 923 odium
1497 855 1715 923 vestri
1747 851 2066 950 populus
2092 875 2438 923 romanus
2469 850 2560 922 de
2594 852 2829 924 vobis

667 966 982 1037 voluerit
1009 960 1354 1058 judicare.
1390 965 1665 1033 Verum
1696 960 1905 1033 vobis
1932 960 2170 1034 dicam
2202 962 2277 1033 id
2300 1017 2320 1046 ,
2358 960 2562 1060 quod
2589 963 2828 1033 intel-

668 1082 810 1152 lexi
837 1133 856 1166 ‚
908 1074 1188 1173 judices
1224 1103 1240 1146 ε
1283 1075 1619 1149 homines
1661 1079 1918 1147 scitote
1972 1101 2126 1148 esse
2169 1075 2562 1175 quosdam,
2614 1101 2823 1174 quos

670 1203 952 1262 tantum
995 1186 1246 1258 odium
1297 1190 1517 1259 vestri
1563 1185 1841 1259 ordinis
1898 1200 2178 1275 teneat,
2239 1201 2324 1257 ut
2374 1186 2513 1258 hoc
2565 1187 2818 1285 palam

663 1303 813 1397 jam
854 1282 1225 1385 dictitent,
1272 1321 1346 1369 se
1386 1300 1644 1382 istum,
1686 1321 1908 1394 quem
1954 1299 2185 1367 sciant
2236 1319 2390 1368 esse
2425 1296 2818 1367 hominem

664 1406 1319 1511 improbissimum}
1348 1407 1494 1491 hoc
1512 1420 1663 1477 uno
1691 1409 1991 1477 nomine
2022 1405 2296 1478 absolvi
2332 1406 2551 1491 velle,
2596 1421 2684 1476 ut
2716 1405 2815 1476 ab

667 1536 922 1595 senatu
952 1520 1223 1616 judicia
1251 1543 1382 1617 per
1401 1520 1876 1616 ignominiam
1902 1517 2583 1615 turpitudinemque
2609 1515 2812 1590 aufe·

669 1646 943 1703 rantur.
984 1636 1198 1700 Haec9
1236 1652 1380 1715 me,
1404 1626 1722 1722 judices,
1763 1625 2099 1725 pluribus
2143 1627 2384 1700 verbis
2423 1627 2810 1700 vobiscum

674 1765 885 1838 agere
923 1742 1162 1837 coegit
1201 1762 1351 1809 non
1393 1740 1614 1808 timor
1645 1760 1852 1807 meus
1885 1736 1976 1808 de
2005 1750 2240 1809 vestra
2264 1736 2444 1824 fide,
2468 1737 2599 1809 sed
2640 1763 2809 1837 spes

672 1854 966 1924 illorum
988 1860 1051 1897 ¹⁰
1089 1871 1275 1919 nova
1302 1874 1322 1934 ς
1359 1872 1521 1945 quae
1552 1873 1784 1945 quum
1800 1852 2102 1920 Verrem
2135 1873 2174 1919 a
2204 1865 2415 1947 porta
2442 1849 2692 1921 subito
2718 1849 2809 1922 ad

661 1960 1020 2058 judicium
1048 1959 1458 2029 retraxisset
1475 2012 1494 2046 ‚
1525 1957 1859 2029 nonnulli
1885 1962 2227 2055 suspicati
2249 1972 2451 2047 sunt,
2470 1986 2627 2031 non
2647 1964 2807 2033 sine

667 2100 879 2148 causa
913 2073 1107 2144 illius
1144 2072 1528 2144 consilium
1560 2087 1710 2144 tam
1744 2087 2046 2171 repente
2079 2099 2235 2146 esse
2267 2090 2654 2146 mutatum.

759 2189 883 2253 IX.
920 2184 1173 2270 Nunc,
1216 2207 1309 2255 ne
1350 2208 1547 2255 novo
1570 2194 1589 2227 ¹
1630 2187 2104 2282 querimoniae
2127 2210 2391 2282 genere
2429 2189 2535 2256 uti
2574 2192 2806 2283 possit

666 2295 1125 2380 HortensiuS‚
1153 2308 1226 2365 et
1244 2303 1373 2364 ea²
1395 2290 1671 2381 dicere,
1705 2296 2251 2392 opprimireum
2272 2348 2291 2381 ‚
2328 2293 2418 2365 de
2442 2318 2594 2391 quo
2622 2295 2802 2366 nihil

661 2406 854 2477 dicat
885 2418 1299 2492 accusator3
1342 2403 1527 2475 nibil
1562 2429 1715 2476 esse
1749 2420 1894 2475 tam
1942 2404 2432 2503 periculosum
2486 2404 2804 2478 fortunis

664 2518 1204 2605 innocentium,
1243 2540 1465 2612 quam
1494 2528 1731 2587 tacere
1764 2514 2247 2604 adversarios;
2290 2531 2361 2588 et
2394 2541 2486 2588 ne
2522 2507 2801 2600 aliter-’2

665 2654 888 2728 quam
919 2651 1053 2724 ego
1073 2625 1286 2696 velim
1308 2678 1327 2712 ,
1351 2649 1599 2696 meum
1622 2622 1867 2695 laudet
1891 2627 2301 2723 ingenium,
2332 2650 2562 2724 quum
2590 2626 2801 2713 dicat,

664 2765 806 2826 me,
825 2740 883 2808 si
906 2736 1132 2807 multa
1151 2734 1487 2806 dixissem
1508 2789 1528 2822 ,
1549 2732 2094 2805 sublevaturum
2126 2734 2345 2808 fuisse
2365 2762 2560 2823 eum,
2579 2762 2798 2835 quem

662 2860 919 2919 contra
947 2843 1300 2931 dicerem;
1330 2846 1504 2940 quia
1528 2869 1679 2913 non
1704 2841 2032 2931 dixerim,
2054 2846 2489 2943 perdidisse:
2519 2872 2796 2920 morem

618 3047 619 3052 ἵ
664 2955 767 3026 illi
817 2978 1094 3053 geram3
1136 2967 1297 3024 utar
1353 2957 1685 3024 oratione
1736 2968 2092 3051 perpetua
2133 2984 2149 3026 ε
2189 2961 2391 3027 non4
2450 2960 2796 3055 quoniam

734 3186 784 3236 8.
809 3186 1006 3249 Quanto
1017 3183 1254 3248 periculo.
1277 3186 1430 3248 Quin,
1455 3182 1594 3246 quod
1612 3181 1687 3230 in·

665 3267 790 3332 tegri
816 3275 930 3314 sunt
956 3264 1140 3328 equites
1176 3276 1225 3312 et
1251 3263 1437 3312 inimici
1465 3262 1690 3312 nobilita·

666 3349 759 3408 tin,
798 3361 951 3409 quma
982 3344 1209 3391 translata
1245 3351 1384 3390 erunt
1402 3357 1431 3389 ι
1455 3342 1598 3391 vobis
1623 3342 1688 3391 ad

662 3441 748 3473 eos
779 3423 988 3485 judicia„
1015 3421 1077 3470 de
1106 3432 1261 3470 vestra
1295 3420 1491 3468 infamia
1519 3432 1570 3469 et
1594 3423 1687 3470 ini-

665 3504 849 3567 quitate
872 3517 1036 3549 severe
1059 3499 1367 3561 judicabunt.

736 3596 786 3644 9.
806 3582 937 3628 Hoec.
960 3580 1158 3644 mitigat
1182 3579 1446 3643 superioris
1466 3579 1688 3634 admoni-

668 3659 818 3709 tionis
844 3657 1172 3706 acerbitatem.

744 3754 823 3786 ιο.
854 3736 1077 3787 Illorum.
1097 3735 1265 3785 Verris
1295 3736 1578 3787 amicornm.
1617 3764 1689 3776 «—

667 3821 717 3866 A
732 3826 901 3882 porea.
935 3816 1046 3877 Qua
1072 3815 1126 3863 in
1150 3813 1375 3862 exsulum
1406 3816 1689 3880 proficisce-

664 3898 825 3946 batur.

735 3976 828 4022 lx.
865 3986 907 4018 ι.
945 3969 1094 4017 Νονο.
1136 3969 1365 4019 Inaudito
1403 3987 1417 4022 :
1460 3973 1684 4026 ridiculo.

667 4056 791 4118 Quis
813 4050 942 4100 enim
962 4064 1191 4113 umquam
1211 4049 1281 4098 rei
1306 4063 1543 4117 patronus
1565 4071 1687 4120 pau·

668 4135 800 4184 cion
827 4129 888 4179 ab
909 4139 1190 4179 accuntore
1214 4129 1312 4180 dici
1340 4143 1541 4197 questus
1575 4138 1686 4185 est?

1777 3184 1969 3234 Ironice
1996 3186 2249 3236 Hortensii
2284 3187 2533 3252 querelam
2565 3190 2799 3254 proponit

1777 3274 1960 3315 orator.

1849 3359 1901 3392 α.
1930 3346 2178 3407 Quonam
2211 3350 2310 3392 ea?
2337 3347 2542 3405 Veneor,
2577 3363 2642 3395 ne
2668 3363 2727 3396 ex
2747 3361 2798 3395 ee

1775 3432 1939 3470 ortum
1967 3423 2046 3470 sit.
2079 3426 2224 3472 Forte
2246 3425 2391 3472 etiam
2413 3426 2508 3473 fuit
2535 3425 2634 3485 ita,
2665 3429 2795 3491 qnod

1777 3512 1900 3549 esset
1920 3501 2216 3566 elegantius3
2251 3514 2300 3558 et
2330 3503 2404 3552 ita
2435 3520 2564 3569 saepe
2587 3504 2658 3553 sie
2688 3522 2792 3554 eum

1776 3579 1930 3628 verbo
1977 3579 2140 3628 dicero
2188 3593 2260 3630 est
2310 3581 2445 3646 apud
2495 3586 2788 3634 Ciceronem.

1775 3661 1967 3708 Ernest.
1987 3661 2036 3708 J.
2058 3663 2124 3710 V.
2155 3662 2212 3711 1..
2249 3690 2321 3701 —
2358 3662 2458 3711 Sed
2486 3678 2548 3711 ea
2574 3663 2701 3711 idem
2726 3675 2791 3711 est

1774 3737 1829 3786 h.
1848 3738 1884 3785 l.
1909 3755 1967 3786 ac
1997 3739 2102 3788 haec
2128 3752 2178 3789 et
2198 3741 2355 3800 talia,
2396 3753 2445 3790 et
2464 3742 2653 3805 optime
2680 3758 2788 3790 con·

1777 3819 1922 3880 gestis
1964 3822 2211 3870 Hortensii
2261 3821 2580 3885 querimonih
2612 3837 2790 3870 aecon-
2873 3815 2883 3822 ’

1775 3897 2015 3947 ωοᾶιωτ.

1847 3980 1896 4027 3.
1914 3980 1990 4025 Ne
2005 3979 2163 4027 aliter.
2191 3981 2420 4027 Astutum
2447 3995 2525 4028 me
2550 3980 2728 4029 scilicet
2743 3991 2788 4027 et

1775 4058 2003 4107 callidum
2030 4057 2297 4123 appellans.

1847 4147 1897 4194 4.
1929 4138 2042 4185 Non
2079 4137 2331 4200 quoniam.
2371 4138 2498 4187 Nam
2537 4156 2600 4188 ex
2638 4139 2788 4205 priore
