3044 4788
989 438 1252 506 Novl
1302 438 1825 505 EDITORIS.
2379 444 2448 536 xj

346 558 617 652 elusit;
660 557 821 662 jam
858 554 958 633 ad
1001 583 1310 633 causam
1338 555 1590 652 venit,
1631 556 1791 662 jam
1816 556 2142 635 Verrem
2183 544 2452 665 aggre-

345 680 596 774 ditur,
644 695 869 783 urget
890 739 911 773 ,
946 677 1246 772 obruit,
1290 677 1677 783 supplicio
1713 676 2056 785 quoda—m
2093 681 2453 763 humanis

346 802 653 907 legibus
686 801 981 906 majore
1011 800 1297 897 afficit3
1336 818 1415 878 et
1438 801 1524 878 in
1559 829 1829 879 omnes
1859 800 2454 908 indignationis,

348 924 560 1021 odii,
599 921 948 1020 invidiae,
996 923 1552 1002 misericordiae
1588 923 1914 1002 affectus
1950 928 2324 1032 assurgit,
2365 946 2458 1007 ut

345 1075 524 1124 vere
561 1080 601 1119 c
622 1046 838 1125 dono
856 1044 1202 1154 quodam
1224 1043 1738 1151 providentiae
1761 1048 2109 1151 genitum
2133 1083 2174 1122 2>
2195 1051 2453 1128 virum

349 1168 602 1263 dicas,
646 1202 684 1241 «
708 1170 791 1245 in
835 1197 994 1276 quo
1041 1186 1244 1246 totas
1280 1169 1483 1246 vires
1522 1196 1698 1246 suas
1741 1168 2183 1277 eloquentia
2219 1200 2452 1279 expe-

354 1310 644 1369 riretur
668 1326 734 1368 »..

454 1416 748 1492 Verum
773 1477 793 1509 ‚
854 1440 955 1490 ne
1017 1441 1060 1491 a
1129 1413 1544 1519 proposito
1607 1412 1904 1492 diutius
1971 1415 2457 1514 aberremus,

355 1539 624 1644 paucis
665 1535 1206 1615 admonendus
1244 1536 1519 1633 lector,
1564 1564 1719 1644 qua
1763 1538 2067 1615 ratione
2101 1558 2458 1619 nostrum

361 1658 554 1738 illud
583 1688 781 1766 opus
821 1659 1393 1762 digesserimuS.
1438 1661 1558 1738 Ita
1590 1658 1823 1738 nobis
1860 1659 2174 1739 abunde
2203 1667 2459 1743 omnis

355 1784 660 1888 generis
694 1782 1247 1888 superfuerunt
1273 1781 1600 1877 auxilia,
1653 1798 1742 1858 ut
1785 1782 1866 1858 in
1906 1782 2053 1860 hac
2091 1811 2175 1861 re
2216 1813 2459 1863 unum

352 1906 585 1985 nobis
612 1902 1106 1984 subeundum
1134 1904 1237 1982 sit
1261 1904 1557 1981 crimen
1577 1964 1597 1999 ,
1633 1931 1732 1980 ne
1758 1902 1911 1981 illis
1943 1905 2096 2010 ipsi
2124 1905 2462 1987 defuisse

350 2028 784 2107 videamur.
845 2027 957 2104 Ut
1003 2026 1211 2104 enim
1259 2025 1429 2103 illas
1479 2026 1566 2104 in
1616 2025 2019 2105 Ciceronis
2065 2029 2461 2108 orationes

350 2150 1095 2230 commentariorum
1150 2146 1672 2226 bibliothecas
1739 2148 2225 2252 omittamus,
2286 2138 2460 2261 quae

350 2272 744 2382 quidquid
782 2272 971 2351 olim
1007 2270 1106 2349 de
1144 2270 1521 2350 Cicerone
1572 2271 1655 2347 in
1702 2288 2114 2378 utramque
2155 2293 2457 2380 partem

352 2396 569 2475 docti
608 2393 1134 2503 disputavere,
1178 2411 1432 2472 totum
1460 2394 1899 2489 continent,
1932 2412 2009 2473 et
2040 2394 2456 2501 legentium
2485 2489 2490 2500 ‚

355 2519 636 2598 studiis
662 2517 763 2597 ad
792 2518 1222 2596 satietatem
1252 2516 1702 2611 consulunt;
1730 2544 1913 2594 vera
1954 2517 2189 2597 nobis
2225 2519 2464 2598 admi-

356 2642 609 2722 nicula
659 2639 1062 2747 praehuere
1116 2656 1283 2716 tum
1337 2640 1420 2716 P.
1459 2638 1787 2716 Manutii
1818 2699 1838 2734 ,
1889 2666 2123 2744 quem
2178 2644 2456 2748 saepius

352 2765 632 2843 ducem
671 2764 977 2871 sequuti
1012 2790 1309 2857 sumus,
1342 2762 1712 2867 impensae
1736 2761 1999 2838 Tullio
2032 2763 2347 2867 vigiliae,
2381 2785 2459 2844 et

355 2888 647 2968 Graevii
672 2885 988 2964 ubertas
1005 2946 1025 2978 ‚
1054 2886 1191 2992 qui
1224 2882 1413 2962 dum
1435 2901 1735 2962 ceteros
1768 2884 2042 2962 recitat
2068 2904 2456 2986 auctoreS,

358 3010 715 3116 plurimis
738 3008 928 3086 locis
956 3026 1036 3086 et
1064 3008 1232 3114 ipse
1259 3007 1505 3085 facem
1528 3006 1897 3112 praetulit,
1932 3024 2098 3084 tum
2126 3011 2458 3088 maxime
2561 3049 2562 3052 ¹

364 3133 528 3211 Nic.
551 3136 1019 3212 nummus
1045 3129 1295 3225 labor,
1321 3130 1483 3237 qui,
1521 3156 1991 3236 quamquam
2022 3129 2123 3206 ab
2147 3131 2458 3211 Oliveto

366 3254 776 3350 fastiditus,
805 3287 842 3326 α
866 3254 1089 3363 quasi
1112 3252 1309 3330 nihil
1343 3252 1527 3330 novi
1562 3251 1840 3330 afferat
1858 3284 1926 3347 ³),
1957 3252 2133 3357 plus
2150 3253 2253 3331 ad
2276 3255 2453 3332 illu-

360 3377 763 3456 strandum
782 3378 1236 3456 Ciceronem
1252 3376 1460 3454 solus
1477 3375 1643 3480 ipse
1666 3373 1930 3470 valuit,
1950 3402 2184 3481 quam
2205 3377 2452 3481 pluri·

362 3528 666 3579 morum
697 3499 1113 3579 ambitiosa
1144 3498 1566 3603 congeries
1595 3497 1800 3574 Huic
1823 3498 2252 3603 praesertim
2297 3499 2454 3578 hae-

359 3625 644 3718 simus,
682 3624 914 3730 hujus
962 3623 1243 3729 saepius
1308 3638 1536 3699 notas
1584 3620 2140 3726 expressimuS,
2190 3650 2459 3703 sensus

358 3746 789 3841 hausimus,
831 3747 944 3823 ita
998 3764 1256 3824 tamen
1308 3761 1435 3838 ut,
1490 3770 1655 3820 non
1711 3743 2279 3822 recentioribus
2339 3773 2461 3824 ne-

361 3869 654 3974 glectis»,
678 3866 1069 3975 quidquid
1096 3865 1311 3973 apud
1344 3866 1600 3943 minus
1630 3865 1968 3971 antiquae
2004 3883 2211 3945 notae
2245 3896 2460 3945 com-

364 4008 831 4069 mentatores
879 3988 1379 4096 probandum
1430 3986 1665 4065 nobis
1715 4006 2158 4066 occurreret
2178 4050 2197 4085 ,
2247 3990 2457 4068 ultro

359 4113 895 4221 receperimus.
938 4111 1068 4190 Sic
1110 4139 1339 4217 opem
1380 4110 1624 4189 tulere
1662 4110 2093 4207 FerratiuS,
2140 4112 2461 4190 Grono-

2203 4260 2268 4304 a.
