3044 4788
653 388 794 475 432
1290 338 1421 458 ’Μζ
1449 392 1529 457 Τ.
1583 392 2163 461 clcssaoms

651 538 802 611 quo
830 537 983 583 non
1016 509 1237 583 modo
1270 534 1494 608 eques
1526 534 1874 582 romanus
1895 565 1915 598 ,
1940 509 2069 581 sed
2094 512 2328 607 quivis
2357 509 2549 582 liber
2580 512 2825 587 debet

655 648 844 711 esse3
901 621 1270 720 adspicere
1329 635 1400 690 te
1464 635 1716 718 postea
1772 645 1922 690 non
1982 621 2375 718 potuisset,
2428 622 2821 705 inimicus,

654 734 882 805 hostis
938 747 1160 818 esset,
1224 744 1421 800 tanta
1473 730 1911 805 contumelia
1956 745 2293 828 accepta3
2360 733 2494 801 nisi
2558 748 2816 805 tecum

655 844 1075 929 collusisset,
1104 856 1176 912 et
1202 855 1339 910 tuae
1370 842 1617 937 potius
1649 842 2166 912 existimationi
2201 843 2558 928 servisset,
2579 869 2814 940 quam

653 980 816 1026 suae.
878 953 1023 1042 Qui
1066 974 1284 1047 quam
1337 948 1469 1020 tibi
1526 952 1799 1022 amicus
1855 976 2006 1020 non
2052 949 2276 1020 ruodo
2332 963 2490 1020 tum
2545 949 2816 1037 fuerit,

653 1061 1002 1162 quamdiu
1042 1075 1283 1132 tecum
1318 1063 1395 1131 in
1434 1062 1806 1158 provincia
1842 1053 2024 1147 fuit',
2059 1083 2311 1131 verum
2352 1065 2572 1132 etiam
2608 1088 2817 1135 nunc

652 1177 741 1244 sit
767 1227 786 1261 ,
827 1197 1059 1268 quum
1094 1172 1245 1266 jam
1281 1196 1322 1242 a
1365 1173 1623 1242 ceteris
1659 1175 1902 1243 amicis
1944 1173 2039 1243 sis
2076 1170 2411 1257 relictuS,
2451 1186 2526 1242 et
2568 1187 2649 1243 tu
2691 1175 2811 1243 in·

655 1283 955 1381 telligis,
1010 1297 1083 1353 et
1125 1306 1259 1355 nos
1309 1284 2171 1380 existimarepossumus.
2215 1285 2324 1350 An
2376 1279 2519 1351 hoc
2561 1282 2815 1353 solum

654 1407 1164 1490 argumentum
1195 1406 1339 1476 est,
1372 1391 1552 1461 nihil
1579 1393 1720 1461 isto
1758 1389 2219 1488 imprudente
2253 1388 2563 1477 factum,
2601 1392 2814 1488 quod

651 1506 1013 1576 Volcatius
1049 1504 1114 1574 ei
1159 1528 1312 1573 non
1351 1500 1866 1572 succensuit2?
1904 1499 2109 1596 quod
2150 1501 2285 1571 iste
2331 1525 2468 1573 nec
2515 1502 2593 1571 in
2633 1503 2814 1573 Vol-

653 1617 921 1688 catium
947 1669 965 1703 ,
1020 1637 1154 1684 nec
1205 1613 1283 1682 in
1327 1610 1620 1681 Bidinos
1675 1609 2226 1681 animadvertit?
2278 1614 2402 1680 Est
2456 1635 2815 1707 magnum

653 1738 1160 1823 argumentum
1192 1749 1209 1791 :
1251 1743 1505 1792 verum
1540 1718 1721 1790 illud
1760 1720 2195 1806 maximum,
2224 1718 2428 1815 quod
2460 1721 2603 1791 illis
2635 1724 2816 1819 ipsis

653 1835 959 1919 Bidinis,
991 1831 1257 1929 quibus
1284 1832 1505 1901 iratus
1529 1854 1683 1901 esse
1710 1827 2001 1916 debuit,
2037 1844 2122 1900 ut
2144 1853 2185 1899 a
2213 1828 2484 1925 quibus
2516 1855 2816 1928 compe·

659 1951 777 2033 rit,
798 1942 1001 2042 quod
1022 1942 1187 2035 jure
1204 1965 1415 2038 agere
1436 1964 1603 2011 cum
1623 1941 1951 2037 Epicrate
1975 1938 2154 2009 nihil
2175 1954 2500 2035 possent,
2527 1942 2815 2011 etiamsi

659 2056 973 2136 adesset,
1025 2049 1292 2120 idcirco
1339 2073 1554 2120 suum
1601 2048 1974 2120 decretum
2019 2050 2328 2146 pecunia
2368 2074 2526 2120 esse
2580 2066 2816 2122 tenta-

660 2181 811 2235 tum
839 2160 867 2205 ³
904 2188 919 2230 ε
960 2159 1105 2242 his,
1149 2160 1486 2255 inquam,
1525 2161 1696 2257 ipsis
1739 2185 1891 2230 non
1934 2158 2158 2228 modo
2196 2158 2388 2230 illam
2435 2160 2812 2233 heredita-

659 2288 837 2358 tem,
874 2295 1034 2368 quae
1068 2269 1381 2366 Epicrati
1417 2284 1749 2357 venerat3
1791 2268 1919 2341 sed
1941 2323 1960 2356 ,
1994 2283 2078 2339 ut
2109 2270 2188 2338 iu
2221 2269 2554 2341 Heraclio
2595 2276 2811 2367 Syra-

659 2382 967 2462 cusano,
1020 2383 1192 2452 item
1248 2381 1324 2451 in
1378 2380 1555 2468 hoc,
1609 2379 1855 2479 paullo
1911 2381 2125 2453 etiam
2175 2382 2537 2468 atrocius,
2598 2383 2808 2480 quod

663 2494 1029 2592 Epicrates
1075 2491 1477 2589 appellatus
1521 2493 1828 2562 omnino
1874 2516 2025 2562 non
2079 2506 2270 2579 erat,
2317 2491 2518 2563 bona
2571 2497 2808 2590 patria

660 2603 1132 2700 fortunasque
1168 2601 1326 2696 ejus
1357 2601 1627 2673 Bidinis
1666 2600 1977 2673 tradidit.
2011 2602 2352 2674 Ostendit
2383 2606 2580 2674 enim
2608 2631 2810 2675 novo

660 2715 921 2802 modo,
955 2715 1012 2783 si
1038 2717 1200 2809 quis
1229 2711 1404 2809 quid
1434 2712 1526 2784 ab
1560 2711 1858 2783 absente
1895 2727 2174 2809 peteret
2195 2766 2213 2799 ,
2249 2738 2324 2784 se
2358 2713 2805 2786 auditurum.

658 2825 951 2897 Adeunt
984 2821 1241 2910 Bidini,
1271 2836 1534 2920 petunt
1567 2821 2060 2895 hereditatem.
2083 2829 2644 2896 Procuratoresff*
2675 2851 2806 2924 po-

661 2935 967 3019 stulant,
999 2947 1081 3003 ut
1116 2957 1191 3004 se
1224 2932 1316 3004 ad
1342 2934 1537 3030 leges
1574 2956 1738 3004 suas
1767 2933 2078 3027 rejiciat,
2109 2950 2237 3005 aut
2267 2960 2355 3005 ex
2392 2934 2550 3032 lege
2582 2941 2806 3034 Rupi-

663 3045 756 3116 lia
772 3044 1007 3115 dicam
1034 3042 1253 3115 scribi
1266 3043 1541 3139 jubeat.
1567 3042 1964 3114 Adversarii
1982 3069 2135 3114 non
2163 3042 2529 3117 audebant
2554 3061 2807 3116 contra

663 3155 903 3228 dicere
936 3183 951 3226 :
993 3158 1226 3227 exitus
1268 3154 1515 3225 nullus
1547 3151 2068 3250 reperiebatur.
2107 3152 2538 3223 Insimulant
2575 3153 2807 3224 homi-

733 3419 785 3450 a.
813 3399 1102 3448 succensuit.
1137 3398 1361 3456 Scilicet,
1402 3397 1468 3444 ob
1507 3408 1689 3445 tautam
1779 3398 1885 3460 lege
1907 3397 2147 3459 judicium
2164 3397 2407 3447 intendat.
2424 3401 2567 3447 Tunc
2586 3400 2804 3464 impediti

661 3490 910 3543 acceptam
936 3478 1298 3526 contumeliam.
1779 3476 1942 3524 Bidini
1955 3487 2185 3524 accusant
2194 3478 2469 3540 Epicratem
2484 3479 2804 3542 aufugissemt

736 3560 785 3605 3.
817 3560 1085 3606 Tentaeum.
1106 3555 1381 3604 Periculum
1399 3554 1514 3602 illos
1535 3555 1690 3603 faeere
1780 3555 2049 3604 creditores
2075 3557 2336 3605 frustretur
2370 3568 2419 3605 et
2453 3560 2801 3621 possessionem

662 3637 875 3684 voluisse
901 3654 1018 3684 num
1046 3636 1250 3700 pecunia
1279 3646 1544 3698 corruptus
1565 3650 1690 3698 prae-
1777 3650 1840 3681 ex
1870 3636 2095 3696 pretor-is
2129 3635 2294 3683 edicto
2321 3647 2518 3701 petunt.
2555 3637 2655 3685 Sed
2679 3637 2802 3684 bona

662 3726 741 3763 tor
792 3715 854 3762 ad
908 3715 1077 3779 inique
1121 3712 1481 3762 decernendum
1535 3712 1689 3761 addu-
1778 3713 2016 3776 possideri
2050 3714 2222 3774 jubere
2262 3730 2363 3763 non
2399 3717 2568 3780 potuit
2599 3728 2804 3781 pretor,

660 3804 866 3843 ceretur.
1777 3792 1916 3856 quod
1942 3793 2144 3841 aderant
2169 3806 2518 3858 procuratores
2545 3797 2633 3859 qui
2659 3797 2800 3844 actio-

736 3882 784 3929 4.
830 3877 1187 3921 Procuratores.
1238 3869 1396 3918 Amici
1448 3871 1688 3934 Epicratis
1777 3886 1863 3918 nes
1883 3884 2054 3921 contra
2072 3873 2345 3937 Epicratem
2369 3875 2801 3923 institutas-ecum

661 3963 864 4017 petunt,
891 3962 948 3999 ut
974 3965 1025 3997 se
1046 3948 1286 4012 Epicratis
1312 3964 1506 3996 causam
1533 3950 1685 3996 susei-
1775 3950 2093 3999 satisdatione
2147 3964 2443 4017 excepturos
2491 3951 2799 4018 profitentur.

660 4034 849 4096 pientes
874 4030 936 4078 ad
960 4030 1091 4092 leges
1111 4027 1205 4075 sibi
1227 4028 1497 4091 peculiares
1526 4030 1686 4076 remit·
1773 4030 1848 4077 De
1873 4030 1950 4078 his
1982 4032 2113 4078 conf.
2148 4049 2240 4097 pro
2263 4033 2506 4094 Quintio,
2535 4033 2622 4082 ubi
2659 4035 2800 4080 fusius

661 4121 759 4170 tat,
806 4120 889 4158 aut
925 4109 1091 4158 saltem
1135 4107 1347 4172 Epicrati
1388 4125 1450 4157 ex
1482 4106 1679 4170 Rupilia
1773 4109 2098 4182 explicantur.
