3044 4788
631 360 771 458 390
915 361 1404 431 EXCURSUS
1453 359 1580 429 DE
1627 358 2072 427 PRAETORE
2120 358 2515 429 URBANO.

714 474 958 565 Locus,
990 484 1060 547 in
1098 505 1233 570 quo
1270 481 1377 562 jus
1411 480 1783 561 dicebatur,
1821 479 1945 543 fuit
1978 479 2254 567 duplex;
2298 495 2413 543 aut
2445 479 2798 567 superior,

636 605 750 654 aut
781 590 1033 678 planus.
1066 590 1399 678 Superior,
1426 588 1554 652 fuit
1578 586 1863 651 tribunal
1891 587 1957 649 in
1994 586 2303 668 comiti03
2334 602 2530 673 atque
2556 587 2630 649 in
2667 589 2802 651 tri·

634 695 883 778 bunali,
918 694 1070 759 sella
1106 694 1370 758 curulis.
1411 694 1684 770 Planus,
1732 692 2133 781 quicumque
2175 694 2359 756 locus
2392 709 2632 780 praeter
2652 694 2793 757 tri·

630 802 859 882 bunal,
889 801 1097 889 posita
1122 799 1271 863 sella
1308 801 1539 863 curuli.
1578 801 1641 862 Is
1680 800 1862 863 locus
1908 814 2051 862 tum
2087 797 2426 862 dicebatur
2455 799 2583 878 jus.
2633 800 2800 861 Imo

633 930 714 970 ex
750 904 1268 985 jurisconsultis,
1313 904 1457 984 jus,
1480 919 1591 968 ‘est
1634 904 1816 968 locus
1878 903 2278 990 ubicumque
2317 918 2563 991 praetor
2605 902 2798 967 salva

633 1010 962 1089 majestate
993 1009 1246 1096 imperii
1286 1009 1419 1091 sui,
1465 1010 1771 1097 salvoque
1804 998 1987 1072 more
2026 1008 2383 1088 majorum,
2425 1008 2533 1087 jus
2561 1005 2801 1072 dicere

633 1115 1264 1195 eonstituitsetiamsi
1299 1113 1503 1196 domi,
1532 1115 1631 1179 vel
1650 1116 1718 1178 in
1745 1112 1978 1178 itinere
1999 1114 2130 1177 hoc
2152 1128 2316 1202 agat.
2344 1112 2424 1177 In
2457 1111 2658 1201 plano
2674 1114 2800 1194 jus

636 1244 792 1311 ergo
838 1219 1233 1285 reddebatur
1278 1220 1574 1309 quolibet
1622 1220 1809 1301 loc03
1858 1219 1974 1285 sed
2016 1220 2146 1283 hoc
2193 1216 2645 1306 accipiendum
2704 1218 2800 1282 de

636 1328 869 1407 musis,
893 1351 1036 1415 quae
1065 1328 1283 1393 faciles
1312 1343 1530 1409 erant;
1559 1349 1703 1414 quae
1736 1325 1910 1390 enim
1945 1326 2388 1416 cognitionem
2417 1324 2798 1388 solemnem

637 1434 1080 1521 requirebant,
1105 1456 1210 1497 eas
1242 1455 1363 1521 pro
1398 1431 1708 1496 tribunali
1738 1430 2023 1519 expediri
2046 1452 2308 1495 necesse
2340 1447 2498 1495 erat.
2518 1429 2795 1518 Ulpian.

638 1539 751 1603 lib.
777 1539 910 1619 IX,
946 1540 1026 1602 D.
1051 1538 1135 1603 de
1158 1539 1291 1604 off.
1311 1560 1488 1627 proc.

727 1644 894 1708 Tota
923 1644 1213 1732 praetoris
1240 1641 1602 1723 jurisdictio
1648 1641 1752 1706 his
1797 1641 2010 1705 tribus
2054 1641 2274 1705 verbis
2315 1641 2445 1705 fuit
2493 1640 2798 1721 inclusa,

639 1750 789 1830 DO,
822 1749 1057 1830 mco,
1090 1748 1441 1811 ADDICO.
1475 1745 1604 1811 Sed
1630 1746 1929 1836 quolibet
1959 1745 2067 1810 die
2099 1747 2542 1835 pronuntiari,
2590 1762 2801 1834 atque

642 1855 795 1920 ideo
829 1853 1100 1944 singulis
1136 1851 1366 1919 diebus
1394 1852 1764 1933 jurisdictio
1804 1853 2084 1917 exerceri
2133 1876 2269 1917 non
2319 1869 2602 1942 poterat.
2633 1854 2799 1917 Die-

644 1984 799 2026 rum
826 1962 964 2025 haec
999 1959 1127 2022 fuit
1160 1959 1341 2023 ratio.
1383 1960 1632 2023 Eorum
1664 1961 1770 2024 alii
1805 1960 1981 2043 fasti3
2025 1959 2130 2023 alii
2166 1958 2427 2041 nefasti3
2462 1960 2566 2023 alii
2597 1960 2803 2024 inter·

648 2068 762 2131 cisi
796 2065 1005 2130 vocati
1037 2080 1212 2128 sunt.
1253 2065 1427 2129 Fasti
1462 2064 1598 2131 dies
1624 2069 1827 2147 fuere,
1858 2066 2098 2154 quibus
2121 2066 2382 2154 praetori
2413 2066 2648 2129 licebat
2670 2066 2796 2129 fari

648 2172 775 2236 tria
805 2171 1000 2234 verba
1046 2169 1199 2252 «de,
1234 2169 1404 2252 dice,
1443 2171 1757 2254 addico;
1809 2173 2044 2260 hisque
2085 2187 2269 2236 erant
2310 2172 2621 2235 contrarii
2674 2194 2798 2235 ne-

650 2276 817 2340 fasti.
845 2276 1173 2340 Intercisis
1199 2274 1453 2358 diebus,
1481 2219 1892 2365 quibusdam
1900 2278 2079 2341 horis
2104 2276 2198 2342 fas
2225 2293 2381 2354 erat,
2400 2276 2798 2365 quibusdam

651 2384 744 2447 ias
778 2407 914 2447 non
949 2400 1105 2449 erat.
1139 2382 1431 2449 Macrob.
1455 2384 1712 2452 Saturn.
1734 2386 1797 2466 Ι,
1831 2408 1973 2474 cap.
1999 2386 2098 2450 16.
2309 2405 2316 2418 ³

737 2488 1033 2554 Diximus
1061 2490 1270 2554 tribus
1298 2488 1479 2554 hisce
1511 2491 1727 2554 verbis
1761 2490 2080 2554 inclusam
2121 2490 2324 2554 fuisse
2372 2491 2665 2579 praetoris
2700 2491 2804 2571 ju-

650 2594 1128 2676 risdictionem,
1183 2595 1336 2683 quia
1387 2617 1648 2659 necesse
1706 2611 1833 2677 est,
1881 2596 2097 2683 inquit
2131 2595 2376 2677 Varr0,
2423 2598 2523 2661 uti
2575 2596 2803 2684 aliquo

650 2700 893 2764 horum
927 2702 1126 2765 trium
1161 2701 1549 2784 verborum,
1601 2725 1810 2791 quum
1851 2701 2030 2791 quid(
2058 2703 2197 2792 lege
2236 2704 2589 2792 peragitur.
2624 2705 2801 2768 Nam

656 2805 814 2870 dicit
851 2823 1089 2894 praetor
1126 2830 1333 2894 quum
1372 2830 1435 2871 v.
1472 2830 1568 2897 gr.
1601 2809 1884 2897 aliquem
1926 2825 2044 2872 aut
2078 2809 2363 2873 liberum
2407 2831 2547 2884 esse
2585 2809 2808 2875 decer·

655 2913 773 2994 nit,
811 2930 925 2976 aut
959 2912 1305 2979 interdicit.
1340 2913 1602 2984 Addicit
1626 2916 1698 2978 in
1725 2916 2229 3004 mancipatione,
2251 2914 2607 3004 adoptione
2627 2964 2644 2998 ‚
2671 2932 2804 2982 etc.

659 3018 771 3083 dat
799 3019 1129 3084 bonorum
1159 3022 1665 3109 possessionem,
1689 3019 2021 3099 vindicias,
2055 3022 2403 3104 actionem,
2433 3039 2558 3087 etc.
2579 3022 2807 3110 Sigon.

662 3124 820 3190 ibid.
849 3125 881 3188 J
887 3125 988 3188 uri
1030 3117 1309 3190 dicendo
1339 3127 1686 3191 vacabatur
1728 3126 1811 3191 ab
1841 3127 2004 3191 hora
2035 3128 2223 3193 tertia
2249 3151 2552 3209 romana,
2588 3126 2668 3192 ad
2694 3149 2810 3191 ve·

665 3254 937 3320 speram.
974 3231 1147 3296 Illud
1178 3248 1450 3296 testatur
1475 3231 1783 3296 Martialis
1805 3233 1906 3297 his
1928 3235 2177 3298 verbis:
2224 3236 2544 3298 «Exercet
2576 3256 2809 3298 raucos

668 3339 852 3401 tertia
892 3337 1312 3401 causidicos».
1363 3335 1501 3400 Lib.
1537 3337 1648 3419 lv,
1697 3338 1899 3427 epigr.
1947 3338 2011 3403 8.
2067 3339 2211 3403 Hoc
2264 3356 2482 3404 autem
2535 3363 2614 3403 ex
2665 3340 2812 3428 lege

669 3443 982 3510 Plaetoria.
1027 3445 1162 3508 «M.
1200 3444 1537 3510 Plaetorius
1584 3445 1890 3514 tribunus
1941 3447 2148 3533 plebis
2203 3447 2438 3510 scitum
2493 3446 2644 3510 tulit
2670 3495 2690 3529 ,
2740 3447 2806 3509 in

673 3573 808 3637 quo
854 3553 1168 3641 scriptum
1215 3567 1351 3630 est,
1393 3567 1631 3636 praetor
1667 3552 1960 3615 urbanus
2008 3553 2124 3640 qui
2171 3573 2350 3618 nunc
2398 3569 2527 3630 est,
2564 3554 2813 3641 quique

675 3673 825 3746 post
872 3658 993 3722 hac
1030 3660 1202 3740 fuat,
1234 3657 1408 3720 duos
1445 3655 1701 3720 lictores
1736 3655 1910 3745 apud
1958 3682 2028 3723 se
2079 3659 2355 3740 habet03
2379 3659 2571 3747 >isque
2603 3680 2811 3744 usque

676 3762 756 3828 ad
779 3775 1160 3852 supremum
1177 3763 1282 3843 jus
1314 3763 1484 3825 inter
1515 3762 1684 3826 cives
1719 3760 1918 3828 dicito
1940 3796 1985 3829 υ.
2027 3764 2365 3829 Censorin.
2401 3763 2483 3829 de
2517 3764 2640 3827 Die
2662 3763 2809 3827 Nat.

679 3882 817 3958 cap.
850 3875 953 3949 24.
1028 3909 1031 3912 π

1369 3973 1687 4037 Desunt).
1723 3989 1814 4038 nx'
1842 3998 2240 4044 escensione
2276 3977 2634 4040 Poncxnar.
