3044 4788
653 457 764 529 IN
818 459 1246 528 VERREM
1292 461 1506 529 ACT.
1559 460 1668 542 ΙΙ,
1718 460 1912 527 LlB.
1964 459 2065 527 ΙΙ.
2275 454 2424 540 ,403

289 581 532 676 deor):
557 594 925 697 postremo
944 579 1274 652 homines
1289 606 1380 652 ex
1401 594 1551 651 tota
1577 582 1947 677 provincia
1972 579 2424 671 nobilissimi,

293 692 696 790 primique,
720 690 1007 788 publice
1035 685 1559 789 privatimque⁵
1589 705 1975 776 venerunt3
2016 692 2429 787 gravissima

294 818 513 899 atque
567 799 1114 872 honestissima⁶
1158 826 1467 898 quaeque
1514 801 1760 873 civitas
1798 800 2430 873 vehementissime

293 936 456 984 suas
491 912 788 1007 injurias
837 926 1279 1010 persequuta
1314 926 1443 983 est.
1491 915 1586 982 At
1622 910 2278 1008 quemadmodum,
2310 914 2432 1010 ju-

294 1020 528 1110 dices,
557 1021 1011 1093 venerunt7?
1034 1021 1302 1092 Videor
1333 1024 1526 1091 enim
1553 1021 1732 1091 mihi
1756 1020 2055 1093 liberius
2083 1022 2276 1119 apud
2305 1048 2434 1095 vos

290 1133 436 1227 jam
457 1158 590 1231 pro
609 1132 864 1204 Siculis
891 1131 1092 1229 loqui
1105 1130 1397 1218 debere,
1417 1155 1639 1227 quam
1659 1128 1958 1201 forsitan
1979 1133 2115 1229 ipsi
2141 1129 2396 1204 velint⁸
2417 1162 2432 1203 :

298 1243 506 1314 saluti
539 1244 733 1313 enim
764 1266 1016 1312 eorum
1061 1242 1302 1339 potius
1330 1241 1744 1327 consulam,
1785 1265 2005 1336 quam
2049 1243 2429 1315 voluntati.

298 1358 656 1449 Ecquemo
673 1352 1091 1423 existimatis
1113 1375 1461 1447 umquam
1480 1350 1663 1438 ,ulla
1691 1354 1765 1420 in
1795 1353 2199 1448 provincia,
2228 1378 2436 1424 reum

299 1462 670 1534 absentem
699 1477 948 1533 contra
971 1462 1513 1559 inquisitionem
1533 1461 1995 1549 accusatori5‚
2025 1463 2241 1533 tantis
2273 1464 2436 1561 opi-

305 1571 441 1643 bus
458 1626 478 1658 ,
516 1586 715 1642 tanta
736 1570 1127 1668 cupiditate
1151 1625 1170 1657 ,
1195 1595 1348 1643 esse
1372 1568 1797 1641 defensum?
1823 1573 2234 1662 Quaestores
2265 1576 2440 1644 utri-

304 1707 537 1778 usque
600 1683 1089 1779 provinciae¹⁰‚
1141 1683 1267 1778 qui
1325 1684 1467 1753 isto
1529 1694 1836 1779 praetore
1888 1678 2213 1769 fuerant,
2271 1668 2439 1754 curn

306 1790 681 1863 fascibus¹¹
717 1791 894 1862 mihi
925 1806 1185 1889 praesto
1213 1789 1603 1862 fuerunt¹².
1641 1794 1727 1860 Hi
1756 1816 1979 1888 porro
2000 1789 2088 1879 ¹3,
2119 1797 2246 1890 qui
2280 1818 2447 1866 suc-

306 1918 714 1990 cesserunt,
776 1903 1244 1975 vehementer
1304 1904 1506 1974 istius
1561 1902 1850 2006 cupidi,
1908 1902 2301 1975 liberaliter
2356 1931 2448 1976 ex

306 2018 510 2087 istius
561 2014 848 2086 cibariis
905 2019 1224 2099 tractati,
1280 2038 1435 2084 non
1488 2014 1731 2083 minus
1769 2036 1968 2084 acres
2017 2028 2272 2084 contra
2331 2039 2451 2086 me

305 2125 618 2198 fuerunt.
682 2125 977 2212 Videte,
1020 2124 1202 2221 quid
1240 2123 1597 2220 potuerit,
1642 2123 1787 2219 qui
1816 2136 2137 2219 quatuor
2181 2125 2255 2192 in
2302 2149 2451 2194 una

308 2240 679 2335 provincia
722 2250 1157 2335 quaestores,
1201 2232 1765 2304 studiosissimos
1810 2222 2232 2305 defensores
2275 2238 2450 2331 pro-

308 2363 898 2447 pugnatoresque
964 2345 1345 2432 habuerit3
1414 2358 1798 2442 praetorem
1821 2346 1883 2394 ¹4
1934 2366 2111 2415 vero
2185 2344 2452 2417 cohor-

309 2475 607 2555 temque
630 2473 859 2528 totam
893 2460 995 2528 sic
1031 2457 1464 2542 studiosam,
1500 2470 1586 2524 ut
1619 2452 1825 2524 facile
1852 2469 2270 2551 appareret,
2301 2481 2454 2527 non

313 2586 458 2641 tam
504 2567 644 2639 illis
690 2567 1035 2655 Siciliam,
1089 2590 1310 2664 quam
1347 2566 1642 2635 inanem
1686 2561 2176 2649 offenderant,
2231 2589 2454 2660 quam

314 2683 614 2750 Verrem
663 2681 935 2775 ipsum,
990 2678 1119 2773 qui
1177 2675 1441 2774 plenus
1501 2671 1941 2760 decesserat,
2004 2677 2453 2771 provinciam

390 2924 440 2971 5.
462 2921 652 2970 Publice
668 2919 1011 2985 pn‘vaeinsque.
1032 2922 1137 2970 Aut
1158 2918 1306 2984 legati
1321 2953 1337 2980 ‚
1425 2918 1520 2986 lius
1536 2916 1612 2966 sui
1632 2917 1683 2964 iu
1702 2917 1955 2982 provincis
1975 2917 2196 2977 lictores,
2219 2930 2456 2984 pretextu

315 3013 402 3050 aut
429 3003 653 3069 proprias
676 3000 878 3063 iujurias
903 3009 1259 3064 persequentes.
1427 3007 1573 3061 toga,
1609 3006 1863 3059 ceteraque
1897 2998 2204 3061 magistratus
2230 2999 2458 3065 insignis.

389 3082 439 3130 6.
458 3080 676 3131 Lumbiu.
694 3079 1015 3145 amplissima.
1038 3082 1085 3128 J.
1097 3081 1161 3125 V.
1178 3080 1233 3128 L.
1430 3078 1710 3139 Qui-stores
1729 3075 1895 3124 Vertis
1912 3110 1929 3136 ,
1956 3077 2179 3139 qusnvis
2213 3078 2316 3138 jam
2349 3081 2460 3129 siue

393 3177 440 3221 7.
475 3161 898 3223 Quemadmodum
936 3168 1195 3208 venerum.
1230 3159 1271 3205 1.
1297 3173 1344 3204 e.
1430 3153 1640 3220 imperio
1664 3164 1853 3213 esseut,
1882 3155 2036 3204 fasces
2060 3156 2360 3220 retinebant,
2393 3159 2460 3206 «le

317 3257 465 3304 quam
492 3241 607 3289 forti
633 3241 824 3299 auimo,
856 3254 1004 3301 qusm
1028 3235 1177 3285 nullis
1199 3235 1346 3284 minis
1424 3234 1802 3299 magistratuum
1825 3249 1994 3293 more,
2015 3233 2176 3283 donee
2201 3236 2255 3284 iu
2278 3235 2461 3285 Urbem

318 3320 552 3369 deterriti.
1432 3313 1822 3379 regrederentur.

394 3400 445 3446 8.
474 3397 645 3446 Veline.
668 3397 811 3445 Metu
834 3399 891 3445 L.
916 3393 1107 3444 Metelli
1121 3427 1136 3453 ,
1162 3405 1347 3458 proto·
1510 3409 1596 3441 u.
1618 3390 2039 3457 Proescofiaerunt.
2064 3392 2275 3441 Assidue
2293 3409 2470 3443 occur·

323 3476 393 3522 ris
418 3475 595 3523 Siciliae
611 3509 627 3532 ,
647 3475 732 3537 qui
748 3476 894 3522 Verri
911 3473 1230 3521 amicissimus
1252 3482 1346 3527 est.
1435 3483 1636 3530 rerunt,
1670 3482 1727 3520 ut
1752 3471 1912 3519 mihi·
1897 3487 1950 3519 ιιι
1967 3473 2170 3521 Verrem
2192 3475 2463 3537 inquinati

398 3571 447 3616 9.
465 3554 645 3604 Melius
662 3570 807 3616 qusm
831 3575 856 3597 e
872 3556 933 3602 Et
950 3570 1129 3616 quem·
1141 3588 1157 3611 ,
1182 3553 1349 3600 invitis
1434 3562 1600 3604 esseut
1618 3551 1987 3617 impedimento.

323 3634 510 3682 multis.
537 3636 570 3682 J
577 3636 669 3681 .V.
699 3635 755 3682 L.
1512 3632 1594 3680 13.
1630 3630 1697 3679 ui
1711 3647 1877 3695 porm-
1912 3632 2029 3679 Duo
2058 3642 2325 3694 questui-es
2350 3635 2462 3683 Me-

402 3729 479 3761 1o.
525 3713 783 3775 Utriusque
820 3711 1101 3776 provincia.
1154 3709 1668 3769 stema‚te11i.-
1714 3709 1907 3774 cupidi.
1934 3711 2080 3758 Verri
2123 3711 2357 3762 faventes.
2393 3742 2467 3751 —

325 3795 549 3856 quamvis
571 3808 725 3840 uuum
753 3789 955 3840 haberet
981 3801 1270 3856 praetotem,
1295 3789 1348 3836 iu
1440 3789 1662 3839 cibariis.
1677 3790 2050 3854 Largiuonibus.
2069 3792 2361 3855 Metsphors
2378 3792 2469 3842 du-

327 3873 449 3919 duas
490 3871 770 3936 provincias
804 3870 937 3934 (gau.
977 3870 1352 3934 diptamnum)
1436 3880 1515 3918 ets
1538 3885 1566 3916 a
1551 3840 1816 3917 canibus.
1840 3870 1920 3917 sto
1936 3872 2077 3920 Vei-r.
2095 3873 2144 3927 1,
2173 3872 2256 3927 48.

300 3950 486 4010 „dividi
513 3965 658 4016 posse
685 3948 960 4007 videbatur,
990 3957 1193 4013 propter
1220 3964 1352 4011 quae·
1516 3946 1603 4004 ¹4·
1637 3950 1920 3998 Proteum.
1972 3949 2270 4011 Metellum,
2302 3951 2472 3999 Verris

326 4043 509 4091 stores,
543 4045 670 4092 quos
707 4027 881 4077 habuit
915 4027 1040 4076 duos
1057 4062 1072 4087 ,
1099 4028 1355 4090 Syracusa·
1440 4044 1797 4084 successorem,
1821 4038 1874 4076 et
1893 4028 1999 4088 ejus
2022 4027 2271 4088 adjutores
2286 4063 2301 4086 ,
2325 4030 2471 4077 mini-

330 4126 447 4159 num
471 4120 520 4158 et
541 4108 917 4174 Lilybetanum.
1441 4118 1568 4156 stros
1592 4119 1643 4157 et
1668 4109 1871 4155 comites
1889 4138 1905 4165 ‚
1932 4106 2114 4168 quihus
2137 4106 2318 4155 minori
2343 4124 2475 4156 ourae

408 4204 486 4237 n.
519 4190 639 4237 Cum
650 4186 891 4255 fascibus.
917 4190 1066 4238 Eam
1092 4186 1355 4250 quaestori·
1444 4187 1537 4236 suit
1554 4220 1572 4248 ,
1598 4184 1851 4251 quomodo
1869 4186 2012 4235 sus-tis
2029 4186 2323 4236 exinanitam
2346 4187 2476 4235 Sici-

2168 4270 2286 4340 26.
