3044 4788
617 443 729 511 IN
780 440 1222 509 VERREM
1273 443 1490 510 ACT.
1544 442 1660 525 11,
1712 442 1905 509 LIB.
1955 444 2055 509 11.
2257 437 2394 510 503

287 556 560 638 tabulas
591 561 974 649 haberent,
1010 562 1605 635 consuetudinem
1644 587 1835 651 esse,
1869 578 1988 652 ut,
2023 586 2252 659 quum
2292 577 2397 633 ta-

285 676 489 746 bulas
514 699 705 744 novo
733 675 1069 770 magistro
1099 672 1492 761 traderent,
1526 674 1853 771 exempla
1876 673 2241 746 literarum
2265 674 2402 771 ipsi

283 784 548 856 habere
591 809 742 854 non
781 782 1093 854 nollent.
1141 788 1393 907 Itaque
1430 784 1522 854 ad
1570 788 1647 854 L.
1686 783 2015 870 Vibium,
2082 785 2397 880 equitem

283 918 705 980 romanum,
741 892 973 964 virum
1010 895 1469 991 primarium,
1508 918 1724 991 quem
1758 890 2210 1018 reperiebam
2253 916 2406 961 ma-

283 998 583 1102 gistrum
624 1002 845 1075 fuisse
878 1027 965 1074 eo
1001 1004 1161 1100 ipso
1197 1028 1431 1084 anno,
1485 1006 1613 1102 qui
1656 1003 1831 1073 mihi
1875 1006 2183 1073 maxime
2219 1024 2409 1096 quae-

283 1114 551 1186 rendus
575 1130 749 1203 erat,
772 1116 1088 1211 primum
1108 1112 1296 1183 veni.
1326 1116 1510 1183 Sane
1537 1106 1813 1182 homini
1832 1127 2090 1210 praeter
2118 1111 2406 1208 opinio·
2503 1186 2506 1191 .

283 1251 453 1297 nem
489 1226 886 1322 improviso
922 1222 1163 1292 incidi.
1200 1226 1570 1293 Scrutatus
1603 1245 1762 1294 sum
1784 1233 1833 1306 ¹,
1855 1248 2019 1318 quae
2054 1222 2296 1320 potui,
2341 1234 2413 1290 et

284 1338 578 1433 quaesivi
611 1336 874 1404 omnia.
900 1335 1148 1404 Inveni
1180 1331 1365 1403 duos
1397 1333 1589 1402 solos
1617 1330 1921 1415 libellos,
1962 1330 2051 1402 ab
2075 1336 2152 1402 L.
2177 1334 2410 1401 Canu-

285 1447 427 1517 leio
456 1444 709 1513 missos
727 1443 939 1513 sociis
956 1467 1046 1512 ex
1071 1456 1291 1539 portu
1310 1443 1707 1537 Syracusis:
1733 1442 1807 1510 in
1837 1438 2106 1536 quibus
2136 1455 2287 1510 erat
2313 1465 2412 1510 ra·

288 1554 389 1621 tio
417 1553 678 1648 scripta
703 1551 1058 1621 mensium
1084 1550 1592 1647 complurium,
1608 1572 1849 1621 rerum
1873 1563 2410 1647 exportatarum

289 1661 491 1731 istius
527 1662 818 1730 nomine
854 1660 1007 1729 sine
1045 1658 1396 1756 portorio.
1441 1666 1697 1755 Itaque
1732 1659 2103 1756 obsignavi
2147 1664 2408 1730 statim.

284 1773 507 1840 Erant
544 1768 693 1839 haec
728 1795 815 1841 ex
852 1792 940 1840 eo
980 1793 1242 1866 genere
1266 1822 1285 1855 ,
1322 1768 1524 1864 quod
1559 1792 1696 1865 ego
1726 1771 2032 1838 maxime
2065 1792 2292 1864 genus
2325 1792 2412 1837 ex

184 1923 189 1928 ·
286 1884 648 1950 sociorum
697 1880 917 1953 literis
954 1881 1269 1975 reperire
1308 1876 1728 1976 cupiebam;
1784 1902 2037 1949 verum
2084 1889 2409 1970 tantum²

287 1992 570 2078 inveni,
607 1989 922 2084 judices,
965 1989 1165 2085 quod
1204 1988 1398 2086 apud
1439 2015 1566 2059 vos
1603 1990 1808 2085 quasi
1849 1987 2160 2085 exempli
2202 2008 2408 2059 causa

288 2096 612 2195 proferre
651 2122 957 2196 possem.
993 2098 1130 2170 Sed
1169 2096 1445 2185 tamen,
1487 2097 1849 2195 quidquid
1886 2096 2022 2168 erit
2057 2099 2131 2167 in
2173 2098 2285 2168 his
2326 2097 2409 2167 Ιί-

286 2205 528 2294 bellis,
553 2208 1304 2304 quantulumcumque
1335 2207 1696 2278 videbitur
1722 2231 1907 2293 esse,
1941 2207 2078 2278 boc
2114 2207 2408 2305 quidem

288 2330 481 2387 certe
513 2315 968 2409 manifestum
1003 2320 1136 2389 erit
1168 2346 1183 2388 z
1212 2315 1303 2387 de
1337 2321 1595 2390 ceteris
1632 2340 1715 2389 ex
1744 2316 1885 2388 hoc
1921 2317 2408 2411 conjecturam

288 2425 522 2498 facere
564 2427 936 2500 debebitis.
986 2429 1232 2500 Recita
1264 2428 1478 2513 mihi,
1520 2451 1800 2523 quaem,
1850 2428 2046 2499 hunc
2095 2429 2407 2524 primum

289 2535 613 2607 libellum
636 2564 654 2624 3
677 2537 934 2609 deinde
955 2539 1158 2610 illurn
1183 2539 1511 2610 alterum.
1543 2544 1824 2609 Linum
1855 2543 2228 2608 Caunum.
2255 2545 2406 2608 Jam

290 2669 438 2715 non
457 2669 727 2740 quaere,
754 2647 945 2717 unde
978 2635 1147 2720 (icoc
1180 2647 1809 2746 amphoras'mellis
1836 2645 2408 2733 habueri3‚11nde

293 2769 561 2826 tantam
588 2756 1031 2828 Melitensem
1065 2755 1602 2845 vestem³,unde
1638 2758 2162 2855 quinquaginta
2191 2757 2408 2826 tricli-

295 2865 580 2935 niorum
602 2866 822 2936 lectos
837 2920 855 2952 ,
881 2866 1075 2937 unde
1098 2882 1207 2938 tot
1224 2863 1683 2955 candelabra3
1710 2893 1883 2953 non,
1906 2868 2201 2964 inquam
2216 2922 2235 2952 ‚
2260 2867 2405 2961 jam

294 2999 561 3071 quaero‚
583 2976 778 3046 unde
810 2975 957 3047 haec
987 2974 1362 3049 habueris:
1399 2978 1524 3049 sed
1553 3003 1702 3074 quo
1738 2976 2184 3048 tibi-tantum
2221 3002 2409 3074 opus
2485 3025 2490 3028 -

295 3083 545 3172 fuerit,
590 3085 662 3155 id
700 3111 964 3183 quaero.
1004 3083 1214 3158 Mitto
1249 3088 1337 3159 de
1377 3086 1635 3158 melle:
1675 3086 1800 3158 sed
1837 3101 2216 3158 tantumne
2253 3092 2406 3157 Me-

295 3192 705 3274 litensium?
765 3200 968 3293 quasi
1012 3199 1225 3268 etiam
1276 3199 1725 3269 amicorum‘*
1773 3222 2031 3267 uxores
2070 3224 2086 3267 ε
2126 3211 2404 3267 tantum
2509 3213 2524 3227 ·

364 3430 592 3476 LXXIV.
617 3446 659 3476 1.
676 3432 925 3478 Seruaeus
948 3448 1069 3480 sum.
1093 3434 1305 3479 Accusa-
1392 3443 1441 3480 at
1479 3433 1598 3480 satis
1636 3431 1816 3479 multos
1851 3443 2012 3479 tamen
2049 3443 2104 3479 ut
2126 3431 2408 3492 judicaretis

299 3505 511 3564 turibus,
541 3510 759 3570 praetoris
780 3511 885 3574 lege
902 3521 1048 3573 atque
1067 3512 1303 3575 imperio,
1391 3523 1514 3575 quot
1548 3522 1597 3559 et
1627 3522 1806 3574 quanta
1840 3512 2128 3559 invenissem
2164 3509 2406 3559 furtorum

297 3596 509 3648 potestus
552 3585 755 3635 dabatur
798 3589 959 3637 omnia
975 3625 990 3648 ,
1012 3606 1123 3653 qnae
1170 3588 1306 3653 apud
1392 3591 1559 3638 Verris
1583 3599 1862 3652 argumente
1879 3624 1893 3647 ,
1928 3593 1971 3637 si
1988 3591 2151 3653 plures
2167 3591 2407 3651 ejusmodi

296 3680 534 3728 quemque
576 3666 638 3713 ad
671 3668 1026 3717 act-mationem
1059 3669 1305 3717 instruen-
1395 3670 1583 3718 tabula
1598 3671 1897 3734 reperissem.

296 3744 409 3791 dam
429 3745 720 3808 pertinentia
741 3749 1031 3812 reperirent,
1058 3748 1308 3797 scrutandi
1468 3750 1516 3797 3.
1550 3750 1768 3799 hmbin.
1796 3751 1941 3798 Gmt.
1974 3750 2081 3806 alii,
2111 3750 2277 3798 «uude
2308 3761 2411 3798 tan-

296 3840 353 3872 ae
377 3823 692 3887 obsignandi,
724 3836 775 3872 et
802 3828 1007 3874 Romam
1034 3827 1309 3886 deferendi,
1401 3841 1503 3877 tum
1551 3829 1876 3877 Melitensium
1906 3863 1920 3886 ,
1982 3829 2114 3878 unde
2171 3829 2410 3892 qninqua—
2467 3851 2470 3852 ⁷

299 3919 361 3951 ne
395 3902 514 3965 quid
556 3905 797 3950 removeri
835 3917 1015 3968 posset.
1062 3907 1159 3955 Sed
1204 3905 1310 3970 lege
1397 3910 1528 3971 ginta
1553 3927 1598 3954 υ.
1622 3910 1670 3956 J.
1688 3909 1749 3954 V.
1770 3910 1821 3954 L.

296 3984 661 4048 excipiebantur
700 3984 873 4032 tabulae
908 3985 1309 4050 publicanorum,
1471 3997 1519 4043 4.
1565 3986 1860 4035 Amicorum.
1908 3988 2252 4046 Patronus-um,
2288 4004 2414 4051 qnos

296 4066 557 4126 quominus
576 4065 780 4111 Romam
797 4063 1183 4128 deportarentur.
1398 4066 1511 4114 inde
1545 4067 1595 4112 in
1628 4066 1861 4113 invidiam
1885 4067 2108 4121 adducit,
2145 4068 2281 4128 quasi
2308 4067 2411 4112 baee

374 4160 418 4191 2.
456 4145 679 4191 Tamum.
700 4146 888 4192 Paucos
910 4144 1075 4192 inveni
1096 4144 1310 4204 libellos,
1398 4147 1468 4191 eis
1483 4155 1753 4192 antrorum
1772 4145 2009 4193 uxoribus
2025 4142 2205 4192 donata
2219 4144 2416 4191 suerint.
