3044 4788
664 404 796 451 110
1299 381 1398 448 M.
1447 381 1522 446 T.
1577 379 2137 450 CICERONIS

650 502 954 573 modum
993 525 1146 573 esse
1178 499 1494 571 hominis
1528 495 1942 588 occidendi,
1986 525 2137 598 quo
2170 501 2289 571 ille
2330 527 2478 573 non
2506 504 2803 602 aliquot

652 613 1037 698 occiderit;
1080 611 1347 680 multos
1381 608 1573 688 ferro
1597 664 1616 697 ,
1650 610 1918 679 multos
1951 635 2259 681 veneno.
2293 610 2543 682 Habeo
2574 616 2801 684 etiam

653 721 931 805 dicere,
986 744 1209 816 quem
1237 773 1256 806 ,
1307 734 1561 788 contra
1624 743 1900 790 morem
1950 721 2306 814 majorum
2330 776 2351 808 ,
2430 715 2801 793 minorem

650 836 861 902 annis
894 827 1036 917 Lxfi,
1076 827 1166 900 de
1197 844 1422 928 ponte
1449 832 1524 899 in
1560 827 1873 899 Tiberim
1909 829 2272 925 dejecerit.
2293 835 2502 922 Quae,
2528 836 2586 903 si
2618 857 2803 930 pro-

652 941 866 1012 dierit
888 953 940 1029 7,
971 955 1188 1037 atque
1220 939 1401 1010 adeo
1436 965 1666 1037 quum
1698 937 2050 1038 prodierit
2089 941 2282 1036 (scio
2316 946 2510 1012 enim
2540 941 2803 1040 prodi-

649 1067 899 1122 turum
932 1063 1083 1121 es'se
1103 1051 1129 1143 )
1149 1102 1170 1137 ,
1194 1049 1462 1120 audiet.
1502 1052 1762 1120 Veniat
1792 1049 2053 1138 mode,
2082 1052 2395 1149 explicet
2426 1056 2643 1124 suu‘m
2671 1078 2807 1122 vo·

647 1162 899 1232 lumen
916 1157 946 1203 ⁸
967 1158 1149 1230 illud
1166 1214 1186 1247 ‚
1210 1157 1411 1256 quod
1436 1163 1499 1230 ei
1528 1161 1827 1259 planum
1861 1159 2095 1231 facere
2117 1184 2416 1258 possum
2444 1165 2803 1233 Erucium

653 1272 1199 1368 conscripsisse:
1224 1267 1424 1366 quod
1449 1273 1656 1340 aiunt
1681 1270 1886 1340 illum
1916 1274 2073 1341 Sex.
2100 1275 2805 1358 Rosciointentasse‚

652 1395 728 1451 et
767 1383 1178 1450 minitatum
1211 1405 1401 1468 esse,
1454 1406 1530 1450 se
1572 1384 1815 1450 omnia
1847 1381 1967 1452 illa
2009 1405 2145 1479 pro
2184 1384 2604 1451 testimonio
2640 1407 2803 1452 esse

624 1491 1039 1562 dicturum.
1068 1496 1132 1561 O
1163 1491 1583 1588 praeclarum
1625 1503 1879 1560 testem
1898 1544 1917 1577 ,
1939 1487 2255 1585 judices!
2290 1516 2338 1560 o
2370 1495 2800 1587 gravitatem

650 1600 944 1698 dignam
972 1599 1541 1698 exspectatione!
1574 1624 1619 1669 o
1653 1603 1871 1670 vitam
1901 1598 2318 1688 honestam,
2354 1615 2576 1697 atque
2609 1602 2805 1696 ejus-

649 1711 876 1799 modi,
893 1726 976 1781 ut
988 1709 1382 1781 libentibus
1397 1711 1656 1779 animis
1670 1708 1760 1779 ad
1782 1711 1843 1803 ej
1853 1734 1936 1779 us
1955 1713 2455 1781 testimonium
2471 1724 2800 1780 vestrum

621 1804 628 1812 ⁸
644 1816 1158 1917 jusjurandum
1186 1817 1778 1889 accommodetis!
1813 1818 2146 1890 Profecto
2175 1845 2322 1890 non
2350 1834 2495 1889 tam
2520 1823 2803 1918 perspi-

653 1955 788 2002 cue
821 1934 1122 1999 istorum
1153 1925 1498 2036 maleficia
1525 1927 1958 2016 videremus,
1991 1931 2129 1998 nisi
2162 1933 2356 2027 ipsos
2381 1953 2608 1999 caecos
2639 1927 2802 1999 red-

655 2040 860 2111 deret
888 2035 1240 2135 cupiditas
1259 2091 1278 2125 ,
1305 2052 1378 2107 et
1407 2040 1701 2108 avaritia
1719 2091 1738 2124 ,
1770 2052 1843 2108 et
1872 2036 2188 2108 audacia.

752 2151 1075 2219 XXXVI.
1143 2146 1341 2216 Alter
1369 2157 1390 2188 ¹
1434 2171 1527 2216 ex
1579 2150 1733 2244 ipsa
1788 2144 1980 2216 caede
2029 2147 2394 2217 volucrem
2445 2149 2801 2216 nuntium

652 2262 1011 2333 Ameriam
1052 2254 1145 2327 ad
1176 2259 1455 2326 socium
1480 2270 1703 2356 atque
1735 2253 1827 2325 ad
1865 2259 2286 2352 magistrum
2317 2281 2532 2326 suum
2564 2260 2799 2326 misit:

657 2384 776 2456 ut,
815 2371 870 2440 si
916 2366 1363 2438 dissimulare
1396 2391 1653 2437 omnes
1685 2381 2039 2465 cuperent
2070 2391 2145 2438 se
2174 2369 2392 2453 scire,
2432 2364 2526 2437 ad
2571 2391 2802 2463 quem

651 2479 1085 2552 maleficium
1107 2481 1525 2575 pertineret,
1542 2492 1783 2548 tamen
1798 2482 1951 2575 ipse
1969 2493 2301 2577 apertum
2320 2501 2532 2546 suum
2558 2479 2802 2548 scelus

654 2606 822 2664 ante
854 2592 1186 2660 omnium
1211 2588 1462 2658 oculos
1488 2602 1815 2686 poneret.
1838 2589 2037 2659 Alter
2053 2598 2108 2673 ²,
2127 2590 2184 2657 si
2214 2584 2351 2657 diis
2370 2583 2397 2629 ³
2423 2589 2804 2660 immorta-

653 2702 843 2773 libus
871 2701 1129 2799 placet,
1142 2700 1638 2769 testimonium
1663 2701 1879 2769 etiam
1907 2702 1983 2768 in
2010 2701 2170 2768 SeX.
2191 2699 2531 2767 Roscium
2559 2697 2804 2768 dictu·

653 2837 780 2883 rus
819 2824 968 2881 est:
1003 2811 1208 2905 quasi
1243 2831 1416 2878 vero
1454 2806 1531 2878 id
1581 2832 1781 2879 nunc
1825 2823 2111 2905 agatur,
2151 2822 2399 2878 utrum
2422 2861 2442 2895 ,
2492 2810 2551 2877 is
2590 2806 2805 2905 quod

653 2995 779 3041 hanc
798 2996 972 3040 Romae
998 3007 1088 3055 per
1123 2992 1310 3039 socium
1339 3002 1390 3039 et
1426 2988 1678 3039 alumnum

655 3074 714 3122 T.
728 3071 960 3120 Roscium
984 3064 1220 3133 Massnum
1245 3073 1535 3135 reportavit.

727 3152 777 3199 6.
815 3151 1053 3198 Minorem
1078 3149 1219 3197 annis
1247 3151 1353 3198 LX.
1378 3151 1478 3212 Qui
1503 3150 1680 3198 suffra-

654 3231 787 3296 gium
813 3240 952 3278 erant
971 3228 1176 3287 dicturi,
1201 3238 1384 3291 septum
1402 3228 1676 3291 quoddam,

585 3310 588 3317 “
653 3311 706 3357 in
727 3325 900 3375 campo
919 3309 1101 3357 Martio
1122 3307 1348 3355 cancellis
1374 3308 1676 3365 conclusum,

652 3390 921 3447 intrabant,
955 3399 1087 3435 trans
1114 3386 1329 3449 ligneum
1355 3396 1587 3449 pontem,
1614 3385 1678 3433 ad

656 3477 847 3530 tempus
867 3467 1047 3514 factum
1072 3476 1121 3512 et
1146 3464 1333 3528 aliquot
1351 3464 1498 3529 pedes
1525 3465 1675 3514 altum

654 3562 682 3592 a
703 3557 846 3607 terra,
866 3546 927 3594 de
944 3560 1046 3609 quo
1073 3545 1371 3608 sexagenarii
1392 3544 1677 3605 dejicieban-

654 3636 750 3672 tur.
786 3624 984 3672 Nemini
1012 3624 1193 3687 quippe
1219 3634 1335 3688 post
1357 3639 1510 3672 annos
1539 3641 1677 3672 sexs-

654 3704 793 3765 gintn
831 3713 947 3750 usto
997 3703 1118 3749 ferre
1161 3702 1444 3767 suffragium
1480 3703 1675 3751 licebat.

655 3780 800 3829 Unde
821 3782 966 3828 etiam
993 3803 1018 3821 α
1038 3779 1303 3844 deponuni
1326 3797 1462 3829 senes
1479 3803 1504 3821 n
1537 3797 1681 3829 vocs·

654 3861 851 3909 bantur.
868 3860 898 3906 J
903 3870 1072 3906 ocatur
1089 3857 1205 3905 inde
1223 3861 1397 3907 Cicero
1413 3859 1599 3925 (neseio
1616 3876 1676 3906 an

654 3936 908 4003 frigidius)
930 3937 981 3984 in
1002 3936 1309 3999 Capitonem,
1325 3939 1409 4000 qui
1443 3936 1502 3984 de
1520 3937 1679 4000 'ponte

651 4035 762 4066 vere
781 4017 936 4064 civem
963 4016 1015 4062 in
1033 4013 1247 4062 Tiberim
1267 4012 1679 4079 precipitaverunt,

647 4115 707 4146 nc
743 4096 1056 4153 demerserat,
1087 4102 1258 4142 contra
1300 4109 1482 4142 morem
1524 4095 1680 4155 majo·

1765 3010 1905 3052 mm,
1930 2994 1970 3043 i.
2004 3011 2047 3043 e.
2086 2995 2295 3053 nefarie,
2340 3006 2389 3043 et
2427 3005 2597 3043 contra
2639 2995 2717 3043 sas
2752 3006 2804 3045 et

1758 3073 1885 3133 jura.
2396 3121 2404 3130 .

1838 3169 1887 3212 7.
1938 3152 1992 3199 Si
2017 3152 2279 3217 prodierit.
2336 3155 2387 3204 Si
2431 3152 2493 3201 sd
2533 3153 2801 3202 dicendum

1764 3231 2006 3294 prodesto
2286 3260 2289 3261 ν

1838 3311 1892 3358 8.
1910 3311 2058 3357 Suum
2085 3311 2331 3362 volumen.
2355 3313 2562 3361 Erucius
2582 3312 2803 3361 dictave-

1763 3400 1839 3437 rst
1857 3390 2085 3454 Capitoni
2103 3389 2385 3454 verba‚quae
2403 3408 2497 3456 pro
2511 3391 2802 3439 testimonio

1767 3462 1977 3526 diceret,
1995 3484 2147 3532 eaque
2164 3469 2341 3533 Cupito
2361 3471 2410 3518 S.
2432 3470 2615 3517 Roscio
2639 3456 2802 3519 ἰιιὰιι

1762 3546 2025 3594 minitatus.
2766 3560 2773 3565 “

1835 3626 2076 3673 xxxvl.
2108 3639 2155 3672 1.
2176 3626 2331 3673 Alter.
2355 3627 2417 3674 T.
2449 3628 2660 3674 Roscius
2685 3627 2801 3673 Μι-

1764 3720 1919 3769 gnus,
1964 3703 2135 3752 eodem
2181 3705 2416 3769 temporis
2459 3716 2648 3770 puncto
2691 3720 2803 3769 quo

1766 3783 1922 3831 caedes
1943 3794 2015 3831 est
2035 3794 2245 3847 peracta.

1837 3878 1887 3909 2.
1917 3863 2074 3910 Alter.
2105 3863 2162 3909 T.
2189 3862 2397 3911 Roscius
2422 3863 2617 3927 Capito.

1841 3942 1891 3990 3.
1920 3940 1975 3987 Si
2001 3939 2111 3989 diis.
2134 3944 2305 3989 Forma
2332 3942 2569 4005 loquendi
2593 3938 2659 3988 sd
2676 3939 2807 3989 indi-

1768 4019 2051 4082 gnationem
2086 4021 2373 4087 plerumque
2391 4055 2407 4082 ,
2441 4032 2498 4070 ut
2531 4021 2585 4070 h.
2611 4020 2649 4069 1.
2687 4035 2805 4084 per-

1768 4097 1941 4146 tineus.
