<?xml version="1.0" encoding="UTF-8"?>
<!DOCTYPE html PUBLIC "-//W3C//DTD XHTML 1.0 Transitional//EN"
    "http://www.w3.org/TR/xhtml1/DTD/xhtml1-transitional.dtd">
<html xmlns="http://www.w3.org/1999/xhtml" xml:lang="en" lang="en">
 <head>
  <title>
</title>
<meta http-equiv="Content-Type" content="text/html;charset=utf-8" />
  <meta name='ocr-system' content='tesseract 3.04.00' />
  <meta name='ocr-capabilities' content='ocr_page ocr_carea ocr_par ocr_line ocrx_word'/>
</head>
<body>
  <div class='ocr_page' id='page_1' title='image "./mtciceronisquae09lemagoog/mtciceronisquae09lemagoog_0351.png"; bbox 0 0 3044 4788; ppageno 0'>
   <div class='ocr_carea' id='block_1_1' title="bbox 705 420 2425 507">
    <p class='ocr_par' dir='ltr' id='par_1_1' title="bbox 705 364 2425 507">
     <span class='ocr_line' id='line_1_1' title="bbox 705 420 2425 507; baseline -0.001 -16"><span class='ocrx_word' id='word_1_1' title='bbox 705 423 815 493; x_wconf 82' lang='lat' dir='ltr'>IN</span> <span class='ocrx_word' id='word_1_2' title='bbox 863 421 1290 492; x_wconf 81' lang='lat' dir='ltr'>VERREM</span> <span class='ocrx_word' id='word_1_3' title='bbox 1337 421 1551 489; x_wconf 84' lang='lat' dir='ltr'><strong>AGT.</strong></span> <span class='ocrx_word' id='word_1_4' title='bbox 1605 420 1710 507; x_wconf 89' lang='lat'>11,</span> <span class='ocrx_word' id='word_1_5' title='bbox 1759 421 1947 490; x_wconf 84' lang='lat' dir='ltr'><strong>LIB.</strong></span> <span class='ocrx_word' id='word_1_6' title='bbox 1994 423 2048 489; x_wconf 88' lang='lat'>1.</span> <span class='ocrx_word' id='word_1_7' title='bbox 2298 420 2425 491; x_wconf 77' lang='lat'>31·</span> 
     </span>
    </p>
   </div>
   <div class='ocr_carea' id='block_1_2' title="bbox 312 544 2558 2954">
    <p class='ocr_par' dir='ltr' id='par_1_2' title="bbox 312 544 2448 1062">
     <span class='ocr_line' id='line_1_2' title="bbox 313 544 2444 641; baseline -0.003 -20"><span class='ocrx_word' id='word_1_8' title='bbox 313 554 413 621; x_wconf 89' lang='lat' dir='ltr'>M.</span> <span class='ocrx_word' id='word_1_9' title='bbox 447 547 714 620; x_wconf 88' lang='lat' dir='ltr'>Piso¹⁰.</span> <span class='ocrx_word' id='word_1_10' title='bbox 748 547 1083 635; x_wconf 85' lang='lat' dir='ltr'>Quaestor</span> <span class='ocrx_word' id='word_1_11' title='bbox 1117 567 1344 641; x_wconf 89' lang='lat' dir='ltr'>quum</span> <span class='ocrx_word' id='word_1_12' title='bbox 1392 548 1471 614; x_wconf 90' lang='lat' dir='ltr'>L.</span> <span class='ocrx_word' id='word_1_13' title='bbox 1515 544 1908 639; x_wconf 84' lang='lat' dir='ltr'>Scipioni¹¹</span> <span class='ocrx_word' id='word_1_14' title='bbox 1946 545 2224 639; x_wconf 80' lang='lat' dir='ltr'>consuli</span> <span class='ocrx_word' id='word_1_15' title='bbox 2260 544 2444 615; x_wconf 88' lang='lat' dir='ltr'>obti-</span> 
     </span>
     <span class='ocr_line' id='line_1_3' title="bbox 312 654 2448 755; baseline -0.001 -27"><span class='ocrx_word' id='word_1_16' title='bbox 312 660 563 755; x_wconf 84' lang='lat' dir='ltr'>gisset,</span> <span class='ocrx_word' id='word_1_17' title='bbox 601 680 755 727; x_wconf 90' lang='lat' dir='ltr'>non</span> <span class='ocrx_word' id='word_1_18' title='bbox 793 657 1021 753; x_wconf 86' lang='lat' dir='ltr'>attigit</span> <span class='ocrx_word' id='word_1_19' title='bbox 1055 656 1437 752; x_wconf 84' lang='lat' dir='ltr'>pecuniam</span> <span class='ocrx_word' id='word_1_20' title='bbox 1461 708 1480 741; x_wconf 90' lang='lat'>‚</span> <span class='ocrx_word' id='word_1_21' title='bbox 1515 678 1664 724; x_wconf 90' lang='lat' dir='ltr'>non</span> <span class='ocrx_word' id='word_1_22' title='bbox 1711 654 1799 724; x_wconf 86' lang='lat' dir='ltr'>ad</span> <span class='ocrx_word' id='word_1_23' title='bbox 1836 658 2233 727; x_wconf 86' lang='lat' dir='ltr'>exercitum</span> <span class='ocrx_word' id='word_1_24' title='bbox 2275 680 2448 753; x_wconf 88' lang='lat' dir='ltr'>pro-</span> 
     </span>
     <span class='ocr_line' id='line_1_4' title="bbox 316 764 2447 863; baseline -0.001 -24"><span class='ocrx_word' id='word_1_25' title='bbox 316 767 547 839; x_wconf 85' lang='lat' dir='ltr'>fectus</span> <span class='ocrx_word' id='word_1_26' title='bbox 597 780 706 838; x_wconf 88' lang='lat' dir='ltr'>est</span> <span class='ocrx_word' id='word_1_27' title='bbox 744 793 760 835; x_wconf 75' lang='grc' dir='ltr'><strong>ε</strong></span> <span class='ocrx_word' id='word_1_28' title='bbox 816 764 1018 863; x_wconf 90' lang='lat' dir='ltr'>quod</span> <span class='ocrx_word' id='word_1_29' title='bbox 1057 765 1147 837; x_wconf 91' lang='lat' dir='ltr'>de</span> <span class='ocrx_word' id='word_1_30' title='bbox 1202 764 1575 861; x_wconf 83' lang='lat' dir='ltr'>republica</span> <span class='ocrx_word' id='word_1_31' title='bbox 1614 765 1871 852; x_wconf 88' lang='lat' dir='ltr'>sensit,</span> <span class='ocrx_word' id='word_1_32' title='bbox 1916 767 2013 836; x_wconf 84' lang='lat' dir='ltr'>ita</span> <span class='ocrx_word' id='word_1_33' title='bbox 2058 767 2317 853; x_wconf 85' lang='lat' dir='ltr'>sensit,</span> <span class='ocrx_word' id='word_1_34' title='bbox 2366 781 2447 836; x_wconf 91' lang='lat' dir='ltr'>ut</span> 
     </span>
     <span class='ocr_line' id='line_1_5' title="bbox 312 875 2444 970; baseline 0 -21"><span class='ocrx_word' id='word_1_35' title='bbox 312 903 451 951; x_wconf 85' lang='lat' dir='ltr'>nec</span> <span class='ocrx_word' id='word_1_36' title='bbox 487 875 707 949; x_wconf 89' lang='lat' dir='ltr'>fidem</span> <span class='ocrx_word' id='word_1_37' title='bbox 744 901 948 947; x_wconf 90' lang='lat' dir='ltr'>suam</span> <span class='ocrx_word' id='word_1_38' title='bbox 974 887 1061 965; x_wconf 81' lang='lat'>¹²,</span> <span class='ocrx_word' id='word_1_39' title='bbox 1095 900 1235 948; x_wconf 90' lang='lat' dir='ltr'>nec</span> <span class='ocrx_word' id='word_1_40' title='bbox 1263 898 1544 947; x_wconf 88' lang='lat' dir='ltr'>morem</span> <span class='ocrx_word' id='word_1_41' title='bbox 1586 876 1981 970; x_wconf 82' lang='lat' dir='ltr'>majorum,</span> <span class='ocrx_word' id='word_1_42' title='bbox 2020 900 2157 948; x_wconf 89' lang='lat' dir='ltr'>nec</span> <span class='ocrx_word' id='word_1_43' title='bbox 2192 901 2444 949; x_wconf 87' lang='lat' dir='ltr'>neces-</span> 
     </span>
     <span class='ocr_line' id='line_1_6' title="bbox 313 985 1303 1062; baseline -0.005 -1"><span class='ocrx_word' id='word_1_44' title='bbox 313 987 707 1062; x_wconf 86' lang='lat' dir='ltr'>situdinem</span> <span class='ocrx_word' id='word_1_45' title='bbox 743 989 959 1058; x_wconf 86' lang='lat' dir='ltr'>sortis</span> <span class='ocrx_word' id='word_1_46' title='bbox 995 985 1303 1058; x_wconf 82' lang='lat' dir='ltr'>laederet.</span> 
     </span>
    </p>

    <p class='ocr_par' dir='ltr' id='par_1_3' title="bbox 312 1094 2558 2954">
     <span class='ocr_line' id='line_1_7' title="bbox 410 1094 2449 1193; baseline -0.001 -24"><span class='ocrx_word' id='word_1_47' title='bbox 410 1101 565 1169; x_wconf 88' lang='lat' dir='ltr'>XV.</span> <span class='ocrx_word' id='word_1_48' title='bbox 612 1098 937 1169; x_wconf 88' lang='lat' dir='ltr'>Etenim¹</span> <span class='ocrx_word' id='word_1_49' title='bbox 975 1097 1034 1167; x_wconf 90' lang='lat' dir='ltr'>si</span> <span class='ocrx_word' id='word_1_50' title='bbox 1080 1096 1231 1170; x_wconf 78' lang='lat' dir='ltr'>haec</span> <span class='ocrx_word' id='word_1_51' title='bbox 1280 1094 1712 1193; x_wconf 83' lang='lat' dir='ltr'>perturbare</span> <span class='ocrx_word' id='word_1_52' title='bbox 1760 1097 2039 1185; x_wconf 85' lang='lat' dir='ltr'>omnia,</span> <span class='ocrx_word' id='word_1_53' title='bbox 2080 1108 2153 1167; x_wconf 89' lang='lat' dir='ltr'>et</span> <span class='ocrx_word' id='word_1_54' title='bbox 2189 1098 2449 1193; x_wconf 87' lang='lat' dir='ltr'>permi-</span> 
     </span>
     <span class='ocr_line' id='line_1_8' title="bbox 315 1203 2451 1301; baseline 0 -23"><span class='ocrx_word' id='word_1_55' title='bbox 315 1231 517 1279; x_wconf 80' lang='lat' dir='ltr'><strong>scere</strong></span> <span class='ocrx_word' id='word_1_56' title='bbox 543 1205 917 1291; x_wconf 85' lang='lat' dir='ltr'>volumus;</span> <span class='ocrx_word' id='word_1_57' title='bbox 955 1219 1183 1276; x_wconf 89' lang='lat' dir='ltr'>totam</span> <span class='ocrx_word' id='word_1_58' title='bbox 1220 1205 1439 1275; x_wconf 88' lang='lat' dir='ltr'>vitam</span> <span class='ocrx_word' id='word_1_59' title='bbox 1474 1203 2451 1301; x_wconf 85' lang='lat' dir='ltr'>periculosam‚invidiosam‚</span> 
     </span>
     <span class='ocr_line' id='line_1_9' title="bbox 313 1314 2510 1413; baseline 0 -26"><span class='ocrx_word' id='word_1_60' title='bbox 313 1315 796 1413; x_wconf 86' lang='lat' dir='ltr'>infestamque</span> <span class='ocrx_word' id='word_1_61' title='bbox 832 1315 1258 1403; x_wconf 86' lang='lat' dir='ltr'>reddemns;</span> <span class='ocrx_word' id='word_1_62' title='bbox 1294 1316 1351 1385; x_wconf 90' lang='lat' dir='ltr'>si</span> <span class='ocrx_word' id='word_1_63' title='bbox 1382 1314 1658 1385; x_wconf 88' lang='lat' dir='ltr'>nullam</span> <span class='ocrx_word' id='word_1_64' title='bbox 1688 1315 2110 1411; x_wconf 77' lang='lat' dir='ltr'>religionem</span> <span class='ocrx_word' id='word_1_65' title='bbox 2149 1340 2306 1387; x_wconf 87' lang='lat' dir='ltr'>sors</span> <span class='ocrx_word' id='word_1_66' title='bbox 2337 1316 2454 1387; x_wconf 88' lang='lat' dir='ltr'>ha·</span> <span class='ocrx_word' id='word_1_67' title='bbox 2495 1331 2510 1340; x_wconf 82' lang='lat'><strong><em>‘</em></strong></span> 
     </span>
     <span class='ocr_line' id='line_1_10' title="bbox 313 1425 2450 1520; baseline 0 -23"><span class='ocrx_word' id='word_1_68' title='bbox 313 1425 561 1513; x_wconf 83' lang='lat' dir='ltr'>bebit,</span> <span class='ocrx_word' id='word_1_69' title='bbox 612 1426 891 1500; x_wconf 83' lang='lat' dir='ltr'>nullam</span> <span class='ocrx_word' id='word_1_70' title='bbox 942 1427 1438 1497; x_wconf 77' lang='lat' dir='ltr'>sanctitatem²</span> <span class='ocrx_word' id='word_1_71' title='bbox 1477 1426 1901 1520; x_wconf 86' lang='lat' dir='ltr'>conjunctio</span> <span class='ocrx_word' id='word_1_72' title='bbox 1938 1426 2271 1496; x_wconf 85' lang='lat' dir='ltr'>secundae</span> <span class='ocrx_word' id='word_1_73' title='bbox 2314 1425 2450 1497; x_wconf 90' lang='lat' dir='ltr'>du-</span> 
     </span>
     <span class='ocr_line' id='line_1_11' title="bbox 312 1529 2452 1634; baseline 0 -26"><span class='ocrx_word' id='word_1_74' title='bbox 312 1529 603 1634; x_wconf 58' lang='lat' dir='ltr'>biaeque</span> <span class='ocrx_word' id='word_1_75' title='bbox 661 1535 990 1622; x_wconf 69' lang='lat' dir='ltr'>fortunae,</span> <span class='ocrx_word' id='word_1_76' title='bbox 1039 1535 1314 1606; x_wconf 89' lang='lat' dir='ltr'>nullam</span> <span class='ocrx_word' id='word_1_77' title='bbox 1367 1536 1870 1606; x_wconf 86' lang='lat' dir='ltr'>auctoritatem</span> <span class='ocrx_word' id='word_1_78' title='bbox 1929 1560 2170 1606; x_wconf 89' lang='lat' dir='ltr'>mores</span> <span class='ocrx_word' id='word_1_79' title='bbox 2233 1552 2452 1634; x_wconf 85' lang='lat' dir='ltr'>atque</span> 
     </span>
     <span class='ocr_line' id='line_1_12' title="bbox 317 1646 2453 1741; baseline 0.001 -25"><span class='ocrx_word' id='word_1_80' title='bbox 317 1651 648 1717; x_wconf 85' lang='lat' dir='ltr'>instituta</span> <span class='ocrx_word' id='word_1_81' title='bbox 681 1647 1058 1741; x_wconf 87' lang='lat' dir='ltr'>majorum.</span> <span class='ocrx_word' id='word_1_82' title='bbox 1099 1646 1450 1717; x_wconf 88' lang='lat' dir='ltr'>Omnium</span> <span class='ocrx_word' id='word_1_83' title='bbox 1493 1661 1602 1716; x_wconf 89' lang='lat' dir='ltr'>est</span> <span class='ocrx_word' id='word_1_84' title='bbox 1638 1647 2041 1717; x_wconf 90' lang='lat' dir='ltr'>communis</span> <span class='ocrx_word' id='word_1_85' title='bbox 2078 1647 2453 1734; x_wconf 81' lang='lat' dir='ltr'>inimicuS‚</span> 
     </span>
     <span class='ocr_line' id='line_1_13' title="bbox 318 1757 2558 1855; baseline -0 -27"><span class='ocrx_word' id='word_1_86' title='bbox 318 1760 448 1855; x_wconf 92' lang='lat' dir='ltr'>qui</span> <span class='ocrx_word' id='word_1_87' title='bbox 493 1757 632 1830; x_wconf 87' lang='lat' dir='ltr'>fuit</span> <span class='ocrx_word' id='word_1_88' title='bbox 668 1758 893 1828; x_wconf 82' lang='lat' dir='ltr'>hostis</span> <span class='ocrx_word' id='word_1_89' title='bbox 926 1782 1246 1828; x_wconf 88' lang='lat' dir='ltr'>suorum.</span> <span class='ocrx_word' id='word_1_90' title='bbox 1295 1758 1532 1826; x_wconf 88' lang='lat' dir='ltr'>Nemo</span> <span class='ocrx_word' id='word_1_91' title='bbox 1570 1779 1921 1852; x_wconf 90' lang='lat' dir='ltr'>umquam</span> <span class='ocrx_word' id='word_1_92' title='bbox 1960 1757 2243 1853; x_wconf 87' lang='lat' dir='ltr'>sapiens</span> <span class='ocrx_word' id='word_1_93' title='bbox 2284 1782 2454 1855; x_wconf 88' lang='lat' dir='ltr'>pro·</span> <span class='ocrx_word' id='word_1_94' title='bbox 2557 1786 2558 1789; x_wconf 43' lang='lat'>¹</span> 
     </span>
     <span class='ocr_line' id='line_1_14' title="bbox 316 1862 2451 1963; baseline -0 -25"><span class='ocrx_word' id='word_1_95' title='bbox 316 1867 534 1938; x_wconf 75' lang='lat' dir='ltr'>(litori</span> <span class='ocrx_word' id='word_1_96' title='bbox 567 1866 1008 1938; x_wconf 89' lang='lat' dir='ltr'>credendum</span> <span class='ocrx_word' id='word_1_97' title='bbox 1048 1866 1322 1963; x_wconf 83' lang='lat' dir='ltr'>putavit</span> <span class='ocrx_word' id='word_1_98' title='bbox 1351 1862 1405 1934; x_wconf 79' lang='lat'>³.</span> <span class='ocrx_word' id='word_1_99' title='bbox 1463 1870 1625 1962; x_wconf 88' lang='lat' dir='ltr'>Ipse</span> <span class='ocrx_word' id='word_1_100' title='bbox 1661 1864 1853 1935; x_wconf 89' lang='lat' dir='ltr'>Sulla</span> <span class='ocrx_word' id='word_1_101' title='bbox 1877 1919 1896 1952; x_wconf 86' lang='lat'>‚</span> <span class='ocrx_word' id='word_1_102' title='bbox 1947 1870 2066 1935; x_wconf 92' lang='lat' dir='ltr'>cui</span> <span class='ocrx_word' id='word_1_103' title='bbox 2103 1865 2451 1937; x_wconf 88' lang='lat' dir='ltr'>adventus</span> 
     </span>
     <span class='ocr_line' id='line_1_15' title="bbox 315 1973 2452 2075; baseline -0.001 -28"><span class='ocrx_word' id='word_1_104' title='bbox 315 1979 519 2049; x_wconf 86' lang='lat' dir='ltr'>istius</span> <span class='ocrx_word' id='word_1_105' title='bbox 551 1979 993 2075; x_wconf 84' lang='lat' dir='ltr'>gratissimus</span> <span class='ocrx_word' id='word_1_106' title='bbox 1029 2000 1184 2047; x_wconf 89' lang='lat' dir='ltr'>esse</span> <span class='ocrx_word' id='word_1_107' title='bbox 1217 1973 1474 2046; x_wconf 86' lang='lat' dir='ltr'>debuit</span> <span class='ocrx_word' id='word_1_108' title='bbox 1496 2029 1514 2062; x_wconf 94' lang='lat'>‚</span> <span class='ocrx_word' id='word_1_109' title='bbox 1554 1973 1645 2046; x_wconf 88' lang='lat' dir='ltr'>ab</span> <span class='ocrx_word' id='word_1_110' title='bbox 1681 1999 1756 2045; x_wconf 88' lang='lat' dir='ltr'>se</span> <span class='ocrx_word' id='word_1_111' title='bbox 1789 1974 2157 2045; x_wconf 90' lang='lat' dir='ltr'>hominem</span> <span class='ocrx_word' id='word_1_112' title='bbox 2182 2029 2201 2062; x_wconf 89' lang='lat'>‚</span> <span class='ocrx_word' id='word_1_113' title='bbox 2232 1989 2452 2071; x_wconf 87' lang='lat' dir='ltr'>atque</span> 
     </span>
     <span class='ocr_line' id='line_1_16' title="bbox 314 2083 2454 2183; baseline -0.002 -24"><span class='ocrx_word' id='word_1_114' title='bbox 314 2087 408 2159; x_wconf 91' lang='lat' dir='ltr'>ab</span> <span class='ocrx_word' id='word_1_115' title='bbox 444 2091 763 2159; x_wconf 84' lang='lat' dir='ltr'>exercitu</span> <span class='ocrx_word' id='word_1_116' title='bbox 810 2111 942 2157; x_wconf 88' lang='lat' dir='ltr'>suo</span> <span class='ocrx_word' id='word_1_117' title='bbox 985 2090 1291 2157; x_wconf 85' lang='lat' dir='ltr'>removit</span> <span class='ocrx_word' id='word_1_118' title='bbox 1328 2113 1344 2155; x_wconf 76' lang='grc' dir='ltr'><strong><em>ε</em></strong></span> <span class='ocrx_word' id='word_1_119' title='bbox 1390 2086 1781 2156; x_wconf 89' lang='lat' dir='ltr'>Beneventi</span> <span class='ocrx_word' id='word_1_120' title='bbox 1826 2109 1979 2156; x_wconf 88' lang='lat' dir='ltr'>esse</span> <span class='ocrx_word' id='word_1_121' title='bbox 2011 2085 2220 2179; x_wconf 88' lang='lat' dir='ltr'>jussit</span> <span class='ocrx_word' id='word_1_122' title='bbox 2257 2083 2454 2183; x_wconf 85' lang='lat' dir='ltr'>apud</span> 
     </span>
     <span class='ocr_line' id='line_1_17' title="bbox 317 2194 2451 2295; baseline -0.001 -27"><span class='ocrx_word' id='word_1_123' title='bbox 317 2221 478 2284; x_wconf 70' lang='lat' dir='ltr'>eos»,</span> <span class='ocrx_word' id='word_1_124' title='bbox 511 2220 698 2295; x_wconf 87' lang='lat' dir='ltr'>quos</span> <span class='ocrx_word' id='word_1_125' title='bbox 725 2197 874 2267; x_wconf 87' lang='lat' dir='ltr'>suis</span> <span class='ocrx_word' id='word_1_126' title='bbox 910 2194 1239 2292; x_wconf 86' lang='lat' dir='ltr'>partibus</span> <span class='ocrx_word' id='word_1_127' title='bbox 1275 2197 1741 2266; x_wconf 88' lang='lat' dir='ltr'>amicissimos</span> <span class='ocrx_word' id='word_1_128' title='bbox 1776 2219 1928 2266; x_wconf 87' lang='lat' dir='ltr'>esse</span> <span class='ocrx_word' id='word_1_129' title='bbox 1967 2194 2451 2292; x_wconf 86' lang='lat' dir='ltr'>intelligebat;</span> 
     </span>
     <span class='ocr_line' id='line_1_18' title="bbox 314 2304 2451 2404; baseline -0.001 -27"><span class='ocrx_word' id='word_1_130' title='bbox 314 2305 444 2377; x_wconf 88' lang='lat' dir='ltr'>ubi</span> <span class='ocrx_word' id='word_1_131' title='bbox 478 2308 612 2377; x_wconf 86' lang='lat' dir='ltr'>iste</span> <span class='ocrx_word' id='word_1_132' title='bbox 648 2330 944 2378; x_wconf 84' lang='lat' dir='ltr'>summae</span> <span class='ocrx_word' id='word_1_133' title='bbox 987 2308 1092 2376; x_wconf 88' lang='lat' dir='ltr'>rei</span> <span class='ocrx_word' id='word_1_134' title='bbox 1131 2329 1503 2402; x_wconf 82' lang='lat' dir='ltr'>causaeque</span> <span class='ocrx_word' id='word_1_135' title='bbox 1543 2329 1808 2375; x_wconf 87' lang='lat' dir='ltr'>nocere</span> <span class='ocrx_word' id='word_1_136' title='bbox 1852 2305 2031 2375; x_wconf 89' lang='lat' dir='ltr'>nihil</span> <span class='ocrx_word' id='word_1_137' title='bbox 2067 2319 2332 2404; x_wconf 89' lang='lat' dir='ltr'>posset.</span> <span class='ocrx_word' id='word_1_138' title='bbox 2369 2304 2451 2375; x_wconf 87' lang='lat' dir='ltr'>Ei</span> 
     </span>
     <span class='ocr_line' id='line_1_19' title="bbox 316 2414 2450 2516; baseline -0.002 -26"><span class='ocrx_word' id='word_1_139' title='bbox 316 2433 573 2516; x_wconf 86' lang='lat' dir='ltr'>postea</span> <span class='ocrx_word' id='word_1_140' title='bbox 618 2421 907 2515; x_wconf 82' lang='lat' dir='ltr'>praemia</span> <span class='ocrx_word' id='word_1_141' title='bbox 949 2431 1195 2487; x_wconf 87' lang='lat' dir='ltr'>tamen</span> <span class='ocrx_word' id='word_1_142' title='bbox 1232 2416 1622 2487; x_wconf 81' lang='lat' dir='ltr'>liberaliter</span> <span class='ocrx_word' id='word_1_143' title='bbox 1658 2414 1915 2486; x_wconf 87' lang='lat' dir='ltr'>tribuit</span> <span class='ocrx_word' id='word_1_144' title='bbox 1953 2444 1969 2485; x_wconf 91' lang='lat'><strong>:</strong></span> <span class='ocrx_word' id='word_1_145' title='bbox 2011 2415 2205 2487; x_wconf 88' lang='lat' dir='ltr'>bona</span> <span class='ocrx_word' id='word_1_146' title='bbox 2252 2441 2450 2513; x_wconf 82' lang='lat' dir='ltr'>quae-</span> 
     </span>
     <span class='ocr_line' id='line_1_20' title="bbox 316 2524 2451 2625; baseline -0.001 -26"><span class='ocrx_word' id='word_1_147' title='bbox 316 2528 484 2599; x_wconf 90' lang='lat' dir='ltr'>dam</span> <span class='ocrx_word' id='word_1_148' title='bbox 519 2530 1093 2625; x_wconf 85' lang='lat' dir='ltr'>proscriptorum</span> <span class='ocrx_word' id='word_1_149' title='bbox 1136 2529 1213 2597; x_wconf 89' lang='lat' dir='ltr'>in</span> <span class='ocrx_word' id='word_1_150' title='bbox 1257 2551 1430 2623; x_wconf 85' lang='lat' dir='ltr'>agro</span> <span class='ocrx_word' id='word_1_151' title='bbox 1481 2532 1992 2598; x_wconf 83' lang='lat' dir='ltr'>Beneventano</span> <span class='ocrx_word' id='word_1_152' title='bbox 2045 2524 2451 2622; x_wconf 86' lang='lat' dir='ltr'>diripienda</span> 
     </span>
     <span class='ocr_line' id='line_1_21' title="bbox 317 2636 2452 2734; baseline -0.002 -25"><span class='ocrx_word' id='word_1_153' title='bbox 317 2639 672 2709; x_wconf 83' lang='lat' dir='ltr'>concessit</span> <span class='ocrx_word' id='word_1_154' title='bbox 692 2663 711 2723; x_wconf 88' lang='grc'>;</span> <span class='ocrx_word' id='word_1_155' title='bbox 733 2637 982 2708; x_wconf 86' lang='lat' dir='ltr'>habuit</span> <span class='ocrx_word' id='word_1_156' title='bbox 1008 2639 1365 2709; x_wconf 87' lang='lat' dir='ltr'>honorem</span> <span class='ocrx_word' id='word_1_157' title='bbox 1384 2641 1413 2694; x_wconf 79' lang='lat'>4</span> <span class='ocrx_word' id='word_1_158' title='bbox 1439 2652 1517 2708; x_wconf 90' lang='lat' dir='ltr'>ut</span> <span class='ocrx_word' id='word_1_159' title='bbox 1538 2636 1927 2734; x_wconf 82' lang='lat' dir='ltr'>proditori,</span> <span class='ocrx_word' id='word_1_160' title='bbox 1949 2661 2100 2706; x_wconf 92' lang='lat' dir='ltr'>non</span> <span class='ocrx_word' id='word_1_161' title='bbox 2124 2649 2203 2705; x_wconf 90' lang='lat' dir='ltr'>ut</span> <span class='ocrx_word' id='word_1_162' title='bbox 2219 2636 2452 2706; x_wconf 90' lang='lat' dir='ltr'>amico</span> 
     </span>
     <span class='ocr_line' id='line_1_22' title="bbox 317 2746 2453 2845; baseline -0 -28"><span class='ocrx_word' id='word_1_163' title='bbox 317 2746 559 2818; x_wconf 89' lang='lat' dir='ltr'>fidem.</span> <span class='ocrx_word' id='word_1_164' title='bbox 611 2749 864 2832; x_wconf 90' lang='lat' dir='ltr'>Nunc,</span> <span class='ocrx_word' id='word_1_165' title='bbox 919 2749 1244 2845; x_wconf 87' lang='lat' dir='ltr'>quamvis</span> <span class='ocrx_word' id='word_1_166' title='bbox 1295 2750 1437 2818; x_wconf 83' lang='lat' dir='ltr'>sint</span> <span class='ocrx_word' id='word_1_167' title='bbox 1491 2747 1859 2833; x_wconf 60' lang='lat' dir='ltr'>hominm,</span> <span class='ocrx_word' id='word_1_168' title='bbox 1899 2747 2027 2844; x_wconf 89' lang='lat' dir='ltr'>qui</span> <span class='ocrx_word' id='word_1_169' title='bbox 2077 2759 2453 2817; x_wconf 89' lang='lat' dir='ltr'>mortuum</span> 
     </span>
     <span class='ocr_line' id='line_1_23' title="bbox 319 2854 2454 2954; baseline -0 -27"><span class='ocrx_word' id='word_1_170' title='bbox 319 2860 448 2927; x_wconf 91' lang='lat' dir='ltr'>Cn.</span> <span class='ocrx_word' id='word_1_171' title='bbox 479 2855 892 2928; x_wconf 85' lang='lat' dir='ltr'>Carbonem</span> <span class='ocrx_word' id='word_1_172' title='bbox 924 2856 1245 2945; x_wconf 87' lang='lat' dir='ltr'>oderiut;</span> <span class='ocrx_word' id='word_1_173' title='bbox 1288 2871 1530 2929; x_wconf 88' lang='lat' dir='ltr'>tamen</span> <span class='ocrx_word' id='word_1_174' title='bbox 1568 2856 1643 2927; x_wconf 90' lang='lat' dir='ltr'>hi</span> <span class='ocrx_word' id='word_1_175' title='bbox 1681 2855 1987 2944; x_wconf 87' lang='lat' dir='ltr'>debent,</span> <span class='ocrx_word' id='word_1_176' title='bbox 2034 2881 2227 2943; x_wconf 89' lang='lat' dir='ltr'>non,</span> <span class='ocrx_word' id='word_1_177' title='bbox 2275 2854 2454 2954; x_wconf 90' lang='lat' dir='ltr'>quid</span> 
     </span>
    </p>
   </div>
   <div class='ocr_carea' id='block_1_3' title="bbox 319 3125 2457 3191">
    <p class='ocr_par' dir='ltr' id='par_1_4' title="bbox 319 3125 2457 3191">
     <span class='ocr_line' id='line_1_24' title="bbox 319 3125 2457 3191; baseline -0.001 -16"><span class='ocrx_word' id='word_1_178' title='bbox 319 3129 489 3185; x_wconf 80' lang='lat' dir='ltr'>sectus,</span> <span class='ocrx_word' id='word_1_179' title='bbox 506 3126 780 3190; x_wconf 85' lang='lat' dir='ltr'>improbior</span> <span class='ocrx_word' id='word_1_180' title='bbox 798 3141 972 3186; x_wconf 88' lang='lat' dir='ltr'>nemo,</span> <span class='ocrx_word' id='word_1_181' title='bbox 998 3141 1107 3173; x_wconf 89' lang='lat' dir='ltr'>meo</span> <span class='ocrx_word' id='word_1_182' title='bbox 1131 3125 1342 3188; x_wconf 87' lang='lat' dir='ltr'>judicio,</span> <span class='ocrx_word' id='word_1_183' title='bbox 1434 3136 1693 3191; x_wconf 65' lang='lat' dir='ltr'>praetorem</span> <span class='ocrx_word' id='word_1_184' title='bbox 1723 3125 1956 3189; x_wconf 83' lang='lat' dir='ltr'>quaestori</span> <span class='ocrx_word' id='word_1_185' title='bbox 1988 3141 2078 3172; x_wconf 90' lang='lat' dir='ltr'>suo</span> <span class='ocrx_word' id='word_1_186' title='bbox 2105 3125 2320 3189; x_wconf 70' lang='lat' dir='ltr'>parentis</span> <span class='ocrx_word' id='word_1_187' title='bbox 2354 3140 2457 3172; x_wconf 85' lang='lat' dir='ltr'>esse</span> 
     </span>
    </p>
   </div>
   <div class='ocr_carea' id='block_1_4' title="bbox 317 3201 2464 4061">
    <p class='ocr_par' dir='ltr' id='par_1_5' title="bbox 320 3201 2456 3347">
     <span class='ocr_line' id='line_1_25' title="bbox 320 3201 2456 3254; baseline -0.003 0"><span class='ocrx_word' id='word_1_188' title='bbox 320 3205 414 3254; x_wconf 80' lang='lat' dir='ltr'>fuit</span> <span class='ocrx_word' id='word_1_189' title='bbox 428 3227 473 3253; x_wconf 68' lang='lat' dir='ltr'>n.</span> <span class='ocrx_word' id='word_1_190' title='bbox 1430 3205 1546 3253; x_wconf 89' lang='lat' dir='ltr'>loco</span> <span class='ocrx_word' id='word_1_191' title='bbox 1597 3204 1874 3252; x_wconf 78' lang='lat' dir='ltr'>voluerunt.</span> <span class='ocrx_word' id='word_1_192' title='bbox 1916 3229 1984 3240; x_wconf 92' lang='lat'>-</span> <span class='ocrx_word' id='word_1_193' title='bbox 2026 3201 2456 3254; x_wconf 80' lang='lat' dir='ltr'>Necessieudinem.</span> 
     </span>
     <span class='ocr_line' id='line_1_26' title="bbox 398 3279 2221 3347; baseline -0.003 -14"><span class='ocrx_word' id='word_1_194' title='bbox 398 3300 476 3333; x_wconf 88' lang='lat'>10.</span> <span class='ocrx_word' id='word_1_195' title='bbox 496 3285 567 3331; x_wconf 76' lang='lat' dir='ltr'>M.</span> <span class='ocrx_word' id='word_1_196' title='bbox 588 3282 716 3332; x_wconf 84' lang='lat' dir='ltr'>Piso.</span> <span class='ocrx_word' id='word_1_197' title='bbox 735 3284 907 3347; x_wconf 84' lang='lat' dir='ltr'>Frugi:</span> <span class='ocrx_word' id='word_1_198' title='bbox 928 3284 1081 3332; x_wconf 90' lang='lat' dir='ltr'>homo</span> <span class='ocrx_word' id='word_1_199' title='bbox 1099 3281 1342 3331; x_wconf 84' lang='lat' dir='ltr'>nobilissi·</span> <span class='ocrx_word' id='word_1_200' title='bbox 1432 3284 1604 3347; x_wconf 81' lang='lat' dir='ltr'>Qualis</span> <span class='ocrx_word' id='word_1_201' title='bbox 1626 3295 1700 3331; x_wconf 86' lang='lat' dir='ltr'>est</span> <span class='ocrx_word' id='word_1_202' title='bbox 1727 3283 1942 3347; x_wconf 81' lang='lat' dir='ltr'>parentis</span> <span class='ocrx_word' id='word_1_203' title='bbox 1964 3297 2073 3328; x_wconf 87' lang='lat' dir='ltr'>cum</span> <span class='ocrx_word' id='word_1_204' title='bbox 2100 3279 2221 3327; x_wconf 86' lang='lat' dir='ltr'>filio.</span> 
     </span>
    </p>

    <p class='ocr_par' dir='ltr' id='par_1_6' title="bbox 318 3360 2458 3426">
     <span class='ocr_line' id='line_1_27' title="bbox 318 3360 2458 3426; baseline -0.003 -13"><span class='ocrx_word' id='word_1_205' title='bbox 318 3381 454 3425; x_wconf 81' lang='lat' dir='ltr'>mus,</span> <span class='ocrx_word' id='word_1_206' title='bbox 480 3363 905 3412; x_wconf 81' lang='lat' dir='ltr'>innocentissimus</span> <span class='ocrx_word' id='word_1_207' title='bbox 928 3374 975 3410; x_wconf 84' lang='lat' dir='ltr'>et</span> <span class='ocrx_word' id='word_1_208' title='bbox 1002 3362 1345 3426; x_wconf 83' lang='lat' dir='ltr'>eloquentissi·</span> <span class='ocrx_word' id='word_1_209' title='bbox 1506 3365 1622 3411; x_wconf 80' lang='lat' dir='ltr'>XV.</span> <span class='ocrx_word' id='word_1_210' title='bbox 1657 3379 1700 3412; x_wconf 89' lang='lat'>1.</span> <span class='ocrx_word' id='word_1_211' title='bbox 1727 3361 1939 3409; x_wconf 79' lang='lat' dir='ltr'>Etenim.</span> <span class='ocrx_word' id='word_1_212' title='bbox 1967 3360 2104 3408; x_wconf 92' lang='lat' dir='ltr'>Ordo</span> <span class='ocrx_word' id='word_1_213' title='bbox 2141 3370 2229 3406; x_wconf 84' lang='lat' dir='ltr'>est.</span> <span class='ocrx_word' id='word_1_214' title='bbox 2265 3360 2458 3406; x_wconf 81' lang='lat' dir='ltr'>Etenim</span> 
     </span>
    </p>

    <p class='ocr_par' dir='ltr' id='par_1_7' title="bbox 320 3437 2459 3506">
     <span class='ocr_line' id='line_1_28' title="bbox 320 3437 2459 3506; baseline -0.003 -14"><span class='ocrx_word' id='word_1_215' title='bbox 320 3461 429 3492; x_wconf 83' lang='lat' dir='ltr'>mus</span> <span class='ocrx_word' id='word_1_216' title='bbox 449 3478 463 3501; x_wconf 88' lang='lat'><strong>,</strong></span> <span class='ocrx_word' id='word_1_217' title='bbox 514 3454 570 3491; x_wconf 87' lang='lat' dir='ltr'>ut</span> <span class='ocrx_word' id='word_1_218' title='bbox 615 3458 725 3490; x_wconf 83' lang='lat' dir='ltr'>enm</span> <span class='ocrx_word' id='word_1_219' title='bbox 773 3443 985 3506; x_wconf 76' lang='lat' dir='ltr'>appellat</span> <span class='ocrx_word' id='word_1_220' title='bbox 1030 3443 1204 3493; x_wconf 83' lang='lat' dir='ltr'>Cicero</span> <span class='ocrx_word' id='word_1_221' title='bbox 1249 3456 1343 3505; x_wconf 87' lang='lat' dir='ltr'>pro</span> <span class='ocrx_word' id='word_1_222' title='bbox 1434 3441 1475 3489; x_wconf 85' lang='lat' dir='ltr'>si</span> <span class='ocrx_word' id='word_1_223' title='bbox 1501 3441 1633 3489; x_wconf 77' lang='lat' dir='ltr'>haec.</span> <span class='ocrx_word' id='word_1_224' title='bbox 1648 3440 1988 3505; x_wconf 75' lang='lat' dir='ltr'>..permiscere</span> <span class='ocrx_word' id='word_1_225' title='bbox 2008 3438 2263 3496; x_wconf 81' lang='lat' dir='ltr'>volumus3</span> <span class='ocrx_word' id='word_1_226' title='bbox 2284 3437 2327 3485; x_wconf 87' lang='lat' dir='ltr'>si</span> <span class='ocrx_word' id='word_1_227' title='bbox 2348 3437 2459 3485; x_wconf 89' lang='lat' dir='ltr'>nul-</span> 
     </span>
    </p>

    <p class='ocr_par' dir='ltr' id='par_1_8' title="bbox 319 3516 2459 3665">
     <span class='ocr_line' id='line_1_29' title="bbox 319 3516 2459 3584; baseline -0.004 -12"><span class='ocrx_word' id='word_1_228' title='bbox 319 3524 487 3572; x_wconf 74' lang='lat' dir='ltr'>Planc.</span> <span class='ocrx_word' id='word_1_229' title='bbox 511 3522 557 3571; x_wconf 88' lang='grc'>3.</span> <span class='ocrx_word' id='word_1_230' title='bbox 576 3520 696 3569; x_wconf 76' lang='lat' dir='ltr'>Vid.</span> <span class='ocrx_word' id='word_1_231' title='bbox 718 3521 826 3570; x_wconf 84' lang='lat' dir='ltr'>lud.</span> <span class='ocrx_word' id='word_1_232' title='bbox 846 3523 1036 3571; x_wconf 82' lang='lat' dir='ltr'>Histor.</span> <span class='ocrx_word' id='word_1_233' title='bbox 1432 3520 1528 3568; x_wconf 77' lang='lat' dir='ltr'>lam</span> <span class='ocrx_word' id='word_1_234' title='bbox 1548 3520 1848 3584; x_wconf 85' lang='lat' dir='ltr'>religionem,</span> <span class='ocrx_word' id='word_1_235' title='bbox 1868 3529 1966 3567; x_wconf 84' lang='lat' dir='ltr'>etc.</span> <span class='ocrx_word' id='word_1_236' title='bbox 1991 3528 2142 3565; x_wconf 79' lang='lat' dir='ltr'>totam</span> <span class='ocrx_word' id='word_1_237' title='bbox 2161 3519 2310 3565; x_wconf 84' lang='lat' dir='ltr'>vitam</span> <span class='ocrx_word' id='word_1_238' title='bbox 2335 3516 2459 3564; x_wconf 83' lang='lat' dir='ltr'>infe-</span> 
     </span>
     <span class='ocr_line' id='line_1_30' title="bbox 398 3599 1915 3665; baseline -0.003 -14"><span class='ocrx_word' id='word_1_239' title='bbox 398 3620 478 3653; x_wconf 81' lang='grc' dir='ltr'>ιι.</span> <span class='ocrx_word' id='word_1_240' title='bbox 509 3605 565 3651; x_wconf 87' lang='lat' dir='ltr'>L.</span> <span class='ocrx_word' id='word_1_241' title='bbox 596 3600 828 3665; x_wconf 74' lang='lat' dir='ltr'>Scipioni.</span> <span class='ocrx_word' id='word_1_242' title='bbox 862 3602 963 3664; x_wconf 88' lang='lat' dir='ltr'>Qui</span> <span class='ocrx_word' id='word_1_243' title='bbox 1003 3599 1175 3649; x_wconf 76' lang='lat' dir='ltr'>consul</span> <span class='ocrx_word' id='word_1_244' title='bbox 1211 3615 1342 3646; x_wconf 76' lang='lat' dir='ltr'>anno</span> <span class='ocrx_word' id='word_1_245' title='bbox 1429 3599 1915 3658; x_wconf 62' lang='lat' dir='ltr'>stam...reddemus.</span> 
     </span>
    </p>

    <p class='ocr_par' dir='ltr' id='par_1_9' title="bbox 320 3676 2464 3744">
     <span class='ocr_line' id='line_1_31' title="bbox 320 3676 2464 3744; baseline -0.005 -13"><span class='ocrx_word' id='word_1_246' title='bbox 320 3684 424 3744; x_wconf 83' lang='lat'>670</span> <span class='ocrx_word' id='word_1_247' title='bbox 470 3680 700 3729; x_wconf 76' lang='lat' dir='ltr'>adversus</span> <span class='ocrx_word' id='word_1_248' title='bbox 746 3679 927 3728; x_wconf 85' lang='lat' dir='ltr'>Sullam</span> <span class='ocrx_word' id='word_1_249' title='bbox 975 3682 1243 3744; x_wconf 84' lang='lat' dir='ltr'>profectus,</span> <span class='ocrx_word' id='word_1_250' title='bbox 1280 3678 1343 3725; x_wconf 81' lang='lat' dir='ltr'>ab</span> <span class='ocrx_word' id='word_1_251' title='bbox 1505 3695 1556 3728; x_wconf 65' lang='grc' dir='ltr'>α.</span> <span class='ocrx_word' id='word_1_252' title='bbox 1608 3679 1774 3742; x_wconf 83' lang='lat' dir='ltr'>Vulgo</span> <span class='ocrx_word' id='word_1_253' title='bbox 1825 3678 2119 3726; x_wconf 77' lang='lat' dir='ltr'>societatem.</span> <span class='ocrx_word' id='word_1_254' title='bbox 2170 3676 2464 3739; x_wconf 76' lang='lat' dir='ltr'>Recepimus</span> 
     </span>
    </p>

    <p class='ocr_par' dir='ltr' id='par_1_10' title="bbox 319 3755 2460 3823">
     <span class='ocr_line' id='line_1_32' title="bbox 319 3755 2460 3823; baseline -0.004 -14"><span class='ocrx_word' id='word_1_255' title='bbox 319 3762 534 3811; x_wconf 84' lang='lat' dir='ltr'>exercitu</span> <span class='ocrx_word' id='word_1_256' title='bbox 559 3776 650 3808; x_wconf 85' lang='lat' dir='ltr'>suo</span> <span class='ocrx_word' id='word_1_257' title='bbox 679 3760 896 3808; x_wconf 80' lang='lat' dir='ltr'>desertus</span> <span class='ocrx_word' id='word_1_258' title='bbox 922 3777 977 3807; x_wconf 81' lang='lat' dir='ltr'>ae</span> <span class='ocrx_word' id='word_1_259' title='bbox 1000 3759 1225 3823; x_wconf 81' lang='lat' dir='ltr'>proditus</span> <span class='ocrx_word' id='word_1_260' title='bbox 1249 3767 1344 3813; x_wconf 83' lang='lat' dir='ltr'>est;</span> <span class='ocrx_word' id='word_1_261' title='bbox 1434 3758 1822 3808; x_wconf 74' lang='lat' dir='ltr'>emendationem</span> <span class='ocrx_word' id='word_1_262' title='bbox 1839 3761 1888 3806; x_wconf 87' lang='lat' dir='ltr'>J.</span> <span class='ocrx_word' id='word_1_263' title='bbox 1909 3761 1962 3805; x_wconf 79' lang='lat' dir='ltr'>F.</span> <span class='ocrx_word' id='word_1_264' title='bbox 1983 3755 2237 3804; x_wconf 72' lang='lat' dir='ltr'>Grono&#39;vii.</span> <span class='ocrx_word' id='word_1_265' title='bbox 2258 3758 2307 3803; x_wconf 90' lang='lat' dir='ltr'>J.</span> <span class='ocrx_word' id='word_1_266' title='bbox 2321 3756 2385 3801; x_wconf 84' lang='lat' dir='ltr'>V.</span> <span class='ocrx_word' id='word_1_267' title='bbox 2405 3756 2460 3801; x_wconf 88' lang='lat' dir='ltr'>L.</span> 
     </span>
    </p>

    <p class='ocr_par' dir='ltr' id='par_1_11' title="bbox 317 3836 2464 3897">
     <span class='ocr_line' id='line_1_33' title="bbox 317 3836 2464 3897; baseline -0.005 -9"><span class='ocrx_word' id='word_1_268' title='bbox 317 3840 581 3888; x_wconf 79' lang='lat' dir='ltr'>inviolatus</span> <span class='ocrx_word' id='word_1_269' title='bbox 608 3855 726 3887; x_wconf 83' lang='lat' dir='ltr'>vero</span> <span class='ocrx_word' id='word_1_270' title='bbox 744 3856 771 3887; x_wconf 76' lang='lat' dir='ltr'>a</span> <span class='ocrx_word' id='word_1_271' title='bbox 797 3840 928 3888; x_wconf 86' lang='lat' dir='ltr'>Sulla</span> <span class='ocrx_word' id='word_1_272' title='bbox 950 3839 1196 3894; x_wconf 81' lang='lat' dir='ltr'>dimissus,</span> <span class='ocrx_word' id='word_1_273' title='bbox 1218 3838 1347 3885; x_wconf 80' lang='lat' dir='ltr'>Mas·</span> <span class='ocrx_word' id='word_1_274' title='bbox 1511 3838 1560 3886; x_wconf 88' lang='grc'>3.</span> <span class='ocrx_word' id='word_1_275' title='bbox 1577 3836 1786 3886; x_wconf 78' lang='lat' dir='ltr'>Putavit.</span> <span class='ocrx_word' id='word_1_276' title='bbox 1807 3841 1945 3886; x_wconf 75' lang='lat' dir='ltr'>Hanc</span> <span class='ocrx_word' id='word_1_277' title='bbox 1963 3837 2015 3882; x_wconf 90' lang='lat' dir='ltr'>in</span> <span class='ocrx_word' id='word_1_278' title='bbox 2033 3836 2319 3883; x_wconf 80' lang='lat' dir='ltr'>senteutiam</span> <span class='ocrx_word' id='word_1_279' title='bbox 2338 3848 2464 3897; x_wconf 82' lang='lat' dir='ltr'>prae·</span> 
     </span>
    </p>

    <p class='ocr_par' dir='ltr' id='par_1_12' title="bbox 321 3912 2462 3967">
     <span class='ocr_line' id='line_1_34' title="bbox 321 3912 2462 3967; baseline -0.004 -1"><span class='ocrx_word' id='word_1_280' title='bbox 321 3920 479 3967; x_wconf 63' lang='lat' dir='ltr'>silium</span> <span class='ocrx_word' id='word_1_281' title='bbox 503 3919 623 3967; x_wconf 76' lang='lat' dir='ltr'>abiit</span> <span class='ocrx_word' id='word_1_282' title='bbox 650 3919 702 3966; x_wconf 92' lang='lat' dir='ltr'>in</span> <span class='ocrx_word' id='word_1_283' title='bbox 738 3919 983 3967; x_wconf 73' lang='lat' dir='ltr'>exsilium.</span> <span class='ocrx_word' id='word_1_284' title='bbox 1004 3917 1133 3964; x_wconf 80' lang='lat' dir='ltr'>Vell.</span> <span class='ocrx_word' id='word_1_285' title='bbox 1162 3917 1346 3963; x_wconf 75' lang='lat' dir='ltr'>Patere.</span> <span class='ocrx_word' id='word_1_286' title='bbox 1437 3917 1697 3965; x_wconf 75' lang='lat' dir='ltr'>clarissime</span> <span class='ocrx_word' id='word_1_287' title='bbox 1750 3931 1852 3964; x_wconf 88' lang='lat' dir='ltr'>non</span> <span class='ocrx_word' id='word_1_288' title='bbox 1895 3915 2042 3963; x_wconf 85' lang='lat' dir='ltr'>semel</span> <span class='ocrx_word' id='word_1_289' title='bbox 2086 3912 2462 3967; x_wconf 81' lang='lat' dir='ltr'>Demosthenes,</span> 
     </span>
    </p>

    <p class='ocr_par' dir='ltr' id='par_1_13' title="bbox 326 3994 2215 4061">
     <span class='ocr_line' id='line_1_35' title="bbox 326 3994 2215 4061; baseline -0.004 -14"><span class='ocrx_word' id='word_1_290' title='bbox 326 4001 402 4059; x_wconf 82' lang='lat'>11,</span> <span class='ocrx_word' id='word_1_291' title='bbox 425 3999 509 4047; x_wconf 79' lang='lat'>25.</span> <span class='ocrx_word' id='word_1_292' title='bbox 1437 3999 1584 4061; x_wconf 76' lang='lat' dir='ltr'>quem</span> <span class='ocrx_word' id='word_1_293' title='bbox 1610 3995 1691 4042; x_wconf 79' lang='lat' dir='ltr'>adi</span> <span class='ocrx_word' id='word_1_294' title='bbox 1719 3994 1779 4042; x_wconf 88' lang='lat' dir='ltr'>de</span> <span class='ocrx_word' id='word_1_295' title='bbox 1807 3996 1991 4043; x_wconf 89' lang='lat' dir='ltr'>Coron.</span> <span class='ocrx_word' id='word_1_296' title='bbox 2017 3994 2215 4057; x_wconf 76' lang='lat' dir='ltr'>passim.</span> 
     </span>
    </p>
   </div>
   <div class='ocr_carea' id='block_1_5' title="bbox 328 4070 2464 4218">
    <p class='ocr_par' dir='ltr' id='par_1_14' title="bbox 328 4070 2464 4218">
     <span class='ocr_line' id='line_1_36' title="bbox 400 4070 2464 4136; baseline -0.006 -12"><span class='ocrx_word' id='word_1_297' title='bbox 400 4077 667 4125; x_wconf 57' lang='lat' dir='ltr'>zamidem</span> <span class='ocrx_word' id='word_1_298' title='bbox 685 4093 844 4124; x_wconf 80' lang='lat' dir='ltr'>suam.</span> <span class='ocrx_word' id='word_1_299' title='bbox 869 4076 1029 4136; x_wconf 75' lang='lat' dir='ltr'>Quam</span> <span class='ocrx_word' id='word_1_300' title='bbox 1051 4089 1142 4121; x_wconf 87' lang='lat' dir='ltr'>nec</span> <span class='ocrx_word' id='word_1_301' title='bbox 1161 4072 1352 4120; x_wconf 88' lang='lat' dir='ltr'>consuli</span> <span class='ocrx_word' id='word_1_302' title='bbox 1512 4082 1566 4129; x_wconf 77' lang='grc'>4.</span> <span class='ocrx_word' id='word_1_303' title='bbox 1612 4075 1870 4121; x_wconf 82' lang='lat' dir='ltr'>Honorem.</span> <span class='ocrx_word' id='word_1_304' title='bbox 1913 4070 2189 4120; x_wconf 80' lang='lat' dir='ltr'>Mercedem</span> <span class='ocrx_word' id='word_1_305' title='bbox 2237 4085 2292 4116; x_wconf 77' lang='lat' dir='ltr'>ac</span> <span class='ocrx_word' id='word_1_306' title='bbox 2342 4081 2464 4129; x_wconf 69' lang='lat' dir='ltr'>pra-</span> 
     </span>
     <span class='ocr_line' id='line_1_37' title="bbox 328 4152 1613 4218; baseline -0.003 -14"><span class='ocrx_word' id='word_1_307' title='bbox 328 4172 420 4205; x_wconf 83' lang='lat' dir='ltr'>suo</span> <span class='ocrx_word' id='word_1_308' title='bbox 461 4156 614 4206; x_wconf 77' lang='lat' dir='ltr'>dedit.</span> <span class='ocrx_word' id='word_1_309' title='bbox 638 4183 709 4192; x_wconf 92' lang='lat'>——</span> <span class='ocrx_word' id='word_1_310' title='bbox 737 4157 927 4204; x_wconf 77' lang='lat' dir='ltr'>Morem</span> <span class='ocrx_word' id='word_1_311' title='bbox 963 4152 1221 4218; x_wconf 79' lang='lat' dir='ltr'>majorum.</span> <span class='ocrx_word' id='word_1_312' title='bbox 1254 4154 1353 4216; x_wconf 86' lang='lat' dir='ltr'>Qui</span> <span class='ocrx_word' id='word_1_313' title='bbox 1440 4153 1613 4201; x_wconf 88' lang='lat' dir='ltr'>mium.</span> 
     </span>
    </p>
   </div>
  </div>
 </body>
</html>
