3044 4788
597 369 738 444 236
939 368 1494 443 EXCURSUS
1541 370 1675 439 DE
1723 369 2376 460 PROVINCIIS.

588 507 682 569 tio
725 502 1071 568 consulatu
1119 501 1256 565 haec
1308 499 1542 573 habet:
1590 530 1619 555 -e
1647 499 1811 583 Quoe
1856 500 2077 564 omnia
2124 515 2327 587 quum
2377 497 2445 561 in
2496 516 2741 564 senatu

589 629 840 674 summa
877 606 1071 672 laude
1102 606 1591 686 extollerentur,
1611 606 1670 671 ei
1704 606 1864 671 duas
1896 605 2118 670 denuo
2146 606 2453 695 legiones,
2485 620 2551 669 et
2571 622 2744 669 tem-

587 739 715 804 pus
758 715 842 780 ad
885 715 1155 779 aliarum
1200 713 1491 803 gentium
1534 714 1880 803 imperium
1929 713 2290 778 attribuit».
2343 714 2551 777 Caesar
2589 713 2741 801 ipse

588 821 699 886 lib.
734 813 765 884 1
799 818 882 883 de
911 811 1089 882 Bello
1130 817 1301 882 civili
1350 819 1438 882 ita
1474 818 1736 883 scribit:
1772 848 1799 875 κ
1830 818 2183 882 Provinciae
2209 817 2472 906 privatis
2503 818 2738 882 decer-

589 941 873 1006 nuntur,
909 923 1054 989 duae
1086 924 1483 1007 consulares,
1512 925 1776 1013 reliquae
1810 925 2157 1014 praetoriae,
2194 924 2481 1011 Scipioni
2513 924 2734 1011 Syria,

586 1030 877 1095 Domitio
905 1028 1104 1096 Gallia
1131 1030 1467 1114 obvenit-3
1495 1030 1805 1095 retulerat
1832 1045 2048 1096 autem
2080 1031 2167 1095 de
2187 1031 2535 1118 provinciis
2555 1029 2733 1094 Len-

545 1135 554 1140 ’
589 1135 766 1199 tulus
803 1137 1032 1201 consul
1063 1137 1276 1201 statim
1311 1151 1461 1225 post
1500 1135 1805 1200 kalendas
1844 1136 2094 1215 januar.
2145 1136 2623 1219 Quamobrem,
2668 1136 2732 1199 si

591 1241 822 1306 Caesari
857 1265 991 1306 non
1033 1240 1384 1306 effluxisset
1419 1259 1678 1329 tempus
1719 1243 1971 1332 imperii
2016 1241 2305 1307 kalendis
2346 1256 2535 1306 mart.
2569 1242 2731 1305 anui

588 1369 716 1435 7⁰⁰
737 1397 756 1430 ‚
816 1349 1110 1419 decretus
1145 1349 1238 1412 illi
1270 1349 1499 1413 fuisset
1530 1369 1869 1413 successor
1898 1363 2049 1414 ante
2089 1354 2348 1438 tempus
2386 1349 2531 1438 lege
2559 1349 2728 1412 Tre-

587 1454 785 1519 bonia
834 1455 1316 1544 proescriptum,
1360 1455 1604 1544 quippe
1649 1472 1799 1520 ante
1837 1455 2093 1520 kalend.
2130 1467 2318 1520 mart.
2358 1454 2515 1519 anni
2564 1477 2728 1542 701,

589 1583 796 1648 quum
831 1562 1076 1627 facmm
1122 1563 1316 1627 fuerit
1360 1561 1697 1626 decretum
1744 1562 1828 1626 de
1876 1563 2285 1627 successione
2328 1562 2545 1625 statim
2580 1565 2732 1649 post

587 1667 841 1732 kalend.
871 1667 1001 1748 jan.
1032 1668 1228 1748 hujus
1253 1669 1451 1750 anni3
1503 1666 1785 1756 ideoque
1827 1689 1963 1732 non
2017 1667 2485 1732 dissimulasset
2518 1669 2733 1759 §laesar

587 1788 833 1837 tantam
867 1773 1167 1852 injuriam
1187 1821 1206 1853 ‚
1236 1791 1442 1859 quum
1475 1772 1718 1837 ibidem
1752 1774 1873 1837 alia
1906 1773 2160 1837 minora
2196 1788 2539 1861 queratur:
2590 1799 2615 1826 α
2646 1772 2724 1834 ln

588 1903 658 1945 se
693 1881 849 1944 novi
885 1880 1138 1967 generis
1168 1881 1438 1968 imperia
1471 1880 1819 1963 constitui,
1849 1882 1916 1944 in
1951 1903 2020 1945 se
2051 1881 2197 1962 jura
2232 1880 2727 1970 magistratuum

584 1984 970 2050 commutari
992 2032 1010 2064 ,
1054 2003 1136 2048 ne
1179 2007 1256 2048 ex
1291 2001 1597 2075 praetura,
1633 2004 1755 2051 etc.
1778 2018 1802 2042 υ
1864 2003 2079 2073 neque
2117 1986 2413 2051 verbum*
2447 1984 2602 2049 facit
2643 1984 2729 2049 de

592 2089 791 2153 misso
839 2104 991 2151 ante
1039 2089 1401 2180 legitimum
1449 2108 1706 2180 ternpus
1761 2109 2150 2156 successore.
2196 2093 2470 2156 Constat
2510 2090 2728 2180 igitur,

593 2195 1123 2282 quinquennium
1197 2196 1355 2286 legis
1413 2196 1752 2261 Treboniae
1816 2215 1951 2260 non
2019 2198 2363 2262 excessisse
2424 2194 2728 2261 kalendas

592 2315 780 2364 mart.
834 2301 989 2363 anni
1038 2315 1201 2387 700,
1250 2316 1316 2365 et
1359 2302 1591 2366 Coesari
1648 2301 1981 2366 decretum
2036 2302 2234 2366 fuisse
2283 2321 2724 2366 successorem

510 2449 521 2455 -
591 2408 955 2472 Domitium
983 2423 1131 2496 post
1164 2402 1417 2473 kalend.
1449 2409 1698 2487 januar.
1728 2410 1883 2472 anni
1920 2431 2076 2496 701,
2115 2430 2194 2471 ex
2227 2406 2492 2472 Caesaris
2534 2410 2727 2473 Com-

590 2514 953 2596 mentariis,
990 2530 1056 2577 et
1098 2512 1234 2577 aliis
1268 2514 1666 2578 auctoribus.
1703 2516 1845 2579 Iam
1878 2534 2034 2578 vero
2065 2528 2354 2602 peterem
2389 2513 2472 2577 ab
2508 2512 2730 2577 adver-

591 2620 770 2685 sariis
792 2669 814 2700 ‚
841 2643 1128 2708 quonam
1150 2620 1299 2700 jure
1324 2640 1441 2706 per
1469 2617 1697 2683 decem
1728 2618 1872 2683 illos
1904 2641 2187 2702 menses,
2220 2621 2331 2707 qui
2369 2640 2725 2683 numeran-

529 2792 533 2795 ,
591 2742 701 2790 tur
726 2749 764 2789 a
790 2726 1246 2814 quinquennio
1262 2726 1396 2805 jam
1420 2725 1640 2814 elapso
1669 2744 1879 2813 nsque
1912 2724 1994 2789 ad
2032 2742 2492 2806 successorem,
2516 2726 2729 2790 Caesar

589 2830 946 2894 obtinuerit
990 2830 1265 2895 Gallias:
1318 2832 1372 2897 si
1413 2830 1672 2913 dicant,
1722 2829 1902 2918 quod
1940 2831 2239 2895 nondum
2278 2850 2315 2894 a
2347 2844 2576 2895 senatu
2614 2844 2726 2894 ve-

593 2936 793 3003 nisset
822 2957 1172 3018 successor,
1196 2937 1404 3026 legem
1433 2936 1803 3000 Corneliam
1828 2935 2220 3019 admittunt3
2255 2937 2311 2999 si
2336 2957 2513 3011 vero,
2548 2928 2728 3023 quod

590 3041 935 3130 imperium
952 3042 1015 3103 vi
1043 3043 1335 3123 retinuit,
1352 3041 1483 3120 jam
1509 3057 1650 3104 tum
1680 3061 1837 3130 ergo
1852 3040 2241 3121 judicandus
2269 3039 2481 3105 fuerat
2497 3040 2724 3121 hostis,

593 3172 727 3212 non
760 3166 1104 3238 postquam
1134 3151 1300 3213 ultra
1333 3147 1490 3211 fines
1529 3147 1885 3236 provinciae
1918 3146 2105 3211 duxit
2146 3148 2520 3212 exercitum.
2555 3146 2620 3210 N
2621 3164 2722 3209 am

593 3255 647 3317 si
691 3254 977 3319 kalendis
1024 3271 1208 3319 mart.
1240 3253 1394 3317 anni
1432 3274 1563 3339 700
1600 3254 1951 3343 imperium
1986 3253 2223 3316 Caesari
2268 3249 2523 3316 nullum
2560 3268 2723 3333 erat,

597 3374 829 3444 utpote
864 3382 998 3422 non
1035 3373 1455 3448 prorogatum
1488 3382 1526 3421 a
1563 3370 1790 3421 senatu
1809 3408 1828 3442 ,
1853 3378 1972 3421 cur
2003 3379 2137 3421 non
2172 3357 2301 3421 hoc
2324 3356 2499 3446 apud
2524 3356 2726 3420 histo·

592 3465 762 3527 ricos
790 3466 1182 3553 exprobrant
1204 3464 1466 3529 Caesaris
1495 3463 1763 3545 inimici,
1784 3463 1896 3551 qui
1930 3464 2087 3527 levia
2108 3464 2299 3528 etiam
2332 3482 2726 3553 persequun-

597 3569 748 3632 tur?
797 3592 914 3632 cur
956 3570 1411 3657 proconsulem
1464 3584 1529 3634 et
1585 3571 2045 3659 imperatorem
2091 3569 2307 3634 adhuc
2362 3567 2729 3658 appellant?

590 3694 710 3737 cur
772 3697 906 3737 non
969 3675 1139 3738 hanc
1199 3675 1346 3739 belli
1404 3698 1661 3739 causam
1711 3675 2163 3765 praetendunt?
2211 3674 2363 3740 Iure
2415 3671 2721 3738 nimirum

590 3774 909 3843 retinebat
944 3780 1287 3868 imperium
1305 3830 1323 3863 ,
1364 3780 1478 3846 sed
1518 3796 1744 3845 contra
1779 3782 1945 3872 leges
1983 3802 2424 3845 successorem
2471 3801 2722 3843 recusa·

593 3884 737 3964 bat,
772 3884 952 3972 quod
1003 3907 1212 3949 unum
1248 3886 1335 3950 illi
1377 3885 1569 3964 objici
1615 3886 1881 3951 solebat.

2022 4012 2408 4095 quunns.

1635 4145 1665 4162 O
