<?xml version="1.0" encoding="UTF-8"?>
<!DOCTYPE html PUBLIC "-//W3C//DTD XHTML 1.0 Transitional//EN"
    "http://www.w3.org/TR/xhtml1/DTD/xhtml1-transitional.dtd">
<html xmlns="http://www.w3.org/1999/xhtml" xml:lang="en" lang="en">
 <head>
  <title>
</title>
<meta http-equiv="Content-Type" content="text/html;charset=utf-8" />
  <meta name='ocr-system' content='tesseract 3.04.00' />
  <meta name='ocr-capabilities' content='ocr_page ocr_carea ocr_par ocr_line ocrx_word'/>
</head>
<body>
  <div class='ocr_page' id='page_1' title='image "./mtciceronisquae09lemagoog/mtciceronisquae09lemagoog_0212.png"; bbox 0 0 3044 4788; ppageno 0'>
   <div class='ocr_carea' id='block_1_1' title="bbox 607 415 2095 509">
    <p class='ocr_par' dir='ltr' id='par_1_1' title="bbox 607 415 2095 509">
     <span class='ocr_line' id='line_1_1' title="bbox 607 415 2095 509; baseline 0.001 -27"><span class='ocrx_word' id='word_1_1' title='bbox 607 437 734 509; x_wconf 79' lang='lat'><strong>172</strong></span> <span class='ocrx_word' id='word_1_2' title='bbox 1237 418 1332 483; x_wconf 90' lang='grc' dir='ltr'><strong>Μ.</strong></span> <span class='ocrx_word' id='word_1_3' title='bbox 1386 417 1464 484; x_wconf 89' lang='grc' dir='ltr'><strong>Τ.</strong></span> <span class='ocrx_word' id='word_1_4' title='bbox 1519 415 2095 486; x_wconf 89' lang='lat' dir='ltr'>CICERONIS</span> 
     </span>
    </p>
   </div>
   <div class='ocr_carea' id='block_1_2' title="bbox 584 533 2730 3063">
    <p class='ocr_par' dir='ltr' id='par_1_2' title="bbox 587 533 2729 964">
     <span class='ocr_line' id='line_1_2' title="bbox 596 533 2728 634; baseline 0.001 -29"><span class='ocrx_word' id='word_1_5' title='bbox 596 536 949 606; x_wconf 85' lang='lat' dir='ltr'><strong>universae</strong></span> <span class='ocrx_word' id='word_1_6' title='bbox 989 536 1352 607; x_wconf 89' lang='lat' dir='ltr'><strong>societatis</strong></span> <span class='ocrx_word' id='word_1_7' title='bbox 1388 533 1680 625; x_wconf 88' lang='lat' dir='ltr'><strong>fuisset,</strong></span> <span class='ocrx_word' id='word_1_8' title='bbox 1717 537 2055 634; x_wconf 88' lang='lat' dir='ltr'><strong>petisset;</strong></span> <span class='ocrx_word' id='word_1_9' title='bbox 2095 533 2299 632; x_wconf 88' lang='lat' dir='ltr'><strong>quod</strong></span> <span class='ocrx_word' id='word_1_10' title='bbox 2325 547 2483 605; x_wconf 89' lang='lat' dir='ltr'><strong>tum</strong></span> <span class='ocrx_word' id='word_1_11' title='bbox 2508 545 2564 580; x_wconf 89' lang='lat'><strong>¹¹</strong></span> <span class='ocrx_word' id='word_1_12' title='bbox 2612 561 2728 608; x_wconf 86' lang='lat' dir='ltr'><strong>re-</strong></span> 
     </span>
     <span class='ocr_line' id='line_1_3' title="bbox 589 645 2723 744; baseline 0 -28"><span class='ocrx_word' id='word_1_13' title='bbox 589 645 881 717; x_wconf 90' lang='lat' dir='ltr'><strong>dactum</strong></span> <span class='ocrx_word' id='word_1_14' title='bbox 919 660 1139 732; x_wconf 86' lang='lat' dir='ltr'><strong>esset,</strong></span> <span class='ocrx_word' id='word_1_15' title='bbox 1180 645 1550 744; x_wconf 85' lang='lat' dir='ltr'><strong>aequaliter</strong></span> <span class='ocrx_word' id='word_1_16' title='bbox 1588 670 1843 718; x_wconf 89' lang='lat' dir='ltr'><strong>omnes</strong></span> <span class='ocrx_word' id='word_1_17' title='bbox 1876 647 2367 743; x_wconf 85' lang='lat' dir='ltr'><strong>partirentur:</strong></span> <span class='ocrx_word' id='word_1_18' title='bbox 2416 658 2723 734; x_wconf 82' lang='lat' dir='ltr'><strong>nunc¹²‚</strong></span> 
     </span>
     <span class='ocr_line' id='line_1_4' title="bbox 589 756 2729 856; baseline 0.001 -31"><span class='ocrx_word' id='word_1_19' title='bbox 589 767 822 852; x_wconf 83' lang='lat' dir='ltr'><strong>quum</strong></span> <span class='ocrx_word' id='word_1_20' title='bbox 871 757 1197 854; x_wconf 91' lang='lat' dir='ltr'><strong>petierit,</strong></span> <span class='ocrx_word' id='word_1_21' title='bbox 1251 756 1453 853; x_wconf 92' lang='lat' dir='ltr'><strong>quod</strong></span> <span class='ocrx_word' id='word_1_22' title='bbox 1515 782 1663 827; x_wconf 85' lang='lat' dir='ltr'><strong>suae</strong></span> <span class='ocrx_word' id='word_1_23' title='bbox 1705 757 1929 856; x_wconf 86' lang='lat' dir='ltr'><strong>partis</strong></span> <span class='ocrx_word' id='word_1_24' title='bbox 1986 770 2219 844; x_wconf 90' lang='lat' dir='ltr'><strong>esset;</strong></span> <span class='ocrx_word' id='word_1_25' title='bbox 2273 780 2425 827; x_wconf 92' lang='lat' dir='ltr'><strong>non</strong></span> <span class='ocrx_word' id='word_1_26' title='bbox 2448 811 2467 844; x_wconf 92' lang='lat'>,</span> <span class='ocrx_word' id='word_1_27' title='bbox 2526 756 2729 853; x_wconf 91' lang='lat' dir='ltr'><strong>quod</strong></span> 
     </span>
     <span class='ocr_line' id='line_1_5' title="bbox 587 864 1580 964; baseline 0.002 -28"><span class='ocrx_word' id='word_1_28' title='bbox 587 864 913 951; x_wconf 83' lang='lat' dir='ltr'><strong>abstulit,</strong></span> <span class='ocrx_word' id='word_1_29' title='bbox 929 925 936 934; x_wconf 81' lang='grc'><strong><em>.</em></strong></span> <span class='ocrx_word' id='word_1_30' title='bbox 954 865 1088 937; x_wconf 89' lang='lat' dir='ltr'><strong>soli</strong></span> <span class='ocrx_word' id='word_1_31' title='bbox 1123 864 1261 937; x_wconf 88' lang='lat' dir='ltr'>sibi</span> <span class='ocrx_word' id='word_1_32' title='bbox 1302 869 1580 964; x_wconf 82' lang='lat' dir='ltr'>exegit?</span> 
     </span>
    </p>

    <p class='ocr_par' dir='ltr' id='par_1_3' title="bbox 584 977 2730 3063">
     <span class='ocr_line' id='line_1_6' title="bbox 683 977 2726 1076; baseline 0 -27"><span class='ocrx_word' id='word_1_33' title='bbox 683 984 942 1049; x_wconf 90' lang='lat' dir='ltr'><strong>XVIII.</strong></span> <span class='ocrx_word' id='word_1_34' title='bbox 989 977 1188 1070; x_wconf 89' lang='lat' dir='ltr'>Quid</span> <span class='ocrx_word' id='word_1_35' title='bbox 1228 983 1530 1052; x_wconf 83' lang='lat' dir='ltr'><strong>interest</strong></span> <span class='ocrx_word' id='word_1_36' title='bbox 1555 982 1746 1050; x_wconf 89' lang='lat' dir='ltr'><strong>inter</strong></span> <span class='ocrx_word' id='word_1_37' title='bbox 1782 1003 1991 1068; x_wconf 88' lang='lat' dir='ltr'><strong>eum,</strong></span> <span class='ocrx_word' id='word_1_38' title='bbox 2028 982 2160 1076; x_wconf 89' lang='lat' dir='ltr'><strong>qui</strong></span> <span class='ocrx_word' id='word_1_39' title='bbox 2188 1003 2322 1076; x_wconf 88' lang='lat' dir='ltr'><strong>per</strong></span> <span class='ocrx_word' id='word_1_40' title='bbox 2350 1003 2427 1074; x_wconf 81' lang='lat' dir='ltr'><strong>se</strong></span> <span class='ocrx_word' id='word_1_41' title='bbox 2465 979 2726 1076; x_wconf 89' lang='lat' dir='ltr'><strong>litigat,</strong></span> 
     </span>
     <span class='ocr_line' id='line_1_7' title="bbox 591 1089 2727 1187; baseline 0.001 -29"><span class='ocrx_word' id='word_1_42' title='bbox 591 1102 667 1159; x_wconf 93' lang='lat' dir='ltr'><strong>et</strong></span> <span class='ocrx_word' id='word_1_43' title='bbox 698 1091 825 1184; x_wconf 93' lang='lat' dir='ltr'><strong>qui</strong></span> <span class='ocrx_word' id='word_1_44' title='bbox 872 1093 1208 1187; x_wconf 90' lang='lat' dir='ltr'><strong>cognitor</strong></span> <span class='ocrx_word' id='word_1_45' title='bbox 1235 1104 1343 1161; x_wconf 89' lang='lat' dir='ltr'><strong>est</strong></span> <span class='ocrx_word' id='word_1_46' title='bbox 1376 1089 1626 1161; x_wconf 83' lang='lat' dir='ltr'><strong>datus?</strong></span> <span class='ocrx_word' id='word_1_47' title='bbox 1662 1089 1806 1179; x_wconf 90' lang='lat' dir='ltr'><strong>Qui</strong></span> <span class='ocrx_word' id='word_1_48' title='bbox 1838 1114 1969 1186; x_wconf 86' lang='lat' dir='ltr'><strong>per</strong></span> <span class='ocrx_word' id='word_1_49' title='bbox 2011 1089 2088 1160; x_wconf 81' lang='lat' dir='ltr'><strong>se</strong></span> <span class='ocrx_word' id='word_1_50' title='bbox 2127 1089 2328 1161; x_wconf 86' lang='lat' dir='ltr'><strong>litem</strong></span> <span class='ocrx_word' id='word_1_51' title='bbox 2364 1104 2727 1161; x_wconf 88' lang='lat' dir='ltr'><strong>contesta-</strong></span> 
     </span>
     <span class='ocr_line' id='line_1_8' title="bbox 591 1196 2727 1297; baseline 0.002 -31"><span class='ocrx_word' id='word_1_52' title='bbox 591 1208 738 1286; x_wconf 87' lang='lat' dir='ltr'>tur,</span> <span class='ocrx_word' id='word_1_53' title='bbox 774 1196 913 1267; x_wconf 91' lang='lat' dir='ltr'>sibi</span> <span class='ocrx_word' id='word_1_54' title='bbox 952 1197 1086 1268; x_wconf 89' lang='lat' dir='ltr'><strong>soli</strong></span> <span class='ocrx_word' id='word_1_55' title='bbox 1132 1203 1316 1296; x_wconf 87' lang='lat' dir='ltr'><strong>petit</strong></span> <span class='ocrx_word' id='word_1_56' title='bbox 1350 1226 1366 1268; x_wconf 92' lang='lat'>:</span> <span class='ocrx_word' id='word_1_57' title='bbox 1406 1199 1650 1270; x_wconf 86' lang='lat' dir='ltr'><strong>alteri¹</strong></span> <span class='ocrx_word' id='word_1_58' title='bbox 1692 1224 1914 1270; x_wconf 90' lang='lat' dir='ltr'><strong>nemo</strong></span> <span class='ocrx_word' id='word_1_59' title='bbox 1949 1213 2225 1296; x_wconf 87' lang='lat' dir='ltr'><strong>potest,</strong></span> <span class='ocrx_word' id='word_1_60' title='bbox 2262 1202 2401 1270; x_wconf 89' lang='lat' dir='ltr'><strong>nisi</strong></span> <span class='ocrx_word' id='word_1_61' title='bbox 2442 1203 2571 1297; x_wconf 91' lang='lat' dir='ltr'><strong>qui</strong></span> <span class='ocrx_word' id='word_1_62' title='bbox 2608 1223 2727 1271; x_wconf 92' lang='lat' dir='ltr'><strong>co-</strong></span> 
     </span>
     <span class='ocr_line' id='line_1_9' title="bbox 587 1306 2727 1407; baseline 0.002 -30"><span class='ocrx_word' id='word_1_63' title='bbox 587 1311 831 1404; x_wconf 88' lang='lat' dir='ltr'><strong>gnitor</strong></span> <span class='ocrx_word' id='word_1_64' title='bbox 856 1323 963 1378; x_wconf 91' lang='lat' dir='ltr'><strong>est</strong></span> <span class='ocrx_word' id='word_1_65' title='bbox 990 1306 1235 1379; x_wconf 80' lang='lat' dir='ltr'><strong>factuS.</strong></span> <span class='ocrx_word' id='word_1_66' title='bbox 1278 1313 1482 1381; x_wconf 87' lang='lat' dir='ltr'><strong>Itane</strong></span> <span class='ocrx_word' id='word_1_67' title='bbox 1512 1311 1733 1380; x_wconf 84' lang='lat' dir='ltr'><strong>vcro?</strong></span> <span class='ocrx_word' id='word_1_68' title='bbox 1762 1310 2098 1407; x_wconf 83' lang='lat' dir='ltr'><strong>cognitor</strong></span> <span class='ocrx_word' id='word_1_69' title='bbox 2136 1310 2196 1380; x_wconf 91' lang='lat' dir='ltr'><strong>si</strong></span> <span class='ocrx_word' id='word_1_70' title='bbox 2233 1307 2482 1380; x_wconf 87' lang='lat' dir='ltr'><strong>fuisset</strong></span> <span class='ocrx_word' id='word_1_71' title='bbox 2518 1323 2686 1381; x_wconf 91' lang='lat' dir='ltr'><strong>tuus</strong></span> <span class='ocrx_word' id='word_1_72' title='bbox 2706 1362 2727 1394; x_wconf 86' lang='lat'>‚</span> 
     </span>
     <span class='ocr_line' id='line_1_10' title="bbox 588 1417 2723 1516; baseline 0 -28"><span class='ocrx_word' id='word_1_73' title='bbox 588 1418 791 1516; x_wconf 93' lang='lat' dir='ltr'><strong>quod</strong></span> <span class='ocrx_word' id='word_1_74' title='bbox 819 1422 1105 1490; x_wconf 85' lang='lat' dir='ltr'><strong>vicisset</strong></span> <span class='ocrx_word' id='word_1_75' title='bbox 1125 1419 1424 1515; x_wconf 86' lang='lat' dir='ltr'><strong>judicio,</strong></span> <span class='ocrx_word' id='word_1_76' title='bbox 1438 1417 1662 1491; x_wconf 87' lang='lat' dir='ltr'><strong>ferres</strong></span> <span class='ocrx_word' id='word_1_77' title='bbox 1689 1430 1958 1491; x_wconf 79' lang='lat' dir='ltr'><strong>tuum2.</strong></span> <span class='ocrx_word' id='word_1_78' title='bbox 1983 1421 2134 1490; x_wconf 92' lang='lat' dir='ltr'><strong>Suo</strong></span> <span class='ocrx_word' id='word_1_79' title='bbox 2161 1422 2456 1490; x_wconf 89' lang='lat' dir='ltr'><strong>nomine</strong></span> <span class='ocrx_word' id='word_1_80' title='bbox 2485 1420 2723 1516; x_wconf 82' lang='lat' dir='ltr'><strong>petiit3</strong></span> 
     </span>
     <span class='ocr_line' id='line_1_11' title="bbox 596 1526 2726 1627; baseline 0.001 -29"><span class='ocrx_word' id='word_1_81' title='bbox 596 1527 798 1625; x_wconf 90' lang='lat' dir='ltr'><strong>quod</strong></span> <span class='ocrx_word' id='word_1_82' title='bbox 858 1526 1187 1617; x_wconf 86' lang='lat' dir='ltr'><strong>abstulit,</strong></span> <span class='ocrx_word' id='word_1_83' title='bbox 1235 1527 1372 1599; x_wconf 89' lang='lat' dir='ltr'><strong>sibi</strong></span> <span class='ocrx_word' id='word_1_84' title='bbox 1390 1526 1444 1612; x_wconf 82' lang='lat'><strong>³,</strong></span> <span class='ocrx_word' id='word_1_85' title='bbox 1491 1554 1643 1600; x_wconf 90' lang='lat' dir='ltr'><strong>non</strong></span> <span class='ocrx_word' id='word_1_86' title='bbox 1690 1528 1823 1600; x_wconf 88' lang='lat' dir='ltr'><strong>tibi</strong></span> <span class='ocrx_word' id='word_1_87' title='bbox 1867 1531 2122 1627; x_wconf 84' lang='lat' dir='ltr'><strong>exegit.</strong></span> <span class='ocrx_word' id='word_1_88' title='bbox 2171 1528 2391 1621; x_wconf 90' lang='lat' dir='ltr'><strong>Quod</strong></span> <span class='ocrx_word' id='word_1_89' title='bbox 2430 1533 2489 1600; x_wconf 90' lang='lat' dir='ltr'><strong>si</strong></span> <span class='ocrx_word' id='word_1_90' title='bbox 2534 1532 2726 1626; x_wconf 89' lang='lat' dir='ltr'><strong>quis-</strong></span> 
     </span>
     <span class='ocr_line' id='line_1_12' title="bbox 591 1638 2729 1738; baseline -0 -28"><span class='ocrx_word' id='word_1_91' title='bbox 591 1664 811 1736; x_wconf 86' lang='lat' dir='ltr'><strong>quam</strong></span> <span class='ocrx_word' id='word_1_92' title='bbox 855 1655 1102 1738; x_wconf 88' lang='lat' dir='ltr'><strong>petere</strong></span> <span class='ocrx_word' id='word_1_93' title='bbox 1149 1655 1390 1738; x_wconf 90' lang='lat' dir='ltr'><strong>potest</strong></span> <span class='ocrx_word' id='word_1_94' title='bbox 1438 1640 1683 1727; x_wconf 88' lang='lat' dir='ltr'><strong>alteri,</strong></span> <span class='ocrx_word' id='word_1_95' title='bbox 1739 1644 1867 1737; x_wconf 92' lang='lat' dir='ltr'><strong>qui</strong></span> <span class='ocrx_word' id='word_1_96' title='bbox 1904 1643 2245 1736; x_wconf 87' lang='lat' dir='ltr'><strong>cognitor</strong></span> <span class='ocrx_word' id='word_1_97' title='bbox 2288 1665 2439 1710; x_wconf 89' lang='lat' dir='ltr'><strong>non</strong></span> <span class='ocrx_word' id='word_1_98' title='bbox 2479 1654 2586 1711; x_wconf 90' lang='lat' dir='ltr'><strong>est</strong></span> <span class='ocrx_word' id='word_1_99' title='bbox 2624 1638 2729 1710; x_wconf 88' lang='lat' dir='ltr'><strong>fa-</strong></span> 
     </span>
     <span class='ocr_line' id='line_1_13' title="bbox 588 1747 2730 1848; baseline -0.001 -27"><span class='ocrx_word' id='word_1_100' title='bbox 588 1764 1064 1848; x_wconf 82' lang='lat' dir='ltr'><strong>ctus3quaero,</strong></span> <span class='ocrx_word' id='word_1_101' title='bbox 1085 1750 1262 1846; x_wconf 91' lang='lat' dir='ltr'><strong>quid</strong></span> <span class='ocrx_word' id='word_1_102' title='bbox 1282 1751 1402 1837; x_wconf 90' lang='lat' dir='ltr'><strong>ita,</strong></span> <span class='ocrx_word' id='word_1_103' title='bbox 1421 1774 1652 1847; x_wconf 89' lang='lat' dir='ltr'><strong>quum</strong></span> <span class='ocrx_word' id='word_1_104' title='bbox 1673 1755 2046 1845; x_wconf 85' lang='lat' dir='ltr'>Panurgus</span> <span class='ocrx_word' id='word_1_105' title='bbox 2073 1763 2261 1820; x_wconf 89' lang='lat' dir='ltr'><strong>esset</strong></span> <span class='ocrx_word' id='word_1_106' title='bbox 2286 1747 2730 1836; x_wconf 87' lang='lat' dir='ltr'><strong>interfectus,</strong></span> 
     </span>
     <span class='ocr_line' id='line_1_14' title="bbox 591 1858 2729 1952; baseline -0.001 -20"><span class='ocrx_word' id='word_1_107' title='bbox 591 1875 666 1931; x_wconf 93' lang='lat' dir='ltr'><strong>et</strong></span> <span class='ocrx_word' id='word_1_108' title='bbox 691 1861 777 1932; x_wconf 88' lang='lat' dir='ltr'><strong>lis</strong></span> <span class='ocrx_word' id='word_1_109' title='bbox 805 1862 1246 1932; x_wconf 70' lang='lat' dir='ltr'><strong>contestata⁴</strong></span> <span class='ocrx_word' id='word_1_110' title='bbox 1268 1884 1435 1931; x_wconf 92' lang='lat' dir='ltr'><strong>cum</strong></span> <span class='ocrx_word' id='word_1_111' title='bbox 1462 1858 1706 1930; x_wconf 87' lang='lat' dir='ltr'><strong>Flavio</strong></span> <span class='ocrx_word' id='word_1_112' title='bbox 1735 1858 1977 1929; x_wconf 89' lang='lat' dir='ltr'><strong>damni</strong></span> <span class='ocrx_word' id='word_1_113' title='bbox 2005 1860 2268 1952; x_wconf 90' lang='lat' dir='ltr'><strong>injuria</strong></span> <span class='ocrx_word' id='word_1_114' title='bbox 2295 1872 2504 1945; x_wconf 89' lang='lat' dir='ltr'><strong>esset,</strong></span> <span class='ocrx_word' id='word_1_115' title='bbox 2536 1874 2619 1930; x_wconf 91' lang='lat' dir='ltr'><strong>tu</strong></span> <span class='ocrx_word' id='word_1_116' title='bbox 2651 1863 2729 1930; x_wconf 89' lang='lat' dir='ltr'><strong>iu</strong></span> 
     </span>
     <span class='ocr_line' id='line_1_15' title="bbox 587 1968 2726 2066; baseline -0 -25"><span class='ocrx_word' id='word_1_117' title='bbox 587 1994 750 2041; x_wconf 89' lang='lat' dir='ltr'><strong>eam</strong></span> <span class='ocrx_word' id='word_1_118' title='bbox 777 1970 978 2040; x_wconf 87' lang='lat' dir='ltr'><strong>litem</strong></span> <span class='ocrx_word' id='word_1_119' title='bbox 1006 1973 1342 2066; x_wconf 90' lang='lat' dir='ltr'><strong>cognitor</strong></span> <span class='ocrx_word' id='word_1_120' title='bbox 1374 1973 1615 2041; x_wconf 84' lang='lat' dir='ltr'><strong>Roscii</strong></span> <span class='ocrx_word' id='word_1_121' title='bbox 1635 1973 1729 2040; x_wconf 91' lang='lat' dir='ltr'><strong>sis</strong></span> <span class='ocrx_word' id='word_1_122' title='bbox 1758 1968 2035 2040; x_wconf 74' lang='lat' dir='ltr'><strong>factus?</strong></span> <span class='ocrx_word' id='word_1_123' title='bbox 2068 1993 2299 2066; x_wconf 89' lang='lat' dir='ltr'><strong>quum</strong></span> <span class='ocrx_word' id='word_1_124' title='bbox 2331 1974 2726 2066; x_wconf 81' lang='lat' dir='ltr'><strong>praesertim</strong></span> 
     </span>
     <span class='ocr_line' id='line_1_16' title="bbox 586 2078 2726 2177; baseline 0 -27"><span class='ocrx_word' id='word_1_125' title='bbox 586 2104 676 2150; x_wconf 86' lang='lat' dir='ltr'><strong>ex</strong></span> <span class='ocrx_word' id='word_1_126' title='bbox 709 2094 836 2149; x_wconf 89' lang='lat' dir='ltr'><strong>tua</strong></span> <span class='ocrx_word' id='word_1_127' title='bbox 867 2082 1223 2164; x_wconf 86' lang='lat' dir='ltr'><strong>oratione,</strong></span> <span class='ocrx_word' id='word_1_128' title='bbox 1255 2079 1777 2177; x_wconf 89' lang='lat' dir='ltr'><strong>quodcumque</strong></span> <span class='ocrx_word' id='word_1_129' title='bbox 1809 2078 1943 2149; x_wconf 90' lang='lat' dir='ltr'><strong>tibi</strong></span> <span class='ocrx_word' id='word_1_130' title='bbox 1978 2093 2299 2176; x_wconf 79' lang='lat' dir='ltr'><strong>petereS‚</strong></span> <span class='ocrx_word' id='word_1_131' title='bbox 2334 2078 2503 2151; x_wconf 90' lang='lat' dir='ltr'><strong>huic</strong></span> <span class='ocrx_word' id='word_1_132' title='bbox 2531 2095 2726 2177; x_wconf 89' lang='lat' dir='ltr'><strong>pete·</strong></span> 
     </span>
     <span class='ocr_line' id='line_1_17' title="bbox 584 2188 2729 2286; baseline 0 -26"><span class='ocrx_word' id='word_1_133' title='bbox 584 2213 738 2275; x_wconf 92' lang='lat' dir='ltr'><strong>res;</strong></span> <span class='ocrx_word' id='word_1_134' title='bbox 776 2188 1295 2286; x_wconf 90' lang='lat' dir='ltr'><strong>quodcumque</strong></span> <span class='ocrx_word' id='word_1_135' title='bbox 1330 2188 1460 2260; x_wconf 92' lang='lat' dir='ltr'><strong>tibi</strong></span> <span class='ocrx_word' id='word_1_136' title='bbox 1494 2194 1854 2286; x_wconf 82' lang='lat' dir='ltr'><strong>exigeres,</strong></span> <span class='ocrx_word' id='word_1_137' title='bbox 1890 2189 1963 2260; x_wconf 93' lang='lat' dir='ltr'><strong>id</strong></span> <span class='ocrx_word' id='word_1_138' title='bbox 2002 2193 2080 2259; x_wconf 88' lang='lat' dir='ltr'><strong>in</strong></span> <span class='ocrx_word' id='word_1_139' title='bbox 2105 2194 2521 2262; x_wconf 87' lang='lat' dir='ltr'><strong>societatem</strong></span> <span class='ocrx_word' id='word_1_140' title='bbox 2551 2193 2729 2280; x_wconf 82' lang='lat' dir='ltr'><strong>reci-</strong></span> 
     </span>
     <span class='ocr_line' id='line_1_18' title="bbox 588 2296 2726 2398; baseline 0 -29"><span class='ocrx_word' id='word_1_141' title='bbox 588 2296 813 2369; x_wconf 90' lang='lat' dir='ltr'><strong>deret.</strong></span> <span class='ocrx_word' id='word_1_142' title='bbox 861 2296 1082 2389; x_wconf 90' lang='lat' dir='ltr'><strong>Quod</strong></span> <span class='ocrx_word' id='word_1_143' title='bbox 1114 2303 1171 2369; x_wconf 91' lang='lat' dir='ltr'><strong>si</strong></span> <span class='ocrx_word' id='word_1_144' title='bbox 1213 2299 1302 2370; x_wconf 91' lang='lat' dir='ltr'><strong>ad</strong></span> <span class='ocrx_word' id='word_1_145' title='bbox 1355 2302 1699 2371; x_wconf 90' lang='lat' dir='ltr'><strong>Roscium</strong></span> <span class='ocrx_word' id='word_1_146' title='bbox 1742 2299 1922 2369; x_wconf 86' lang='lat' dir='ltr'><strong>nihil</strong></span> <span class='ocrx_word' id='word_1_147' title='bbox 1977 2304 2393 2398; x_wconf 87' lang='lat' dir='ltr'><strong>perveniret</strong></span> <span class='ocrx_word' id='word_1_148' title='bbox 2413 2297 2467 2386; x_wconf 83' lang='lat'><strong>⁵,</strong></span> <span class='ocrx_word' id='word_1_149' title='bbox 2521 2300 2726 2398; x_wconf 91' lang='lat' dir='ltr'><strong>quod</strong></span> 
     </span>
     <span class='ocr_line' id='line_1_19' title="bbox 585 2409 2729 2500; baseline 0.001 -20"><span class='ocrx_word' id='word_1_150' title='bbox 585 2423 669 2480; x_wconf 92' lang='lat' dir='ltr'><strong>tu</strong></span> <span class='ocrx_word' id='word_1_151' title='bbox 699 2436 739 2482; x_wconf 91' lang='lat' dir='ltr'><strong>a</strong></span> <span class='ocrx_word' id='word_1_152' title='bbox 768 2409 1008 2481; x_wconf 90' lang='lat' dir='ltr'><strong>Flavio</strong></span> <span class='ocrx_word' id='word_1_153' title='bbox 1042 2409 1491 2500; x_wconf 90' lang='lat' dir='ltr'><strong>abstulisses,</strong></span> <span class='ocrx_word' id='word_1_154' title='bbox 1529 2414 1665 2482; x_wconf 93' lang='lat' dir='ltr'><strong>nisi</strong></span> <span class='ocrx_word' id='word_1_155' title='bbox 1694 2425 1768 2482; x_wconf 87' lang='lat' dir='ltr'><strong>te</strong></span> <span class='ocrx_word' id='word_1_156' title='bbox 1806 2414 1883 2481; x_wconf 88' lang='lat' dir='ltr'><strong>in</strong></span> <span class='ocrx_word' id='word_1_157' title='bbox 1924 2436 2127 2482; x_wconf 90' lang='lat' dir='ltr'><strong>suam</strong></span> <span class='ocrx_word' id='word_1_158' title='bbox 2171 2412 2373 2483; x_wconf 90' lang='lat' dir='ltr'><strong>litem</strong></span> <span class='ocrx_word' id='word_1_159' title='bbox 2417 2411 2729 2482; x_wconf 86' lang='lat' dir='ltr'><strong>dedisset</strong></span> 
     </span>
     <span class='ocr_line' id='line_1_20' title="bbox 587 2520 2726 2620; baseline -0 -28"><span class='ocrx_word' id='word_1_160' title='bbox 587 2523 1077 2617; x_wconf 86' lang='lat' dir='ltr'><strong>cognitorem;</strong></span> <span class='ocrx_word' id='word_1_161' title='bbox 1108 2520 1198 2591; x_wconf 93' lang='lat' dir='ltr'><strong>ad</strong></span> <span class='ocrx_word' id='word_1_162' title='bbox 1220 2537 1289 2592; x_wconf 91' lang='lat' dir='ltr'><strong>te</strong></span> <span class='ocrx_word' id='word_1_163' title='bbox 1308 2525 1689 2620; x_wconf 85' lang='lat' dir='ltr'><strong>pervenire</strong></span> <span class='ocrx_word' id='word_1_164' title='bbox 1719 2521 1899 2592; x_wconf 88' lang='lat' dir='ltr'><strong>nihil</strong></span> <span class='ocrx_word' id='word_1_165' title='bbox 1931 2521 2173 2610; x_wconf 88' lang='lat' dir='ltr'><strong>debet,</strong></span> <span class='ocrx_word' id='word_1_166' title='bbox 2192 2521 2396 2620; x_wconf 92' lang='lat' dir='ltr'><strong>quod</strong></span> <span class='ocrx_word' id='word_1_167' title='bbox 2424 2525 2726 2593; x_wconf 86' lang='lat' dir='ltr'><strong>Roscius</strong></span> 
     </span>
     <span class='ocr_line' id='line_1_21' title="bbox 586 2635 2722 2730; baseline 0 -29"><span class='ocrx_word' id='word_1_168' title='bbox 586 2655 724 2730; x_wconf 89' lang='lat' dir='ltr'><strong>pro</strong></span> <span class='ocrx_word' id='word_1_169' title='bbox 752 2656 880 2703; x_wconf 88' lang='lat' dir='ltr'><strong>sua</strong></span> <span class='ocrx_word' id='word_1_170' title='bbox 920 2646 1126 2729; x_wconf 87' lang='lat' dir='ltr'><strong>parte</strong></span> <span class='ocrx_word' id='word_1_171' title='bbox 1157 2636 1429 2730; x_wconf 85' lang='lat' dir='ltr'><strong>exegit,</strong></span> <span class='ocrx_word' id='word_1_172' title='bbox 1472 2635 1826 2730; x_wconf 90' lang='lat' dir='ltr'><strong>quoniam</strong></span> <span class='ocrx_word' id='word_1_173' title='bbox 1856 2648 2026 2704; x_wconf 88' lang='lat' dir='ltr'><strong>tuus</strong></span> <span class='ocrx_word' id='word_1_174' title='bbox 2064 2636 2398 2729; x_wconf 91' lang='lat' dir='ltr'><strong>cognitor</strong></span> <span class='ocrx_word' id='word_1_175' title='bbox 2431 2657 2585 2703; x_wconf 88' lang='lat' dir='ltr'><strong>non</strong></span> <span class='ocrx_word' id='word_1_176' title='bbox 2613 2646 2722 2703; x_wconf 88' lang='lat' dir='ltr'><strong>est</strong></span> 
     </span>
     <span class='ocr_line' id='line_1_22' title="bbox 589 2740 2728 2843; baseline -0 -31"><span class='ocrx_word' id='word_1_177' title='bbox 589 2740 837 2814; x_wconf 88' lang='lat' dir='ltr'><strong>factus.</strong></span> <span class='ocrx_word' id='word_1_178' title='bbox 877 2740 1071 2831; x_wconf 86' lang='lat' dir='ltr'><strong>Quid</strong></span> <span class='ocrx_word' id='word_1_179' title='bbox 1102 2744 1298 2812; x_wconf 86' lang='lat' dir='ltr'><strong>enim</strong></span> <span class='ocrx_word' id='word_1_180' title='bbox 1323 2741 1493 2813; x_wconf 90' lang='lat' dir='ltr'><strong>huic</strong></span> <span class='ocrx_word' id='word_1_181' title='bbox 1529 2745 1634 2813; x_wconf 90' lang='lat' dir='ltr'><strong>rei</strong></span> <span class='ocrx_word' id='word_1_182' title='bbox 1663 2741 2105 2842; x_wconf 87' lang='lat' dir='ltr'><strong>respondere</strong></span> <span class='ocrx_word' id='word_1_183' title='bbox 2131 2744 2431 2843; x_wconf 85' lang='lat' dir='ltr'><strong>poteris,</strong></span> <span class='ocrx_word' id='word_1_184' title='bbox 2460 2742 2728 2812; x_wconf 78' lang='lat' dir='ltr'><strong>Fanni?</strong></span> 
     </span>
     <span class='ocr_line' id='line_1_23' title="bbox 587 2851 2725 2953; baseline 0 -31"><span class='ocrx_word' id='word_1_185' title='bbox 587 2855 841 2942; x_wconf 89' lang='lat' dir='ltr'><strong>Quum</strong></span> <span class='ocrx_word' id='word_1_186' title='bbox 899 2851 991 2923; x_wconf 91' lang='lat' dir='ltr'><strong>de</strong></span> <span class='ocrx_word' id='word_1_187' title='bbox 1037 2876 1165 2923; x_wconf 90' lang='lat' dir='ltr'><strong>sua</strong></span> <span class='ocrx_word' id='word_1_188' title='bbox 1216 2868 1419 2950; x_wconf 89' lang='lat' dir='ltr'><strong>parte</strong></span> <span class='ocrx_word' id='word_1_189' title='bbox 1472 2858 1774 2925; x_wconf 87' lang='lat' dir='ltr'><strong>Roscius</strong></span> <span class='ocrx_word' id='word_1_190' title='bbox 1827 2859 2173 2953; x_wconf 88' lang='lat' dir='ltr'><strong>transegit</strong></span> <span class='ocrx_word' id='word_1_191' title='bbox 2224 2877 2390 2926; x_wconf 89' lang='lat' dir='ltr'><strong>cum</strong></span> <span class='ocrx_word' id='word_1_192' title='bbox 2444 2853 2725 2937; x_wconf 87' lang='lat' dir='ltr'><strong>Flavio,</strong></span> 
     </span>
     <span class='ocr_line' id='line_1_24' title="bbox 587 2956 2726 3063; baseline 0.001 -32"><span class='ocrx_word' id='word_1_193' title='bbox 587 2964 945 3032; x_wconf 83' lang='lat' dir='ltr'><strong>actionem</strong></span> <span class='ocrx_word' id='word_1_194' title='bbox 962 2960 995 3006; x_wconf 79' lang='lat'>⁶</span> <span class='ocrx_word' id='word_1_195' title='bbox 1028 2961 1159 3033; x_wconf 90' lang='lat' dir='ltr'><strong>tibi</strong></span> <span class='ocrx_word' id='word_1_196' title='bbox 1185 2977 1387 3035; x_wconf 89' lang='lat' dir='ltr'><strong>tuam</strong></span> <span class='ocrx_word' id='word_1_197' title='bbox 1409 2964 1707 3063; x_wconf 90' lang='lat' dir='ltr'><strong>reliquit</strong></span> <span class='ocrx_word' id='word_1_198' title='bbox 1727 3018 1745 3053; x_wconf 91' lang='lat'>,</span> <span class='ocrx_word' id='word_1_199' title='bbox 1772 2956 1861 3035; x_wconf 88' lang='lat' dir='ltr'><strong>an</strong></span> <span class='ocrx_word' id='word_1_200' title='bbox 1892 2966 2090 3037; x_wconf 75' lang='lat' dir='ltr'><strong>non?</strong></span> <span class='ocrx_word' id='word_1_201' title='bbox 2117 2968 2190 3035; x_wconf 89' lang='lat' dir='ltr'><strong>Si</strong></span> <span class='ocrx_word' id='word_1_202' title='bbox 2219 2988 2367 3034; x_wconf 91' lang='lat' dir='ltr'><strong>non</strong></span> <span class='ocrx_word' id='word_1_203' title='bbox 2392 2963 2687 3061; x_wconf 90' lang='lat' dir='ltr'><strong>reliquit</strong></span> <span class='ocrx_word' id='word_1_204' title='bbox 2705 3018 2726 3053; x_wconf 87' lang='lat'>‚</span> 
     </span>
    </p>
   </div>
   <div class='ocr_carea' id='block_1_3' title="bbox 519 3166 2728 4100">
    <p class='ocr_par' dir='ltr' id='par_1_4' title="bbox 519 3166 2728 4100">
     <span class='ocr_line' id='line_1_25' title="bbox 588 3166 2728 3233; baseline -0.002 -16"><span class='ocrx_word' id='word_1_205' title='bbox 588 3184 688 3233; x_wconf 83' lang='lat' dir='ltr'><strong>que</strong></span> <span class='ocrx_word' id='word_1_206' title='bbox 702 3168 857 3215; x_wconf 77' lang='lat' dir='ltr'><strong>fuerat</strong></span> <span class='ocrx_word' id='word_1_207' title='bbox 873 3168 1042 3216; x_wconf 68' lang='lat' dir='ltr'><strong>Roscii</strong></span> <span class='ocrx_word' id='word_1_208' title='bbox 1068 3168 1195 3216; x_wconf 78' lang='lat' dir='ltr'><strong>hanc</strong></span> <span class='ocrx_word' id='word_1_209' title='bbox 1221 3168 1274 3216; x_wconf 85' lang='lat' dir='ltr'><strong>in</strong></span> <span class='ocrx_word' id='word_1_210' title='bbox 1297 3168 1432 3216; x_wconf 85' lang='lat' dir='ltr'><strong>litem</strong></span> <span class='ocrx_word' id='word_1_211' title='bbox 1448 3168 1612 3232; x_wconf 73' lang='lat' dir='ltr'><strong>cogni·</strong></span> <span class='ocrx_word' id='word_1_212' title='bbox 1773 3186 1823 3218; x_wconf 66' lang='grc' dir='ltr'><strong>α.</strong></span> <span class='ocrx_word' id='word_1_213' title='bbox 1849 3171 2019 3217; x_wconf 76' lang='lat' dir='ltr'><strong>Fert-es</strong></span> <span class='ocrx_word' id='word_1_214' title='bbox 2037 3180 2190 3218; x_wconf 79' lang='lat' dir='ltr'><strong>tuum.</strong></span> <span class='ocrx_word' id='word_1_215' title='bbox 2208 3168 2322 3216; x_wconf 85' lang='lat' dir='ltr'><strong>Tibi</strong></span> <span class='ocrx_word' id='word_1_216' title='bbox 2346 3166 2547 3215; x_wconf 69' lang='lat' dir='ltr'><strong>habere·</strong></span> <span class='ocrx_word' id='word_1_217' title='bbox 2567 3188 2582 3231; x_wconf 81' lang='lat'>3</span> <span class='ocrx_word' id='word_1_218' title='bbox 2612 3166 2728 3229; x_wconf 75' lang='lat' dir='ltr'><strong>quia</strong></span> 
     </span>
     <span class='ocr_line' id='line_1_26' title="bbox 519 3232 2724 3312; baseline -0.002 -15"><span class='ocrx_word' id='word_1_219' title='bbox 519 3232 531 3246; x_wconf 61' lang='lat'>⁸</span> <span class='ocrx_word' id='word_1_220' title='bbox 587 3256 669 3297; x_wconf 82' lang='lat' dir='ltr'><strong>tor</strong></span> <span class='ocrx_word' id='word_1_221' title='bbox 693 3247 903 3296; x_wconf 72' lang='lat' dir='ltr'><strong>Fannius</strong></span> <span class='ocrx_word' id='word_1_222' title='bbox 930 3248 1115 3312; x_wconf 86' lang='lat' dir='ltr'><strong>optime</strong></span> <span class='ocrx_word' id='word_1_223' title='bbox 1141 3259 1360 3296; x_wconf 76' lang='lat' dir='ltr'><strong>noverat.</strong></span> <span class='ocrx_word' id='word_1_224' title='bbox 1699 3258 1787 3297; x_wconf 89' lang='lat' dir='ltr'><strong>tuo</strong></span> <span class='ocrx_word' id='word_1_225' title='bbox 1814 3250 2041 3306; x_wconf 84' lang='lat' dir='ltr'><strong>nomine,</strong></span> <span class='ocrx_word' id='word_1_226' title='bbox 2063 3248 2223 3312; x_wconf 61' lang='lat' dir='ltr'><strong>{actus</strong></span> <span class='ocrx_word' id='word_1_227' title='bbox 2246 3246 2472 3309; x_wconf 83' lang='lat' dir='ltr'><strong>cognitor</strong></span> <span class='ocrx_word' id='word_1_228' title='bbox 2487 3247 2724 3311; x_wconf 71' lang='lat' dir='ltr'><strong>petiisset.</strong></span> 
     </span>
     <span class='ocr_line' id='line_1_27' title="bbox 665 3324 2724 3391; baseline -0.001 -14"><span class='ocrx_word' id='word_1_229' title='bbox 665 3345 747 3378; x_wconf 76' lang='grc' dir='ltr'><strong>ιι.</strong></span> <span class='ocrx_word' id='word_1_230' title='bbox 783 3325 1128 3388; x_wconf 73' lang='lat' dir='ltr'><strong>conjecturam</strong></span> <span class='ocrx_word' id='word_1_231' title='bbox 1165 3325 1474 3391; x_wconf 73' lang='lat' dir='ltr'><strong>Pantagathi‚</strong></span> <span class='ocrx_word' id='word_1_232' title='bbox 1508 3348 1531 3370; x_wconf 79' lang='grc' dir='ltr'>ι</span> <span class='ocrx_word' id='word_1_233' title='bbox 1555 3326 1610 3376; x_wconf 82' lang='lat' dir='ltr'><strong>id</strong></span> <span class='ocrx_word' id='word_1_234' title='bbox 1769 3329 1817 3376; x_wconf 87' lang='grc'><strong>3.</strong></span> <span class='ocrx_word' id='word_1_235' title='bbox 1842 3332 2047 3377; x_wconf 84' lang='lat' dir='ltr'><strong>Hotom.</strong></span> <span class='ocrx_word' id='word_1_236' title='bbox 2081 3326 2248 3375; x_wconf 77' lang='lat' dir='ltr'><strong>Lamb.</strong></span> <span class='ocrx_word' id='word_1_237' title='bbox 2280 3347 2302 3368; x_wconf 78' lang='grc' dir='ltr'>ι</span> <span class='ocrx_word' id='word_1_238' title='bbox 2323 3326 2441 3385; x_wconf 82' lang='lat' dir='ltr'><strong>tibi,</strong></span> <span class='ocrx_word' id='word_1_239' title='bbox 2481 3342 2583 3373; x_wconf 89' lang='lat' dir='ltr'><strong>non</strong></span> <span class='ocrx_word' id='word_1_240' title='bbox 2627 3324 2724 3371; x_wconf 73' lang='lat' dir='ltr'><strong>sibi</strong></span> 
     </span>
     <span class='ocr_line' id='line_1_28' title="bbox 589 3404 2724 3471; baseline -0.001 -16"><span class='ocrx_word' id='word_1_241' title='bbox 589 3423 745 3471; x_wconf 78' lang='lat' dir='ltr'><strong>quum</strong></span> <span class='ocrx_word' id='word_1_242' title='bbox 763 3428 789 3448; x_wconf 80' lang='grc' dir='ltr'><strong>ι·</strong></span> <span class='ocrx_word' id='word_1_243' title='bbox 805 3442 820 3466; x_wconf 88' lang='grc'>,</span> <span class='ocrx_word' id='word_1_244' title='bbox 858 3404 1039 3454; x_wconf 80' lang='lat' dir='ltr'><strong>Schiitz</strong></span> <span class='ocrx_word' id='word_1_245' title='bbox 1081 3406 1284 3471; x_wconf 83' lang='lat' dir='ltr'><strong>recepit.</strong></span> <span class='ocrx_word' id='word_1_246' title='bbox 1325 3406 1422 3454; x_wconf 86' lang='lat' dir='ltr'><strong>Sed</strong></span> <span class='ocrx_word' id='word_1_247' title='bbox 1457 3405 1605 3455; x_wconf 84' lang='lat' dir='ltr'><strong>lectio</strong></span> <span class='ocrx_word' id='word_1_248' title='bbox 1698 3408 1893 3471; x_wconf 78' lang='lat' dir='ltr'><strong>exegit?</strong></span> <span class='ocrx_word' id='word_1_249' title='bbox 1917 3428 1943 3448; x_wconf 80' lang='grc' dir='ltr'><strong>ι·</strong></span> <span class='ocrx_word' id='word_1_250' title='bbox 1975 3409 2115 3469; x_wconf 79' lang='lat' dir='ltr'><strong>Quos</strong></span> <span class='ocrx_word' id='word_1_251' title='bbox 2148 3417 2427 3471; x_wconf 73' lang='lat' dir='ltr'><strong>sequeretur</strong></span> <span class='ocrx_word' id='word_1_252' title='bbox 2455 3407 2603 3455; x_wconf 85' lang='lat' dir='ltr'><strong>Grut.</strong></span> <span class='ocrx_word' id='word_1_253' title='bbox 2626 3404 2724 3452; x_wconf 69' lang='lat' dir='ltr'><strong>nini</strong></span> 
     </span>
     <span class='ocr_line' id='line_1_29' title="bbox 587 3485 2212 3550; baseline 0.001 -17"><span class='ocrx_word' id='word_1_254' title='bbox 587 3487 692 3550; x_wconf 73' lang='lat' dir='ltr'><strong>ipse</strong></span> <span class='ocrx_word' id='word_1_255' title='bbox 715 3485 862 3534; x_wconf 86' lang='lat' dir='ltr'><strong>codd.</strong></span> <span class='ocrx_word' id='word_1_256' title='bbox 885 3487 981 3533; x_wconf 82' lang='lat' dir='ltr'><strong>Ox.</strong></span> <span class='ocrx_word' id='word_1_257' title='bbox 999 3496 1228 3549; x_wconf 76' lang='lat' dir='ltr'><strong>quatuor,</strong></span> <span class='ocrx_word' id='word_1_258' title='bbox 1249 3486 1424 3549; x_wconf 75' lang='lat' dir='ltr'><strong>«quod</strong></span> <span class='ocrx_word' id='word_1_259' title='bbox 1441 3502 1607 3545; x_wconf 70' lang='lat' dir='ltr'><strong>cumn,</strong></span> <span class='ocrx_word' id='word_1_260' title='bbox 1696 3503 1806 3535; x_wconf 88' lang='lat' dir='ltr'><strong>eum</strong></span> <span class='ocrx_word' id='word_1_261' title='bbox 1834 3486 1951 3533; x_wconf 84' lang='lat' dir='ltr'><strong>libri</strong></span> <span class='ocrx_word' id='word_1_262' title='bbox 1978 3496 2212 3534; x_wconf 78' lang='lat' dir='ltr'><strong>vetarent.</strong></span> 
     </span>
     <span class='ocr_line' id='line_1_30' title="bbox 584 3562 2717 3630; baseline -0 -18"><span class='ocrx_word' id='word_1_263' title='bbox 584 3564 830 3627; x_wconf 74' lang='lat' dir='ltr'><strong>vulgatam</strong></span> <span class='ocrx_word' id='word_1_264' title='bbox 846 3562 1133 3612; x_wconf 79' lang='lat' dir='ltr'><strong>confirmat:</strong></span> <span class='ocrx_word' id='word_1_265' title='bbox 1155 3565 1320 3629; x_wconf 78' lang='lat' dir='ltr'><strong>itaque</strong></span> <span class='ocrx_word' id='word_1_266' title='bbox 1344 3566 1467 3615; x_wconf 88' lang='lat' dir='ltr'><strong>nihil</strong></span> <span class='ocrx_word' id='word_1_267' title='bbox 1492 3582 1604 3613; x_wconf 86' lang='lat' dir='ltr'><strong>mu·</strong></span> <span class='ocrx_word' id='word_1_268' title='bbox 1770 3574 1817 3622; x_wconf 70' lang='grc'><strong>4.</strong></span> <span class='ocrx_word' id='word_1_269' title='bbox 1845 3565 2142 3615; x_wconf 71' lang='lat' dir='ltr'><strong>contestata.</strong></span> <span class='ocrx_word' id='word_1_270' title='bbox 2168 3566 2296 3614; x_wconf 77' lang='lat' dir='ltr'><strong>Vide</strong></span> <span class='ocrx_word' id='word_1_271' title='bbox 2321 3583 2460 3630; x_wconf 72' lang='lat' dir='ltr'><strong>supr.</strong></span> <span class='ocrx_word' id='word_1_272' title='bbox 2492 3580 2604 3628; x_wconf 73' lang='lat' dir='ltr'><strong>cap.</strong></span> <span class='ocrx_word' id='word_1_273' title='bbox 2636 3580 2657 3611; x_wconf 77' lang='grc' dir='ltr'><strong><em>ι</em></strong></span> <span class='ocrx_word' id='word_1_274' title='bbox 2672 3579 2717 3621; x_wconf 80' lang='lat' dir='ltr'><strong>t,</strong></span> 
     </span>
     <span class='ocr_line' id='line_1_31' title="bbox 586 3641 2716 3709; baseline -0.002 -17"><span class='ocrx_word' id='word_1_275' title='bbox 586 3643 1029 3693; x_wconf 73' lang='lat' dir='ltr'><strong>mimus.s.v.1..</strong></span> <span class='ocrx_word' id='word_1_276' title='bbox 1695 3661 1747 3694; x_wconf 86' lang='lat' dir='ltr'><strong>n.</strong></span> <span class='ocrx_word' id='word_1_277' title='bbox 1771 3653 1819 3700; x_wconf 74' lang='grc'><strong>4.</strong></span> <span class='ocrx_word' id='word_1_278' title='bbox 1846 3672 1917 3681; x_wconf 89' lang='grc'>-</span> <span class='ocrx_word' id='word_1_279' title='bbox 1961 3646 2149 3693; x_wconf 80' lang='lat' dir='ltr'><strong>Damni</strong></span> <span class='ocrx_word' id='word_1_280' title='bbox 2188 3645 2384 3709; x_wconf 77' lang='lat' dir='ltr'><strong>injuria.</strong></span> <span class='ocrx_word' id='word_1_281' title='bbox 2420 3646 2504 3693; x_wconf 71' lang='lat' dir='ltr'><strong>Est</strong></span> <span class='ocrx_word' id='word_1_282' title='bbox 2549 3641 2716 3690; x_wconf 79' lang='lat' dir='ltr'><strong>damni</strong></span> 
     </span>
     <span class='ocr_line' id='line_1_32' title="bbox 660 3722 2242 3787; baseline 0.004 -18"><span class='ocrx_word' id='word_1_283' title='bbox 660 3737 743 3770; x_wconf 66' lang='grc' dir='ltr'><strong>ια.</strong></span> <span class='ocrx_word' id='word_1_284' title='bbox 783 3724 836 3772; x_wconf 84' lang='grc' dir='ltr'><strong>Ρ.</strong></span> <span class='ocrx_word' id='word_1_285' title='bbox 858 3722 1067 3771; x_wconf 77' lang='lat' dir='ltr'><strong>Victorii</strong></span> <span class='ocrx_word' id='word_1_286' title='bbox 1102 3723 1254 3773; x_wconf 86' lang='lat' dir='ltr'><strong>editio</strong></span> <span class='ocrx_word' id='word_1_287' title='bbox 1275 3757 1292 3784; x_wconf 85' lang='lat'><strong>,</strong></span> <span class='ocrx_word' id='word_1_288' title='bbox 1327 3724 1446 3771; x_wconf 84' lang='lat' dir='ltr'><strong>item</strong></span> <span class='ocrx_word' id='word_1_289' title='bbox 1482 3724 1610 3771; x_wconf 83' lang='lat' dir='ltr'><strong>anti-</strong></span> <span class='ocrx_word' id='word_1_290' title='bbox 1698 3724 1798 3773; x_wconf 74' lang='lat' dir='ltr'><strong>dati</strong></span> <span class='ocrx_word' id='word_1_291' title='bbox 1824 3723 2022 3772; x_wconf 85' lang='lat' dir='ltr'><strong>nomine</strong></span> <span class='ocrx_word' id='word_1_292' title='bbox 2048 3725 2242 3787; x_wconf 83' lang='lat' dir='ltr'><strong>injuria.</strong></span> 
     </span>
     <span class='ocr_line' id='line_1_33' title="bbox 582 3802 2725 3869; baseline -0 -20"><span class='ocrx_word' id='word_1_293' title='bbox 582 3803 730 3867; x_wconf 83' lang='lat' dir='ltr'><strong>quior</strong></span> <span class='ocrx_word' id='word_1_294' title='bbox 777 3802 967 3861; x_wconf 78' lang='lat' dir='ltr'><strong>omnis,</strong></span> <span class='ocrx_word' id='word_1_295' title='bbox 1002 3813 1052 3851; x_wconf 87' lang='lat' dir='ltr'><strong>et</strong></span> <span class='ocrx_word' id='word_1_296' title='bbox 1088 3803 1243 3853; x_wconf 60' lang='lat' dir='ltr'><strong>Pelet.</strong></span> <span class='ocrx_word' id='word_1_297' title='bbox 1288 3803 1402 3853; x_wconf 85' lang='lat' dir='ltr'><strong>cod.</strong></span> <span class='ocrx_word' id='word_1_298' title='bbox 1441 3824 1466 3847; x_wconf 75' lang='grc' dir='ltr'>ι</span> <span class='ocrx_word' id='word_1_299' title='bbox 1488 3820 1607 3850; x_wconf 89' lang='lat' dir='ltr'><strong>num</strong></span> <span class='ocrx_word' id='word_1_300' title='bbox 1644 3848 1653 3861; x_wconf 74' lang='grc'>,</span> <span class='ocrx_word' id='word_1_301' title='bbox 1770 3804 1818 3853; x_wconf 79' lang='grc'><strong>5.</strong></span> <span class='ocrx_word' id='word_1_302' title='bbox 1838 3802 1977 3852; x_wconf 70' lang='lat' dir='ltr'><em>Nihil</em></span> <span class='ocrx_word' id='word_1_303' title='bbox 1992 3805 2284 3869; x_wconf 77' lang='lat' dir='ltr'><strong>perveniret.</strong></span> <span class='ocrx_word' id='word_1_304' title='bbox 2309 3804 2666 3867; x_wconf 79' lang='lat' dir='ltr'><strong>Argumentum</strong></span> <span class='ocrx_word' id='word_1_305' title='bbox 2695 3816 2725 3848; x_wconf 78' lang='lat' dir='ltr'><strong>a</strong></span> 
     </span>
     <span class='ocr_line' id='line_1_34' title="bbox 582 3878 2725 3948; baseline 0 -20"><span class='ocrx_word' id='word_1_306' title='bbox 582 3880 702 3945; x_wconf 82' lang='lat' dir='ltr'><strong>quid</strong></span> <span class='ocrx_word' id='word_1_307' title='bbox 727 3880 940 3945; x_wconf 80' lang='lat' dir='ltr'><strong>petierit,</strong></span> <span class='ocrx_word' id='word_1_308' title='bbox 965 3882 1101 3945; x_wconf 87' lang='lat' dir='ltr'><strong>quod</strong></span> <span class='ocrx_word' id='word_1_309' title='bbox 1135 3898 1236 3930; x_wconf 63' lang='grc' dir='ltr'><strong>σοι</strong></span> <span class='ocrx_word' id='word_1_310' title='bbox 1266 3881 1420 3946; x_wconf 75' lang='lat' dir='ltr'><strong>partis</strong></span> <span class='ocrx_word' id='word_1_311' title='bbox 1453 3894 1605 3939; x_wconf 62' lang='lat' dir='ltr'><strong>essen</strong></span> <span class='ocrx_word' id='word_1_312' title='bbox 1698 3883 1833 3948; x_wconf 72' lang='lat' dir='ltr'><strong>pari,</strong></span> <span class='ocrx_word' id='word_1_313' title='bbox 1852 3882 1991 3947; x_wconf 87' lang='lat' dir='ltr'><strong>quod</strong></span> <span class='ocrx_word' id='word_1_314' title='bbox 2027 3884 2159 3931; x_wconf 84' lang='lat' dir='ltr'><strong>enim</strong></span> <span class='ocrx_word' id='word_1_315' title='bbox 2191 3884 2246 3931; x_wconf 85' lang='lat' dir='ltr'><strong>in</strong></span> <span class='ocrx_word' id='word_1_316' title='bbox 2272 3898 2373 3930; x_wconf 86' lang='lat' dir='ltr'><strong>uno</strong></span> <span class='ocrx_word' id='word_1_317' title='bbox 2405 3881 2540 3931; x_wconf 80' lang='lat' dir='ltr'><strong>socio</strong></span> <span class='ocrx_word' id='word_1_318' title='bbox 2565 3878 2725 3939; x_wconf 66' lang='lat' dir='ltr'><strong>velet,</strong></span> 
     </span>
     <span class='ocr_line' id='line_1_35' title="bbox 586 3959 2133 4024; baseline 0.002 -15"><span class='ocrx_word' id='word_1_319' title='bbox 586 3977 706 4009; x_wconf 84' lang='lat' dir='ltr'><strong>num</strong></span> <span class='ocrx_word' id='word_1_320' title='bbox 723 3959 845 4024; x_wconf 85' lang='lat' dir='ltr'><strong>quid</strong></span> <span class='ocrx_word' id='word_1_321' title='bbox 862 3976 1015 4023; x_wconf 89' lang='lat' dir='ltr'><strong>quum</strong></span> <span class='ocrx_word' id='word_1_322' title='bbox 1032 3961 1251 4017; x_wconf 74' lang='lat' dir='ltr'><strong>abstulit,</strong></span> <span class='ocrx_word' id='word_1_323' title='bbox 1273 3971 1368 4008; x_wconf 85' lang='lat' dir='ltr'><strong>etc.</strong></span> <span class='ocrx_word' id='word_1_324' title='bbox 1379 3981 1405 4001; x_wconf 79' lang='grc' dir='ltr'><strong>ι·</strong></span> <span class='ocrx_word' id='word_1_325' title='bbox 1417 3962 1450 4008; x_wconf 87' lang='lat' dir='ltr'><strong>J</strong></span> <span class='ocrx_word' id='word_1_326' title='bbox 1453 3964 1538 4009; x_wconf 65' lang='grc' dir='ltr'><strong>Ν.</strong></span> <span class='ocrx_word' id='word_1_327' title='bbox 1554 3962 1610 4009; x_wconf 82' lang='lat'><strong>1..</strong></span> <span class='ocrx_word' id='word_1_328' title='bbox 1698 3962 1857 4011; x_wconf 75' lang='lat' dir='ltr'><strong>valeat</strong></span> <span class='ocrx_word' id='word_1_329' title='bbox 1880 3963 1932 4011; x_wconf 86' lang='lat' dir='ltr'><strong>in</strong></span> <span class='ocrx_word' id='word_1_330' title='bbox 1958 3962 2133 4012; x_wconf 75' lang='lat' dir='ltr'><strong>altem.</strong></span> 
     </span>
     <span class='ocr_line' id='line_1_36' title="bbox 654 4037 2725 4100; baseline -0.002 -11"><span class='ocrx_word' id='word_1_331' title='bbox 654 4042 843 4089; x_wconf 79' lang='lat' dir='ltr'><strong>xvm.</strong></span> <span class='ocrx_word' id='word_1_332' title='bbox 868 4055 912 4088; x_wconf 80' lang='lat' dir='ltr'><strong>t.</strong></span> <span class='ocrx_word' id='word_1_333' title='bbox 948 4040 1126 4091; x_wconf 72' lang='lat' dir='ltr'><strong>Alteri.</strong></span> <span class='ocrx_word' id='word_1_334' title='bbox 1155 4043 1252 4089; x_wconf 82' lang='lat' dir='ltr'><strong>Pro</strong></span> <span class='ocrx_word' id='word_1_335' title='bbox 1275 4040 1430 4089; x_wconf 73' lang='lat' dir='ltr'><strong>altero</strong></span> <span class='ocrx_word' id='word_1_336' title='bbox 1459 4054 1609 4087; x_wconf 84' lang='lat' dir='ltr'><strong>nemo</strong></span> <span class='ocrx_word' id='word_1_337' title='bbox 1774 4043 1827 4091; x_wconf 85' lang='lat'><strong>6.</strong></span> <span class='ocrx_word' id='word_1_338' title='bbox 1866 4043 2141 4091; x_wconf 75' lang='lat' dir='ltr'><strong>Actionem.</strong></span> <span class='ocrx_word' id='word_1_339' title='bbox 2168 4041 2464 4091; x_wconf 70' lang='lat' dir='ltr'><strong>Facultatum</strong></span> <span class='ocrx_word' id='word_1_340' title='bbox 2496 4038 2567 4087; x_wconf 86' lang='lat' dir='ltr'><strong>tui</strong></span> <span class='ocrx_word' id='word_1_341' title='bbox 2599 4037 2725 4100; x_wconf 75' lang='lat' dir='ltr'><strong>juris</strong></span> 
     </span>
    </p>
   </div>
   <div class='ocr_carea' id='block_1_4' title="bbox 585 4122 2046 4186">
    <p class='ocr_par' dir='ltr' id='par_1_5' title="bbox 585 4122 2046 4186">
     <span class='ocr_line' id='line_1_37' title="bbox 585 4122 2046 4186; baseline 0.001 -16"><span class='ocrx_word' id='word_1_342' title='bbox 585 4130 749 4186; x_wconf 77' lang='lat' dir='ltr'><strong>petere</strong></span> <span class='ocrx_word' id='word_1_343' title='bbox 766 4129 943 4186; x_wconf 69' lang='lat' dir='ltr'><strong>potest.</strong></span> <span class='ocrx_word' id='word_1_344' title='bbox 1706 4122 2046 4185; x_wconf 74' lang='lat' dir='ltr'><strong>persequendi.</strong></span> 
     </span>
    </p>
   </div>
  </div>
 </body>
</html>
