3044 4788
574 421 710 487 DE
761 418 1558 488 VECTIGALIBUS
1608 419 1872 487 REIP.
1921 431 2052 487 etc.
2238 415 2372 500 545

257 540 381 603 mis
411 539 657 627 pnetiis,
693 537 1139 603 ultro-tributa
1170 537 1411 603 infimis
1445 562 1745 603 censores
1770 540 2143 604 locaverunt
2166 565 2221 622 υς
2249 540 2378 604 hoc

258 659 384 727 est,
423 644 813 707 tributorum
859 643 1058 731 pretia
1103 643 1577 708 imminuerunt
1633 665 1965 725 censores,
2018 659 2093 708 ut
2138 644 2380 733 populo

257 749 799 839 gratificarentur,
863 773 901 812 a
952 771 1086 837 quo
1145 750 1390 815 tributa
1452 750 1916 839 exigebantur,
1977 750 2380 839 vectigalium

256 854 691 935 adauxerunt,
724 871 796 918 ut
834 877 916 917 ne
957 852 1118 942 quid
1163 853 1244 918 de
1281 867 1538 919 summa
1578 854 1962 943 deperderet
2002 855 2382 944 respublica.

258 959 477 1040 Idem,
517 959 768 1041 XLIII,
812 958 922 1041 15,
972 980 1272 1022 censores
1316 957 1689 1040 edixerunt,
1750 960 1899 1024 «Ne
1936 959 2082 1047 q'uis
2119 981 2381 1041 eorum,

260 1067 375 1153 qui
421 1066 504 1148 Q.
533 1064 794 1145 Fulvio,
828 1066 901 1127 A.
935 1062 1277 1126 Postumio
1317 1063 1696 1127 censoribus
1732 1064 1987 1152 publica
2022 1066 2382 1155 vectigalia,

257 1187 373 1234 aut
394 1169 841 1234 ultro-tributa
867 1164 1365 1250 conduxissent,
1393 1168 1475 1232 ad
1502 1168 1750 1232 hastam
1780 1191 1964 1234 suam
1993 1169 2381 1235 accederet».

259 1276 376 1339 His
423 1275 581 1339 locis
632 1274 783 1337 satis
825 1271 1171 1360 probatum
1207 1272 1488 1336 arbitror
1531 1273 2015 1355 ultro-tributa,
2068 1296 2201 1340 non
2250 1299 2387 1340 esse

260 1381 505 1445 tributa
539 1376 1065 1458 extraordinaria,
1099 1398 1216 1441 seu
1245 1378 1587 1466 pecuniam
1615 1394 1848 1466 sponte
1870 1377 2037 1442 ultra
2064 1381 2383 1445 tributum

261 1485 506 1567 datam3
538 1484 724 1571 quia,
750 1505 956 1570 quum
991 1482 1072 1546 ab
1108 1504 1367 1563 eorum,
1400 1484 1514 1570 qui
1540 1505 1681 1547 eam
1715 1482 2118 1565 conferrent,
2151 1485 2384 1549 volun-³

261 1606 392 1654 tate
419 1588 761 1678 penderet,
795 1588 976 1652 nullo
1008 1589 1219 1678 pretio
1248 1590 1463 1676 potuit
1487 1587 2008 1676 redemptoribus
2048 1612 2085 1653 a
2120 1604 2387 1656 censore

262 1698 478 1762 locari.
516 1697 670 1761 Non
721 1712 875 1760 suut
915 1695 1264 1786 «impensae
1299 1719 1572 1784 operum
1609 1696 2022 1784 publicorum
2069 1696 2387 1760 faciendo-

262 1825 489 1882 rum»,
525 1821 684 1888 quas
716 1799 1168 1864 translatitium
1208 1815 1307 1863 est
1335 1823 1372 1863 a
1409 1801 1640 1887 quovis
1672 1811 1938 1863 censore
1970 1821 2163 1887 qnam
2194 1800 2386 1864 mini-

265 1928 375 1970 mo
409 1905 643 1986 locari3
697 1927 908 1991 neque
946 1903 1257 1968 attinebat
1305 1903 1433 1968 hoc
1479 1904 1805 1967 observari
1859 1904 2270 1992 potissimum
2301 1898 2399 1968 in'

262 2015 535 2095 Catone,
580 2009 761 2100 quod
794 2010 1091 2074 omnium
1128 2032 1473 2074 censorum
1522 2010 1667 2073 fuit.
1713 2010 1889 2097 Ergo
1936 2010 2385 2075 ultro-tributa

263 2141 384 2207 pro
405 2118 558 2207 ipsis
580 2116 837 2181 tributis
855 2114 1221 2204 accipienda
1243 2130 1429 2192 sunt,
1464 2138 1609 2203 quae
1633 2137 1930 2180 censores
1962 2115 2200 2180 infimis
2234 2136 2383 2206 pre-

263 2225 365 2289 tiis
399 2223 812 2303 locaverunt3
845 2220 915 2286 id
947 2238 1079 2302 est,
1119 2244 1403 2309 quorum
1431 2219 1513 2284 de
1545 2242 1828 2303 summa,
1857 2237 1933 2286 ut
1962 2224 2206 2311 populo
2239 2247 2385 2312 gra-

264 2328 694 2411 tificarentur,
731 2327 1010 2391 multum
1043 2325 1480 2391 detraxerunt.
1521 2324 1722 2408 Quod
1758 2327 1810 2390 si
1842 2327 1945 2390 cui
1982 2327 2120 2392 haee
2166 2337 2385 2396 nostra

263 2435 708 2523 interpretatio
747 2457 881 2498 non
920 2434 1231 2514 arriserit,
1276 2433 1570 2497 consulat
1612 2432 1969 2496 doctissimi
2001 2433 2281 2500 Creverii
2310 2439 2378 2501 in

265 2540 519 2603 Livium
544 2552 764 2615 notas,
795 2537 1057 2601 meliora
1091 2539 1307 2600 forsan
1342 2534 1423 2600 ad
1457 2536 1634 2599 vocis
1671 2536 1867 2614 hujus
1907 2536 2382 2625 interpretatio-

265 2665 416 2707 nem
447 2640 600 2705 inde
626 2640 997 2704 hausturus.
1017 2642 1160 2705 Hoc
1185 2638 1333 2703 satis
1365 2640 1449 2702 sit
1481 2637 1714 2702 dixisse
1744 2638 1827 2702 de
1852 2639 2142 2706 tributis:
2172 2666 2380 2727 nnnc,-

269 2746 449 2836 quod
486 2745 809 2834 reliquum
839 2759 967 2824 est,
1001 2745 1328 2834 vectigalia
1362 2765 1846 2831 persequamur.

355 2849 640 2940 Vectigal
684 2865 781 2914 est
821 2872 858 2912 a
904 2848 1099 2928 velta,
1136 2849 1396 2928 vehem
1442 2864 1508 2912 et
1547 2850 1807 2937 proprie
1847 2849 2160 2939 significat
2203 2857 2383 2942 quod

268 2981 347 3023 ex
384 2973 645 3021 vectura
680 2954 1023 3042 penditur3
1071 2954 1249 3042 quod
1298 2953 1506 3018 Latini
1551 2955 1912 3040 portorium
1958 2957 2384 3045 appellabant.

272 3060 522 3126 Deinde
588 3059 964 3125 translatum
1030 3075 1128 3123 est
1190 3081 1428 3123 nomen
1493 3058 1579 3122 ad
1640 3058 1795 3123 alios
1854 3083 2150 3149 quosque
2209 3066 2381 3130 redi·

271 3184 375 3231 tus
410 3165 705 3254 publicos
752 3163 1206 3253 significandos
1240 3163 1352 3250 qui
1386 3186 1463 3227 ex
1498 3163 1700 3252 agris,
1743 3164 1874 3229 sive
1920 3166 2215 3248 elocatis,
2252 3171 2383 3234 sive

271 3271 724 3361 scripturariis,
756 3270 1100 3334 veniebant
1130 3269 1198 3331 in
1235 3269 1550 3332 aerarium.
1594 3268 1728 3333 Cic.
1765 3292 1886 3356 pro
1920 3271 2057 3359 lege
2087 3271 2383 3356 Manilia,

272 3400 410 3466 cap.
442 3377 516 3442 5:
559 3378 702 3440 «Ita
733 3398 948 3463 neque
978 3398 1056 3439 ex
1094 3389 1318 3462 portu,
1352 3396 1566 3461 neque
1596 3397 1676 3445 ex
1701 3372 2020 3455 decumis,
2053 3377 2265 3464 nequ'e
2308 3403 2386 3444 ex

269 3483 615 3572 scriptura,
666 3480 930 3570 vectigal
987 3479 1349 3544 conservari
1416 3494 1632 3566 potest
1658 3509 1705 3542 n.
1762 3479 2060 3568 Denique
2114 3485 2383 3576 vectigal

272 3611 500 3652 omnes
533 3588 804 3651 omnino
837 3585 1079 3650 reditus
1111 3584 1507 3675 significavit,
1535 3585 1648 3673 qui
1673 3583 1775 3647 vel
1803 3586 2077 3673 portorii
2098 3590 2384 3676 nomine,

272 3693 375 3757 vel
405 3691 858 3773 decumarum,
891 3692 992 3755 vel
1027 3692 1394 3778 scriptum,
1430 3690 1531 3753 vel
1561 3688 1893 3778 stipendii,
1935 3692 2037 3757 vel
2067 3694 2248 3777 salis,
2285 3700 2385 3761 vel

273 3795 622 3879 vicesimae,
663 3796 764 3859 vel
801 3819 1070 3883 quoquo
1107 3796 1235 3859 alio
1280 3793 1479 3859 modo
1528 3795 1966 3884 exigebantur.
2008 3797 2113 3862 Sic
2150 3818 2384 3888 praeto·

273 3903 444 3966 rium
475 3903 742 3991 vectigal
778 3901 1128 3983 dicebatur,
1165 3924 1236 3965 ea
1274 3902 1548 3990 pecunia
1583 3924 1759 3988 quae,
1796 3901 1964 3965 salva
1995 3907 2387 3991 repetunda-

276 4031 423 4072 rum
445 4008 619 4098 lege‚
645 4032 680 4073 a
712 4006 1094 4097 praetoribus
1126 4008 1324 4096 accipi
1358 4023 1628 4095 poterat.
1663 4007 1766 4070 Sic
1796 4008 1864 4070 in
1898 4007 2129 4072 eodem
2157 4030 2391 4097 genere

273 4115 540 4178 Sueton.
569 4115 638 4178 in
659 4115 824 4203 Aug.
851 4135 987 4201 cap.
1014 4111 1134 4190 46:
1170 4145 1193 4167 κ
1217 4113 1460 4176 Italiam
1495 4110 1969 4200 duodetriginta
1996 4113 2393 4178 coloniarum

480 4223 536 4289 Ῑ.
596 4235 813 4298 (fic-pan·
842 4235 1053 4282 munda.
2074 4216 2163 4287 35
2234 4219 2237 4224 -
