3044 4788
641 469 774 536 DE
823 468 1625 549 vEcrchmBUs
1674 470 1937 538 REIP.
1989 482 2120 539 etc.
2302 467 2442 563 549

333 603 498 651 esset
529 588 809 674 pretium
839 610 961 677 pro
991 610 1248 676 quaque
1284 610 1496 657 merce
1527 588 1945 681 solvendum,
1977 611 2113 661 non
2137 606 2234 654 est
2261 591 2441 678 quod

333 690 668 756 affirmem.
715 695 952 757 Contra
999 717 1153 758 vero
1195 694 1489 767 existimo
1538 696 1929 783 portitorum
1979 695 2172 763 fuisse
2216 696 2442 759 mercis

335 797 646 884 cujusque
674 799 1180 863 aestimationem.
1225 800 1451 885 Itaque
1479 799 1754 875 sarcinas
1784 821 2072 887 quasque
2103 798 2443 887 diligenter

333 902 767 985 excutiebant3
833 904 1049 977 omnia
1105 903 1356 968 curiose
1410 904 1875 986 observabant3
1927 904 2443 988 sciscitabantur3

333 1007 644 1071 mercium
678 1007 746 1070 in
780 1008 1166 1097 pretia,vim
1186 1055 1204 1087 ,
1241 1023 1571 1089 naturam,
1604 1010 1931 1098 regionem
1965 1008 2142 1074 unde
2168 1009 2446 1074 adveheae

332 1129 578 1195 rentur,
621 1114 1069 1200 inquirebant3
1119 1128 1184 1194 et
1224 1136 1303 1191 ex
1338 1136 1561 1190 earum
1593 1137 1629 1193 a
1674 1137 1742 1191 se
1782 1118 1945 1187 facta
1988 1116 2447 1195 aestimatione,

333 1240 454 1306 pro
500 1219 747 1282 ratione
795 1218 983 1305 pretii
1025 1217 1292 1305 vectigal
1332 1218 1691 1306 exigebant.
1729 1218 2033 1297 Testatur
2069 1220 2333 1284 Plautus
2376 1220 2445 1286 in

331 1322 649 1387 Menaech.
681 1336 807 1385 act.
831 1323 896 1403 Ι,
936 1344 1023 1399 sc.
1059 1342 1130 1402 a,
1166 1321 1281 1384 ubi
1315 1320 1757 1403 Menaechmus
1781 1321 1863 1386 de
1896 1323 2163 1397 muliere
2195 1324 2448 1388 curiosa

332 1423 402 1485 in
429 1423 684 1511 primis,
707 1443 852 1508 qua?
870 1422 1083 1505 virum
1118 1421 1316 1486 domo
1342 1422 1777 1512 egredientem
1794 1471 1815 1505 ,
1846 1439 1911 1487 et
1938 1422 2321 1495 redeuntem
2348 1447 2448 1502 se·‚

334 1521 492 1586 dulo
537 1522 946 1602 observabat,
996 1522 1118 1604 ait,
1152 1523 1454 1611 «Rogitas
1506 1546 1643 1611 quo
1679 1546 1802 1612 ego
1849 1546 1988 1603 eam
2013 1571 2033 1605 ,
2076 1547 2271 1612 quam
2306 1548 2444 1604 rem

334 1645 517 1711 agam
536 1671 555 1705 ,
579 1623 740 1710 quid
770 1622 1011 1712 negotii
1052 1645 1266 1713 geram
1284 1671 1303 1705 ,
1335 1622 1496 1712 quid
1522 1640 1737 1713 petam
1758 1673 1777 1707 ,
1814 1624 1971 1713 quid
2000 1625 2238 1707 feram,
2287 1625 2448 1714 quid

336 1727 489 1791 foris
530 1729 809 1818 egerim;
847 1729 1228 1817 portitorem
1285 1728 1559 1793 domum
1606 1728 1799 1811 duxi,
1853 1730 1939 1794 ita
1977 1752 2238 1794 omnem
2286 1730 2447 1802 mihi

333 1856 471 1896 rem
509 1856 768 1898 necesse
799 1834 981 1922 loqui
1011 1848 1135 1916 est,
1188 1833 1511 1922 quidquid
1547 1835 1648 1926 egi
1669 1883 1687 1916 ‚
1720 1851 1918 1923 atque
1946 1859 2122 1926 agov.
2147 1837 2449 1900 Testatur

336 1938 611 2022 Quintil.
653 1940 934 2027 Declam.
967 1939 1124 2018 340,
1159 1940 1259 2015 his
1288 1942 1499 2006 verbis
1532 1965 1548 2006 :
1592 1971 1615 1995 α
1644 1941 1919 2007 Videtur
1938 1943 2249 2032 Mangoni
2285 1964 2448 2030 puer

325 2044 685 2135 pretiosus,
717 2045 937 2129 timuit
962 2066 1046 2108 ne
1072 2067 1308 2134 magno
1335 2046 1815 2111 aestimaretur».
1843 2047 2006 2112 Vide
2029 2064 2096 2112 et
2118 2047 2442 2111 Plutarch.

332 2148 414 2213 de
477 2149 780 2225 Curiosit.
844 2150 1014 2233 Hinc
1064 2150 1320 2215 Nonius
1379 2149 1720 2216 Marcellus
1774 2153 2124 2240 portitores
2184 2150 2445 2233 definit,

329 2284 357 2311 σι
379 2255 754 2339 telonarios„
793 2254 907 2342 qui
945 2270 1210 2345 portum
1252 2254 1619 2341 obsidentes
1654 2257 1873 2320 omnia
1907 2257 2332 2337 sciscitantur,
2365 2271 2445 2320 ut

329 2382 408 2424 ex
452 2382 532 2425 eo
576 2360 847 2450 vectigal
896 2360 1276 2450 accipiant».
1309 2360 1529 2425 Varias
1563 2359 1819 2426 fraudes
1857 2361 2172 2427 adhibitas
2210 2362 2445 2445 fuisse,

329 2465 565 2554 quibus
621 2466 1145 2544 circumscribere
1187 2466 1515 2555 vectigalia
1571 2464 1854 2531 solerent
1903 2468 2357 2556 negotiatores,
2391 2469 2447 2549 si

330 2571 583 2653 dixero,
613 2592 748 2641 non
782 2571 902 2635 erit
936 2571 1116 2659 quod
1149 2570 1411 2651 mirere3
1443 2592 1658 2657 neque
1692 2571 1747 2634 si
1780 2571 2127 2635 ostendero
2168 2572 2443 2654 aestimaff

328 2677 538 2742 tiones
569 2676 703 2744 illas
730 2697 873 2763 quae
910 2698 948 2738 a
978 2675 1401 2762 portitoribus
1436 2673 1920 2757 inducerentur,
1944 2698 2111 2798 saepe
2133 2676 2215 2740 ab
2242 2678 2445 2765 aequi·

327 2798 457 2849 tate
486 2783 735 2847 abiisse.
780 2781 949 2845 Hinc
980 2782 1304 2846 continuae
1330 2780 1412 2846 de
1455 2781 1845 2901 portitorum
1879 2782 2127 2861 injuriis
2168 2784 2448 2871 querelae

326 2886 501 2979 apud
556 2902 850 2951 auctores
903 2901 1297 2948 occurrunt·
1281 2933 1299 2966 ,
1337 2907 1482 2972 quae
1530 2885 1777 2966 injuriae
1831 2885 2129 2950 tollendis
2178 2886 2441 2971 tandem

326 2993 631 3082 portoriis
655 3013 910 3056 causam
927 2990 1219 3055 attulere.
1247 2991 1377 3054 Cic.
1404 2990 1486 3055 ad
1507 2991 1588 3073 Q.
1609 2992 1713 3055 Fr.
1740 2991 1938 3079 Epist.
1958 2992 2012 3073 Ι,
2037 3014 2089 3054 1.
2114 2993 2439 3056 Hactenus

325 3099 410 3163 de
433 3097 769 3219 portorio.
797 3096 929 3177 jam
956 3091 1041 3158 ad
1069 3094 1402 3177 decumas,
1436 3094 1711 3158 alterum
1739 3095 2060 3183 vectigalis
2095 3118 2334 3184 genus,
2362 3119 2442 3178 ex
2516 3091 2523 3098 ⁰

325 3204 492 3295 agris
528 3203 786 3280 elocatis
818 3201 983 3291 exigi
1009 3201 1313 3284 solitum,
1342 3199 1695 3266 veniamus.

411 3309 704 3374 Alterum
743 3306 1151 3396 vectigalium
1198 3327 1403 3396 genus
1451 3305 1650 3370 fuisse
1700 3304 1977 3374 diximus
2022 3303 2216 3387 illud,
2264 3303 2446 3392 quod

326 3418 490 3507 agris
525 3414 998 3504 imponebatur.
1043 3416 1214 3502 Ager
1243 3411 1438 3477 fiebat
1460 3411 1836 3501 vectigalis
1812 3434 1958 3493 Jure
1983 3411 2283 3496 victoriae
2317 3412 2443 3476 Ro-

325 3523 502 3587 mani
528 3521 808 3611 populos
841 3520 1013 3606 bello
1045 3518 1330 3597 devictos
1360 3533 1475 3584 aut
1503 3518 1829 3602 immunes
1867 3539 2038 3599 esse,
2074 3540 2150 3597 ac
2183 3517 2316 3581 suis
2348 3516 2441 3582 le·

327 3627 515 3715 gibus
541 3626 753 3694 vivere
779 3625 1110 3707 volebant3
1143 3638 1258 3689 aut
1286 3624 1418 3688 suis
1445 3645 1558 3688 eos
1587 3624 1753 3713 agris
1781 3623 2134 3705 exuebant,
2167 3645 2332 3711 quos
2370 3624 2437 3688 in

327 3730 662 3819 publicum
699 3729 856 3817 reip.
894 3729 1354 3817 patrimonium
1390 3728 1784 3818 redigebant.
1830 3727 2000 3814 Hinc
2046 3728 2232 3796 toties
2268 3728 2442 3817 apud

328 3836 736 3916 Ciceronem,
767 3850 833 3908 et
856 3834 1042 3919 alios,
1066 3834 1201 3922 agri
1231 3834 1541 3918 dicuntur
1567 3833 1875 3921 publicati
1910 3833 2125 3911 fuisse,

417 3920 738 4030 Agrorum
761 3939 1169 4028 vectigalium
1189 3938 1422 4026 triplex
1445 3960 1650 4028 genus
1680 3938 1805 4002 fuit
1827 3960 1951 4026 pro,
1972 3937 2168 4008 modo
2191 3953 2258 4002 et
2271 3940 2443 4006 varia

322 4044 670 4112 deditionis
709 4045 917 4114 forma
952 4067 968 4122 ς
1011 4055 1071 4109 1⁰
1101 4059 1214 4107 aut
1246 4044 1420 4109 enim
1455 4043 1591 4130 agri
1627 4064 1706 4106 ex
1748 4042 2044 4108 hostibus
2082 4043 2282 4130 capti,
2318 4045 2448 4132 toti

327 4150 569 4241 publici
587 4199 606 4234 ‚
637 4166 702 4216 et
721 4151 879 4238 reip.
902 4149 1081 4215 velut
1111 4149 1574 4237 patrimonium
1609 4145 1867 4213 fiebant.
1897 4146 2069 4225 Talis
2090 4170 2240 4235 ager
2265 4136 2448 4230 Cam-'-
