3044 4788
299 2234 431 2284 uiam
459 2236 670 2300 accepit.

734 419 1128 488 ORATIO
1179 420 1379 487 PRo
1427 420 1516 508 Q.
1565 371 1974 488 Rosclo.

2291 444 2413 514 ¹7¹

390 545 546 610 Jam
603 539 986 636 intelligis,
1039 543 1116 610 C.
1163 541 1360 626 Piso,
1401 537 1542 610 sibi
1585 534 1822 624 soli⁶‚
1864 538 2188 609 societati
2246 538 2431 609 nihil

296 650 638 722 Roscium
667 650 956 748 petisse.
987 656 1142 722 Hoc
1169 674 1400 747 quum
1429 648 1649 719 sentit
1683 648 2009 718 Saturius
2036 671 2188 718 esse
2220 671 2433 746 aper-

239 799 251 807 ·
287 775 455 832 tum
477 815 496 848 ,
520 761 855 832 resistere
888 776 961 832 et
994 784 1400 865 repugnare
1428 773 1683 830 contra
1717 759 2091 828 veritatem
2116 782 2271 828 non
2307 782 2434 829 au-

297 871 456 958 det;
507 868 702 940 aliud
755 868 1022 942 fraudis
1071 885 1144 942 et
1185 869 1611 941 insidiarum
1661 869 1740 938 in
1787 866 2088 939 eodem⁷
2134 869 2437 966 vestigio

298 980 807 1052 diverticulum
854 981 1149 1078 reperit.
1187 979 1526 1068 ·Petisse,
1583 978 1825 1076 inquit
1847 1032 1867 1065 ‚
1912 1001 2118 1049 suam
2159 992 2438 1076 partem

296 1093 637 1162 Roscium
674 1115 716 1162 a
742 1090 980 1161 Flavio
1017 1087 1408 1178 confiteor;
1437 1112 1743 1159 vacuam
1764 1083 1795 1133 ⁸
1832 1102 1906 1159 et
1942 1091 2296 1186 integram
2330 1114 2445 1161 re·

296 1200 595 1299 liquisse
641 1202 895 1272 Fannii
945 1194 1320 1272 concedo:
1379 1197 1503 1271 sed
1526 1254 1546 1283 ‚
1592 1197 1793 1296 quod
1845 1197 1980 1270 sibi
2026 1202 2302 1295 exegit,
2357 1199 2433 1271 id

297 1334 686 1381 commune
727 1310 1128 1383 societatis⁹
1160 1307 1430 1381 factum
1455 1333 1611 1380 esse
1642 1306 2028 1380 contendO.
2056 1312 2224 1400 Quo
2252 1309 2437 1381 nihil

297 1421 776 1519 captiosius¹⁰‚
799 1445 1041 1517 neque
1065 1419 1435 1517 indignius
1462 1431 1708 1516 potest
1735 1416 1896 1489 dici.
1923 1418 2190 1506 Quaero
2218 1422 2436 1507 enim,

298 1531 712 1628 potueritne
743 1533 1044 1603 Roscius
1075 1555 1166 1602 ex
1204 1533 1541 1601 societate
1591 1552 1795 1599 suam
1833 1542 2115 1626 partem
2157 1543 2442 1626 petere,

299 1641 578 1712 necne?
606 1644 678 1712 Si
709 1667 859 1712 non
890 1645 1134 1740 potuit
1157 1695 1177 1730 ,
1206 1638 1516 1738 quemad
1527 1637 1827 1709 modum
1861 1636 2196 1710 abstulit?
2219 1641 2280 1709 si
2308 1662 2441 1737 po-

299 1752 474 1839 tuit,
510 1750 1127 1849 quemadmodum
1165 1774 1319 1821 non
1359 1749 1497 1820 sibi
1538 1749 1814 1846 exegit?
1853 1752 2035 1821 Nam
2076 1748 2275 1846 quod
2306 1750 2440 1821 sibi

299 1861 596 1957 petitur,
622 1875 816 1933 certe
856 1860 1063 1933 alteri
1094 1884 1245 1930 non
1273 1859 1605 1956 exigitur.
1644 1862 1751 1928 An
1792 1859 1890 1928 ita
1917 1859 2067 1957 est?
2106 1862 2204 1947 si,
2235 1859 2439 1958 quod

369 2077 422 2125 6.
446 2076 549 2125 Sibi
572 2077 680 2127 soli.
710 2078 961 2143 Siquidem
989 2077 1202 2127 Fannius
1230 2079 1321 2126 Pa-

299 2156 445 2219 nurgi
482 2159 681 2204 nomine
715 2174 742 2203 s
777 2157 945 2205 Flavio
980 2159 1155 2223 etipse
1179 2172 1323 2221 pecu·

372 2330 425 2375 7.
448 2317 509 2362 In
532 2314 701 2363 ecdem
728 2313 953 2380 vestigio.
971 2313 1112 2363 Nihil
1131 2325 1322 2364 mutato

299 2393 412 2442 loco
428 2427 444 2453 ,
467 2393 554 2442 ubi
573 2394 881 2457 constiterat,
900 2393 1085 2443 ibidem
1100 2428 1116 2454 ,
1136 2394 1318 2445 statim.

299 2472 379 2520 Sic
402 2473 529 2523 Caes.
557 2474 675 2523 Bell.
691 2476 786 2525 civ.
804 2477 852 2523 11
874 2490 888 2525 ε
925 2498 950 2517 ι
966 2476 1172 2541 vestigio
1199 2486 1322 2524 tem-

299 2552 438 2615 poris
469 2552 521 2599 id
549 2554 731 2602 {actum
753 2555 810 2601 ·.'

374 2631 425 2677 8.
452 2633 690 2682 ναι-παπ.
714 2633 936 2682 Liberam
952 2667 968 2693 ,
1003 2649 1095 2682 uec
1116 2649 1324 2699 occupa-

302 2712 651 2759 nav-enum
676 2712 806 2760 euim
834 2712 1010 2776 saepius
1035 2723 1109 2760 est
1133 2713 1271 2777 quod
1294 2728 1324 2760 s

302 2789 496 2837 neruiue
520 2790 765 2839 detinetur
781 2823 797 2849 ,
830 2801 886 2838 ut
909 2807 1003 2855 pro
1032 2793 1182 2841 Rosc.
1209 2793 1324 2841 Am.

303 2885 412 2933 cap.
449 2884 511 2918 10
533 2870 909 2920 observavimus.

373 2964 423 3011 9.
455 2949 716 2998 communae
740 2949 1002 2998 societatis.
1035 2951 1155 3011 Ejus
1183 2949 1324 2999 dimi-

304 3026 431 3075 diam
455 3040 642 3093 partem
667 3030 804 3078 socio
827 3028 1167 3093 praestaudam.

381 3123 455 3156 10.
481 3108 620 3157 Nihil
646 3109 925 3174 captiosius.
949 3111 1167 3157 Potuisse
1192 3110 1326 3158 vide·

305 3189 609 3236 turRoscius
636 3200 826 3254 partem
860 3205 996 3237 susm
1017 3200 1210 3254 petere,
1236 3191 1325 3254 qui

305 3268 467 3330 potuit
490 3268 736 3330 solidum3
763 3271 804 3317 si
845 3279 1008 3317 tamen
1043 3269 1253 3317 Roscius
1295 3286 1324 3317 a

304 3346 471 3394 Flavio
508 3347 775 3410 quidquam
817 3350 1010 3412 exegit,
1051 3347 1176 3396 nihil
1209 3364 1326 3396 vero

304 3427 545 3481 Fannius,
570 3425 706 3488 quod
726 3427 923 3476 Πενία,
945 3428 1190 3477 solvendo
1222 3444 1326 3476 esse

305 3502 476 3559 desiit,
511 3502 633 3549 nihil
654 3506 890 3568 captionis
908 3518 981 3555 est
1003 3524 1095 3555 uec
1114 3506 1328 3572 indigui·

303 3582 420 3630 tntis
453 3581 747 3644 respondere
778 3583 1097 3649 redigendum
1119 3587 1173 3634 iu
1199 3603 1330 3636 com·

304 3676 451 3709 mune
474 3660 715 3725 quidquid
740 3663 948 3711 Roscius
976 3667 1207 3730 exegerit.
1242 3667 1329 3715 Ce-

308 3752 463 3788 terum
488 3757 550 3790 ex
575 3739 666 3789 hac
701 3752 803 3789 tota
829 3742 1158 3806 disputstioue
1180 3761 1323 3811 appt-

305 3829 403 3877 ret,
439 3820 522 3880 jus
555 3819 706 3879 illud,
749 3820 886 3885 quod
935 3833 1102 3886 postes
1142 3836 1328 3873 certum

307 3899 400 3946 fuit
415 3931 430 3956 ,
460 3898 665 3948 relatum
711 3901 896 3965 quippe
944 3901 998 3948 iu
1042 3901 1328 3961 Psndectas,

306 3976 543 4026 Tullisuis
603 3978 909 4043 temporibus
960 3991 1327 4029 controversum

306 4056 470 4105 fuisse.
486 4062 732 4107 Incertum
750 4071 868 4108 tuuc
893 4070 999 4109 erat
1019 4059 1240 4117 omuino,
1264 4077 1326 4108 au

307 4136 469 4185 socius
493 4138 545 4186 in
565 4139 756 4200 judicio
780 4151 945 4205 petere
975 4137 1189 4188 solidum
1213 4155 1326 4203 pos-

1411 2085 1485 2123 set
1508 2088 1522 2123 :
1564 2073 1701 2139 quod
1733 2074 1787 2123 ni
1817 2073 1980 2132 fuerit,
2005 2076 2173 2124 Roscii
2208 2078 2439 2142 coguitor

1410 2155 1620 2202 Fannius
1651 2168 1754 2201 uon
1785 2165 1910 2202 esset
1954 2155 2128 2204 sactus.
2158 2156 2439 2206 Solutioues

1325 2269 1331 2279 .
1409 2234 1855 2297 transactionesque
1877 2243 2015 2281 extra
2038 2234 2281 2294 judicium
2299 2237 2441 2284 facta

1410 2310 1474 2360 ad
1497 2327 1721 2360 unumne
1746 2312 1933 2364 socium
1947 2344 1963 2370 ,
1981 2328 2047 2360 su
2070 2311 2136 2361 sd
2155 2316 2439 2364 societsteus

1411 2410 1607 2442 omnem
1644 2392 1971 2458 pertinerent,
1997 2392 2052 2441 id
2086 2410 2204 2443 vero
2237 2412 2299 2443 ex
2326 2399 2439 2462 ipso

1409 2484 1512 2521 erat
1544 2474 1677 2521 facto
1694 2507 1710 2531 ,
1745 2472 1990 2535 sociisque
2023 2471 2077 2518 iu
2113 2473 2328 2536 gerendo
2358 2493 2440 2524 ne-

1410 2553 1548 2617 gotio
1569 2552 1824 2601 voluntate
1842 2553 2240 2616 cognoscendum
2257 2571 2272 2602 ε
2299 2556 2436 2618 quod

1411 2647 1519 2697 cap.
1539 2647 1598 2679 ω
1622 2632 1806 2697 optime
1823 2631 2016 2680 Tullius
2033 2632 2279 2696 praestitit.
2292 2633 2438 2683 Nunc

1409 2728 1563 2777 porro
1602 2728 1754 2776 quum
1805 2711 2024 2758 Saturius
2068 2712 2301 2759 Roscium
2344 2713 2439 2761 sibi

1411 2792 1506 2841 soli
1522 2792 1771 2856 excepisse
1798 2790 2062 2849 concedat,
2088 2791 2175 2839 sed
2200 2792 2254 2839 id
2282 2793 2335 2840 in
2362 2810 2442 2841 so·

1411 2873 1635 2921 cietstem
1652 2871 1808 2934 redigi
1833 2870 2127 2929 contendat,
2154 2871 2299 2920 alism
2322 2888 2436 2922 ora-

1413 2963 1492 2999 tor
1535 2951 1659 2998 inire
1704 2952 1834 2998 viam
1888 2949 2049 2999 debet.
2098 2951 2255 2999 Sumit
2288 2952 2442 3017 igitur

1409 3039 1748 3094 argumentum
1802 3029 2014 3093 primum
2070 3028 2132 3077 de
2184 3031 2277 3080 hac
2334 3033 2439 3097 ipsa

1412 3109 1755 3167 concessioue3
1784 3107 1962 3156 deiude
1988 3109 2193 3157 alterum
2228 3111 2290 3159 de
2310 3111 2442 3172 judi·

1412 3189 1509 3239 cio.
1537 3188 1775 3236 Fannium
1801 3187 1930 3234 euim
1948 3188 2117 3235 Roscii
2138 3190 2441 3252 cognitorem

1417 3283 1533 3315 cum
1565 3267 1752 3315 Roscio
1785 3267 1956 3330 partiri
1992 3278 2303 3332 oportuerat,
2341 3284 2445 3317 nou

1416 3347 1531 3393 item
1550 3362 1660 3393 eum
1685 3348 1874 3394 Fannio
1893 3347 2152 3405 Roscium,
2174 3349 2259 3410 qui
2281 3350 2450 3411 cogui-

1416 3438 1497 3475 tor
1539 3426 1672 3473 illius
1716 3427 1872 3474 fueret
1909 3442 2194 3490 numquam.
2233 3426 2446 3475 Roscius

1417 3505 1478 3554 de
1516 3521 1579 3554 eo
1620 3505 1757 3568 quod
1795 3522 1884 3570 per
1916 3506 2219 3570 cognitorem
2256 3496 2444 3567 judicio

1415 3588 1649 3650 petierat,
1675 3586 1809 3633 solus
1835 3598 1971 3635 extra
1997 3586 2237 3647 judicium
2252 3621 2267 3645 ‚
2302 3585 2440 3634 nullo

1416 3666 1586 3712 Fannii
1622 3665 1877 3725 mandato,
1909 3665 2110 3715 decidit.
2152 3665 2289 3714 Nihil
2326 3680 2444 3729 ergo

1414 3761 1473 3793 ex
1490 3745 1582 3793 hac
1610 3746 1855 3794 decisione
1884 3746 2071 3793 Fannio
2094 3744 2280 3803 debuit,
2292 3761 2446 3808 quum
2552 3774 2570 3793 0

1415 3840 1506 3873 suo
1531 3824 1732 3874 nomine
1749 3824 1942 3885 judicio
1970 3824 2196 3889 petierit3
2226 3839 2340 3870 uam
2358 3838 2448 3887 per

1415 3920 1468 3952 se
1492 3914 1678 3969 petere,
1697 3921 1753 3953 sc
1775 3920 1865 3968 per
1882 3904 2186 3969 cognitorem
2205 3898 2448 3952 idem'est.

1420 3983 1509 4031 m·
1539 3983 1774 4030 differunt
1811 3999 1901 4047 per
1932 3999 1985 4030 se
2015 3993 2180 4047 petere
2205 3991 2255 4028 et
2285 3980 2452 4045 cogni·

1415 4072 1574 4110 torem
1592 4063 1792 4110 alterius
1810 4061 1919 4110 fieri
1939 4078 1951 4112 :
1981 4078 2129 4127 qusm
2149 4077 2267 4109 vero
2285 4060 2448 4107 differ·

1417 4153 1546 4199 rent,
1573 4144 1676 4205 ipse
1690 4176 1707 4198 ‚
1733 4144 1819 4205 qui
1838 4158 1928 4205 per
1945 4158 1997 4190 se
2017 4141 2240 4205 petient,
2273 4138 2444 4189 simul,
