3044 4788
879 347 908 394 s

587 427 718 502 158
873 397 878 406 '
1221 424 1317 489 Μ.
1369 421 1446 487 Τ.
1480 417 2062 487 CICERONIS

575 556 848 624 crimen
873 561 1000 617 aut
1018 543 1280 639 objice,
1305 540 1431 611 ubi
1458 540 1624 609 licet
1644 561 1855 634 agere
1874 563 1893 623 ;
1915 550 2042 605 aut
2058 537 2294 631 jacere
2315 531 2345 576 ⁵
2369 535 2553 622 noli,
2577 535 2705 606 ubi

575 686 727 732 non
761 669 1069 756 oportet.
1103 653 1410 722 Tametsi
1440 650 1590 744 jam
1632 646 1774 717 hoc
1811 661 1941 716 tuo
1978 648 2390 716 testimonio
2431 649 2706 716 crimen

575 770 942 840 sublatum
984 776 1111 833 est.
1159 766 1339 832 Nam
1363 813 1382 846 ‚
1426 782 1575 854 quo
1617 772 1700 826 tu
1733 771 2060 853 tempore
2099 754 2214 824 illa
2246 753 2555 825 formula
2600 759 2705 826 uti

574 879 904 962 noluisti,
956 873 1136 944 nihil
1174 871 1373 941 hunc
1402 873 1476 938 in
1525 870 1942 938 societatem
1986 863 2253 935 fraudis
2298 863 2547 936 fecisse
2595 890 2709 936 os·

575 989 890 1063 tendisti.
916 986 1110 1056 Fecit
1131 974 1601 1079 pactionemss.
1625 981 1815 1048 Num
1846 975 2123 1047 tabulas
2143 973 2488 1062 habet‚an
2508 975 2707 1052 non?

576 1107 645 1172 Si
674 1125 823 1170 non
857 1094 1100 1179 habet,
1131 1086 1751 1187 quemadmodum
1776 1088 2014 1183 pactio
2044 1086 2191 1155 est?
2213 1087 2268 1154 si
2301 1083 2556 1172 habet,
2579 1109 2709 1156 cur

577 1237 729 1282 non
760 1202 1324 1279 nominas⁷PDic
1348 1222 1548 1268 nunc
1573 1199 1917 1268 Roscium
1945 1195 2073 1265 abs
2100 1208 2170 1264 te
2197 1198 2484 1291 petisse,
2511 1210 2595 1265 ut
2616 1193 2711 1264 fa-

576 1323 925 1392 miliarem
960 1338 1173 1384 suum
1204 1303 1520 1381 sumeres
1552 1306 1905 1378 arbitrum
1934 1333 1949 1374 z
1982 1328 2131 1375 non
2153 1308 2380 1402 petiit.
2412 1310 2546 1376 Dic
2578 1328 2706 1401 pa-

580 1436 894 1505 ctionem
919 1411 1195 1507 fecisse,
1220 1435 1301 1489 ut
1319 1418 1812 1489 absolveretur
1831 1410 1861 1459 3
1886 1441 1900 1483 :
1935 1440 2084 1485 non
2110 1418 2405 1512 pepigit.
2428 1419 2708 1505 Quaere,

582 1567 805 1641 quare
842 1542 934 1609 sit
976 1530 1406 1605 absolutus?
1448 1526 1653 1625 quod
1685 1541 1838 1596 erat
1876 1548 2156 1595 summa
2188 1528 2603 1595 innocentia
2638 1541 2712 1596 et

579 1658 1005 1753 integritate.
1035 1646 1232 1738 Quid
1262 1646 1456 1715 enim
1485 1640 1754 1712 factum
1785 1639 1932 1709 est?
1957 1642 2219 1709 venisti
2260 1639 2563 1709 domum
2600 1640 2710 1710 ul-

579 1783 691 1838 tro
729 1765 1000 1849 Roscii3
1028 1754 1425 1829 satisfecisti
1447 1764 1505 1839 9,
1538 1749 1741 1848 quod
1772 1764 2041 1820 temere
2076 1754 2585 1837 commisisses;
2635 1755 2709 1820 in

574 1876 932 1974 judicium
977 1883 1059 1940 ut
1085 1867 1556 1937 denuntiaret
1582 1864 1845 1957 rogasti
1869 1915 1889 1946 ,
1919 1873 2001 1929 ut
2034 1862 2437 1954 ignosceret
2460 1887 2478 1945 ;
2509 1875 2577 1930 te
2613 1859 2712 1930 af-

581 1986 909 2057 futurum
941 1979 1255 2073 negasti;
1289 1973 1554 2044 debere
1592 1971 1723 2041 tibi
1767 1996 1855 2041 ex
1893 1971 2229 2040 societate
2260 1968 2440 2038 nihil
2470 1970 2712 2039 clami-

583 2099 745 2168 tasti
774 2122 788 2164 :
820 2089 1046 2188 judici
1091 2086 1210 2155 hic
1246 2085 1735 2168 denuntiavit3
1777 2079 2154 2150 absolutus
2187 2090 2391 2149 est¹⁰.
2439 2082 2709 2149 Tamen

584 2203 856 2277 fraudis
896 2225 978 2270 ac
1020 2196 1192 2267 furti
1237 2197 1687 2265 mentionem
1740 2189 1972 2261 facere
2003 2190 2268 2260 audes?
2312 2192 2583 2260 Perstat
2633 2193 2709 2260 in

584 2313 1057 2414 impudentia.
1097 2307 1512 2376 Pactionem
1546 2306 1776 2388 enim,
1805 2303 2082 2398 inquit,
2115 2323 2400 2369 mecum
2424 2297 2709 2369 fecerat.

586 2427 896 2500 Idcirco¹
911 2434 931 2466 ¹
955 2419 1290 2491 videlicet
1309 2440 1400 2485 ne
1424 2412 2058 2484 condemnaretur.
2077 2408 2272 2497 Quid
2292 2423 2443 2479 erat
2462 2432 2712 2496 causae,

661 2639 709 2686 5.
736 2640 924 2685 Iacere.
951 2632 1220 2693 Tamquam
1257 2625 1349 2672 tela
1366 2659 1382 2686 ,
1412 2622 1467 2669 id
1503 2611 1606 2683 est,

581 2718 811 2781 objicere.

658 2799 707 2845 6.
735 2792 870 2844 Fecit
890 2788 1188 2855 pactionem.
1224 2780 1396 2831 Fannii
1423 2779 1570 2828 verba
1594 2795 1607 2825 z
1638 2802 1641 2805 1

581 2873 822 2924 Volebam
836 2906 851 2930 ‚
870 2869 1031 2932 inquit
1046 2904 1060 2929 ,
1085 2866 1219 2912 litem
1247 2859 1500 2926 persequi;
1522 2857 1609 2906 sed

585 2953 795 3001 Roscius
844 2959 1062 2996 metuens
1109 2941 1347 3004 judicium
1363 2974 1378 2997 ‚
1420 2953 1609 2986 mecum

585 3031 845 3098 stipulatus
870 3037 960 3074 est.

662 3129 710 3172 7.
739 3106 995 3156 Nominas.
1027 3100 1221 3150 Profers
1249 3112 1427 3146 nomen
1456 3095 1512 3142 in
1537 3104 1610 3141 ta·

584 3191 715 3239 bulis
738 3188 989 3251 scriptum.

661 3272 710 3318 8.
737 3266 1087 3316 Absolveretur.
1114 3260 1155 3305 1.
1180 3274 1224 3304 e.
1247 3253 1425 3316 judicii
1453 3251 1607 3299 mole-

588 3352 678 3399 stia
713 3347 984 3395 solveretur
1020 3355 1076 3386 ac
1110 3336 1419 3390 liberaretur,
1453 3346 1609 3394 neque

589 3431 720 3477 enim
765 3426 825 3472 ab
860 3422 1044 3471 arbitro
1086 3415 1184 3463 lata
1223 3423 1293 3460 est
1339 3410 1608 3469 sententia,

591 3507 790 3555 remisso
836 3499 1062 3549 videlicet
1111 3503 1159 3541 et
1204 3491 1481 3539 renuntiato
1532 3491 1611 3549 ju-

592 3586 743 3633 dicio.

663 3680 717 3726 9.
748 3661 828 3707 Sic
860 3650 1249 3718 interpungimus
1277 3649 1469 3695 Ernest.
1499 3646 1612 3694 Sch.

593 3755 644 3792 et
665 3746 714 3791 J.
727 3742 793 3789 V.
813 3741 870 3786 L.
892 3732 1104 3795 sequuti.
1136 3756 1207 3764 —
1251 3730 1313 3774 Ue
1347 3725 1615 3789 ignosceret

595 3824 732 3870 abest
745 3820 798 3866 in
815 3810 1189 3863 Schiitz.Totius
1207 3806 1308 3854 loci
1326 3821 1494 3852 sensus
1511 3814 1582 3852 est
1599 3819 1610 3850 :

596 3905 693 3951 Pro
712 3909 822 3956 tua,
851 3897 903 3941 in
929 3907 988 3939 eo
1013 3886 1321 3946 accusando,
1350 3882 1619 3932 temeritate

597 3979 781 4028 Roscio
809 3968 1106 4025 satisfecisti,
1131 3967 1164 4012 i.
1186 3982 1228 4012 e.
1257 3962 1617 4011 excusationem

597 4040 816 4113 attulisti,
830 4048 966 4117 quod
990 4062 1101 4095 eum
1119 4055 1295 4091 temere
1318 4055 1617 4089 accusasses:

600 4151 656 4188 ut
698 4134 820 4184 illud
851 4127 1012 4192 ‘iudici
1057 4121 1350 4190 significaret
1369 4156 1384 4182 ,
1416 4119 1618 4184 rogasti,

1697 2628 1747 2668 et
1784 2618 1928 2666 simul
1966 2627 2025 2665 ut
2058 2617 2150 2666 tibi
2180 2620 2388 2666 Roscius
2417 2586 2717 2683 ignoscerem,

1695 2709 1744 2746 te
1763 2698 1904 2758 injus
1920 2712 2027 2745 non
2045 2708 2301 2745 venturum
2321 2697 2592 2758 affirmasti;
2607 2700 2717 2747 nul·

1699 2773 1751 2825 lo
1788 2792 1890 2825 non
1932 2776 2183 2837 audiente,
2225 2778 2348 2825 nihil
2392 2793 2451 2825 ex
2490 2780 2717 2826 societate

1696 2855 1833 2902 tibia
1856 2856 2041 2903 Roscio
2061 2855 2231 2904 deberi
2254 2856 2605 2921 pronunciasti.
2622 2860 2717 2905 Ro-

1697 2936 1825 2981 scius
1855 2934 2011 2994 judici
2054 2935 2354 2983 denuntiavit
2391 2945 2439 2982 te
2475 2936 2718 2984 actionem

1698 3014 1974 3077 deponere;
1998 3014 2164 3079 itaque
2187 3014 2410 3061 dimissus
2437 3023 2510 3060 est
2544 3025 2592 3061 et
2622 3016 2718 3063 hoc

1692 3092 1882 3151 judicio
1899 3093 2298 3142 liberatum—Fr.
2324 3092 2437 3141 cod.
2459 3093 2604 3141 habet
2626 3117 2651 3137 n
2667 3112 2717 3158 q.

1699 3181 1877 3220 temere
1903 3172 2249 3227 commisisses,
2279 3170 2331 3218 id
2361 3172 2519 3232 judici
2550 3183 2605 3220 ut
2638 3173 2720 3220 de-

1696 3250 1972 3310 nuntiaret,
2007 3249 2187 3313 rogasti
2228 3260 2284 3297 ut
2319 3249 2625 3312 ignosceret:
2671 3260 2719 3298 te

1695 3331 1986 3387 affuturum,
2025 3341 2119 3377 etc.
2137 3330 2316 3377 Censet
2338 3332 2558 3377 Graevius
2574 3328 2720 3376 semel

1697 3409 1933 3458 excidisse
1955 3409 2166 3473 rogasti,
2204 3420 2253 3455 et
2279 3407 2351 3454 sic
2384 3408 2504 3471 legit
2536 3409 2626 3455 -id
2643 3410 2721 3467 ju-

1700 3489 1797 3537 dici
1825 3499 1880 3535 ut
1905 3488 2216 3535 denuntiaret
2234 3489 2440 3550 rogasti;
2468 3489 2646 3551 rogasti
2663 3496 2719 3533 ut

1699 3569 2012 3631 ignosceret»
2029 3602 2043 3627 ,
2078 3567 2165 3630 qui
2192 3583 2359 3614 sensus
2386 3566 2522 3614 nullo
2552 3566 2720 3613 addito

1699 3647 1850 3694 verbo
1878 3645 1994 3693 satis
2020 3645 2326 3710 intelligitur.

1778 3741 1858 3773 10.
1879 3725 2141 3772 Absolutus
2165 3736 2249 3773 est.
2274 3723 2472 3774 Judicio
2492 3722 2721 3770 liberatus

1705 3816 1775 3853 est
1792 3840 1808 3866 ‚
1834 3815 1890 3851 ut
1913 3821 2074 3868 supra.
2512 3818 2521 3825 ·

1781 3900 1862 3932 ιι.
1896 3885 2115 3951 Jddmo.
2159 3882 2409 3933 Ciceronis
2449 3883 2632 3941 ironia,
2669 3893 2724 3929 nt

1708 3964 2024 4012 Hotomanno
2044 3963 2232 4027 placet3
2262 3964 2429 4009 Fannii
2455 3978 2613 4010 sermo
2630 3997 2645 4023 ,
2672 3973 2727 4009 ut

1709 4053 1849 4107 putat
1876 4044 2132 4093 Ferratius.
2161 4043 2381 4090 Priorem
2410 4060 2603 4092 sensum
2631 4058 2730 4090 ma-

1707 4121 1807 4170 lim.
