3044 4788
702 388 838 455 DE
884 386 1322 455 JUDICIIS
1374 386 1868 454 PUBLICIS.
2203 386 2337 479 595

203 508 536 591 ‘judicium
580 506 836 592 capitis,
873 520 985 567 aut
1016 505 1460 591 pecuniarium
1503 504 1747 584 facere3
1791 505 1856 566 in
1896 505 1996 568 his
2038 507 2343 570 omnibus

237 616 326 677 lex
354 613 515 676 Iulia
548 612 801 675 vetabat
828 632 911 673 ne
939 611 1082 697 quis
1106 612 1447 699 pecuniam
1481 610 1815 698 acciperet.

318 719 553 782 Praeter
588 739 805 804 poenas
849 715 1094 802 legibus
1136 715 1577 803 superioribus
1613 715 1961 802 irrogatas,
2001 715 2163 779 Julia
2209 718 2347 806 lege

234 823 611 899 damnatus,
661 820 1104 884 testimonium
1161 820 1416 906 publice
1458 819 1710 902 dicere,
1769 836 1882 883 aut
1922 819 2119 899 judex
2173 845 2350 905 esse,

236 930 635 1016 postulareve
677 925 1077 1014 prohibetur.
1132 925 1399 989 Addidit
1456 929 1664 989 Caesar
1716 942 1791 988 nt
1843 926 2349 1014 repetundarum

235 1034 506 1097 convicti
551 1033 742 1097 etiam
776 1030 1005 1094 ordine
1036 1032 1357 1093 senatorio
1391 1047 1837 1113 moverentur3
1869 1050 1937 1094 et
1968 1049 2042 1095 ut
2073 1056 2156 1096 ne
2180 1033 2353 1113 judi-

236 1162 404 1219 care,
437 1160 598 1201 neve
631 1136 1075 1199 testimonium
1113 1134 1325 1198 dicere
1353 1135 1576 1199 liceret
1611 1138 1698 1215 ei,
1732 1138 1846 1223 qui
1877 1137 1967 1200 ob
2002 1138 2355 1227 turpitudi-

237 1267 385 1308 nem
418 1258 645 1306 senatu
683 1257 935 1319 motus,
969 1262 1090 1304 nec
1115 1241 1449 1304 restitutus
1483 1257 1667 1305 esset.
1704 1241 1910 1305 Poenae
1940 1242 2061 1307 illae
2092 1245 2357 1308 fuerunt

236 1346 611 1425 ordinariae3
646 1342 759 1408 sed
807 1344 1060 1432 gravius
1102 1366 1603 1432 nonnumquam
1650 1361 1713 1408 et
1752 1345 2137 1434 plerumque
2182 1365 2357 1413 extra

238 1451 529 1516 ordinem
562 1452 626 1513 in
654 1450 720 1514 id
753 1451 992 1514 crimen
1013 1500 1030 1532 ,
1055 1473 1175 1538 pro
1198 1449 1408 1514 delicti
1438 1450 1637 1515 modo
1656 1499 1675 1531 ,
1697 1451 2217 1518 animadversum
2240 1472 2357 1517 est.

238 1559 472 1646 Legem
499 1556 732 1620 Iuliam
761 1554 842 1618 de
860 1555 1232 1643 repetundis
1249 1557 1502 1620 Tullius
1520 1556 1589 1618 in
1613 1557 1824 1619 Vatin.
1854 1580 1994 1644 cap.
2022 1579 2135 1643 29,
2155 1582 2363 1622 «acer-

240 1663 507 1726 rimam»
531 1676 762 1741 vocat3
804 1676 998 1745 atque
1031 1658 1231 1723 multa
1276 1661 1343 1723 in
1390 1683 1463 1723 ea
1495 1661 1777 1723 severius
1809 1661 2039 1748 scripta
2075 1684 2213 1724 esse
2247 1664 2362 1743 ait,

239 1790 312 1830 ac
350 1766 632 1830 sanctius
655 1813 675 1847 ,
724 1787 920 1852 quam
958 1767 1023 1827 in
1064 1766 1345 1852 antiquis
1379 1766 1663 1854 legibus,
1714 1788 1834 1852 pro
1879 1769 1950 1829 C.
1992 1767 2150 1831 Rab.
2186 1768 2361 1830 Post.

239 1895 375 1959 cap.
406 1871 465 1936 8.

329 1977 555 2058 Quum
607 1976 714 2039 hic
759 1974 841 2038 de
866 1975 1066 2038 Verre
1100 1976 1297 2038 fuerit
1344 1975 1720 2060 quaesitum,
1767 1975 1976 2039 multo
2018 1978 2256 2040 certius
2286 1978 2366 2040 de

242 2080 367 2147 litis
398 2081 646 2145 ratione
674 2096 926 2144 constat
952 2102 967 2142 ε
993 2077 1151 2142 illud
1183 2079 1467 2166 primum
1502 2080 1822 2168 singulare
1846 2082 2162 2162 occurrit,
2189 2084 2369 2169 quod

238 2200 581 2273 postquam
636 2201 971 2249 accusator
1013 2200 1389 2272 argumenta
1433 2207 1509 2246 ac
1550 2199 1742 2248 testes
1788 2184 2218 2271 produxerat,
2266 2210 2366 2251 re·

242 2290 721 2378 sponderatque
781 2312 929 2353 reus
955 2336 973 2368 ,
1027 2291 1251 2352 tertius
1307 2304 1561 2352 tantum
1629 2306 1765 2353 erat
1830 2290 2133 2354 definitus
2198 2291 2368 2372 dies,

243 2420 376 2483 quo
421 2397 807 2461 sententiam
850 2398 1095 2460 ferrent
1134 2393 1404 2476 judices.
1439 2398 1721 2482 Apparet
1758 2394 1949 2458 etiam
1995 2394 2130 2461 duo
2167 2399 2368 2462 fuisse

237 2500 515 2582 judicia,
557 2521 838 2587 quorum
879 2500 1113 2586 priori,
1164 2498 1456 2561 damnari
1501 2514 1755 2584 poterat
1799 2521 1981 2579 reus;
2025 2504 2367 2587 posteriori

244 2605 325 2668 de
362 2605 488 2668 litis
525 2603 945 2666 aestimatione
981 2601 1401 2666 statuebatur.
1430 2605 1787 2664 Accusator
1817 2604 2007 2666 etiam
2037 2604 2118 2667 de
2152 2622 2368 2691 postu·
2388 2633 2411 2652 ·»

247 2712 365 2775 lata
409 2709 565 2773 olim
609 2729 862 2771 summa
900 2704 1239 2772 demittere
1268 2722 1553 2793 poterat,
1590 2723 1665 2770 ut
1697 2707 1926 2773 Cicero
1958 2711 2104 2796 qui,
2147 2728 2366 2775 antea·
2446 2713 2449 2714 ⁷

244 2839 440 2903 quam
490 2816 557 2878 in
606 2813 882 2877 Siciliam
930 2828 1096 2876 esset
1148 2815 1509 2900 protectus,
1558 2814 1624 2875 in
1677 2814 1874 2901 priori
1923 2838 2038 2879 sua
2075 2819 2367 2881 oratione

244 2922 386 2984 H·S
412 2921 639 2984 millies
671 2917 1089 3004 (20,500,ooo
1104 2917 1208 3002 fr.)
1229 2917 1589 3004 repetierat,
1610 2918 1674 2981 in
1701 2920 1926 2982 ceteris
1938 2921 2153 2984 Verris
2176 2922 2367 3005 furta,

244 3025 510 3090 immani
564 3023 1029 3110 discrepantia,
1077 3021 1158 3085 ad
1188 3021 1191 3025 “
1219 3023 1351 3086 H-S
1404 3021 1927 3112 quadringenties
1983 3024 2368 3113 (8,200,ooo

244 3132 351 3220 fr.)
385 3129 746 3207 reduxerit,
797 3151 924 3215 qua
968 3150 1220 3192 summa
1250 3130 1515 3191 Verrem
1549 3128 1798 3207 judices
1834 3131 2202 3197 multavere.
2235 3135 2369 3196 Hac

245 3259 400 3326 ergo
449 3237 665 3324 legum
711 3233 1110 3297 humanitate
1156 3254 1313 3296 usus
1349 3233 1582 3296 Verres
1627 3234 1843 3319 potuit
1888 3236 2078 3297 etiam
2100 3281 2107 3288 ,
2129 3236 2369 3300 deliciis

246 3342 427 3405 exsul
468 3339 835 3428 indulgere,
870 3339 1078 3402 donec
1118 3360 1268 3401 eum
1310 3339 1668 3416 Antonius,
1720 3360 1852 3400 non
1890 3340 2109 3403 minus
2137 3341 2367 3403 Corin-

247 3448 530 3512 thiorum
555 3493 574 3527 ,
626 3468 701 3509 ac
744 3446 1040 3532 pretiosae
1089 3445 1405 3531 cujusque
1454 3444 1546 3507 rei
1595 3444 1921 3525 curiosus„
1972 3446 2265 3533 quoedam
2311 3448 2371 3509 ei

246 3568 650 3615 recusantem
685 3550 1154 3638 proscriptione
1187 3548 1555 3611 involutum
1589 3548 1997 3612 interfecerit.

336 3658 646 3719 Ceterum
674 3652 966 3741 quamris
993 3653 1343 3742 peculiares
1373 3675 1504 3716 suae
1530 3652 1868 3739 quaestioni
1895 3637 2133 3751 cuique
2157 3672 2369 3746 partes

248 3778 466 3825 essent
494 3759 853 3838 attributae,
893 3775 959 3823 et
1004 3760 1142 3847 ipse
1188 3773 1445 3822 senatus
1491 3759 1840 3845 quotannis
1890 3780 1993 3823 eas
2036 3759 2369 3841 definiret,

251 3867 491 3929 mirum
524 3881 741 3928 tamen
775 3885 969 3950 quam
1000 3864 1182 3929 {heile
1217 3865 1339 3928 illae
1365 3863 1783 3927 interturbari
1811 3883 2094 3951 possent.
2121 3867 2370 3954 Nempe

252 3970 501 4033 Vatinia
534 3969 673 4057 lege
705 3990 879 4031 anno
909 3967 1039 4053 694
1075 3990 1191 4032 reo
1222 3968 1416 4050 illud,
1459 3988 1594 4054 quo
1631 3968 1715 4029 ab'
1754 3984 1971 4034 actore
2001 3972 2372 4050 vocabatur,

253 4074 537 4141 tribunal
570 4095 863 4137 recusare
895 4090 959 4137 et
990 4073 1163 4138 aliud
1195 4073 1316 4137 sibi
1349 4075 1585 4160 eligere
1618 4073 1866 4140 licebat.
1914 4077 2144 4162 ltaque
2185 4097 2373 4139 eausa

2016 4181 2127 4252 38.
