3044 4788
628 405 886 500 xxxviij
1424 407 1940 475 PRAEFATIO

625 530 1076 602 miseratione
1119 542 1518 615 moveatur,
1552 553 1805 600 omnes
1843 543 2084 600 motus
2119 534 2378 604 excitat
2413 550 2537 605 aut
2569 535 2755 609 indi-

623 641 1024 739 gnationis,
1064 653 1188 708 aut
1233 636 1755 710 misericordiae.
1797 642 1883 709 In
1926 642 2081 734 'quo
2113 642 2170 711 si
2214 644 2560 740 tantisper
2611 647 2750 715 im-

624 765 982 835 moratur,
1026 752 1188 844 quis
1216 761 1353 834 est,
1392 749 1558 844 qui,
1602 747 1799 844 quod
1833 773 2131 819 summae
2169 752 2341 821 artis
2383 768 2531 841 est,
2576 756 2751 828 velit

619 857 1197 959 reprehendere?
1245 857 1466 947 Quod
1508 873 1751 928 autem
1799 858 2174 931 contendit
2214 865 2407 959 Aper
2455 866 2748 935 Cicero-

620 994 786 1042 nem
816 1000 850 1035 «
872 968 1067 1040 tarde
1102 968 1777 1071 commoveri,.raro
1803 969 2229 1040 incalescere
2257 1000 2291 1036 n
2324 999 2339 1039 :
2396 987 2521 1041 aut
2557 973 2749 1044 dicat

617 1083 859 1154 omnia
895 1083 971 1152 in
1013 1083 1373 1165 oratione,
1411 1077 1528 1148 vel
1564 1079 1751 1174 ipsas
1798 1079 2011 1149 etiam
2047 1082 2533 1167 narrationeS,
2585 1089 2746 1179 qui-

614 1193 755 1264 bus
793 1190 971 1260 nihil
1016 1203 1256 1287 potest
1290 1212 1442 1260 esse
1485 1186 1836 1275 sedatius,
1871 1187 2288 1259 vehementi
2319 1193 2634 1289 impetu,
2672 1210 2748 1264 et

617 1303 938 1372 maximis
974 1297 1406 1371 clamoribus
1446 1323 1599 1371 esse
1635 1297 2120 1395 peragendas;
2165 1316 2289 1370 aut
2318 1303 2747 1375 Ciceronem

614 1411 918 1483 fateatur
953 1434 1058 1496 ea,
1087 1434 1232 1507 qua
1270 1409 1499 1494 decet,
1526 1409 1947 1479 incitatione
1990 1407 2162 1480 ferri
2191 1437 2206 1479 ε
2240 1410 2387 1481 imo
2425 1436 2612 1509 saepe
2641 1415 2746 1486 sic

612 1521 831 1615 hujus
867 1521 1150 1590 evolare
1187 1522 1629 1604 orationem,
1677 1532 1761 1588 ut
1801 1520 1948 1588 vim
1985 1534 2059 1589 et
2108 1522 2460 1617 impetum
2502 1522 2745 1622 adspi-

611 1632 790 1714 cias,
827 1630 1122 1724 vestigia
1153 1629 1704 1724 ingressumque
1730 1653 1883 1697 non
1916 1626 2177 1701 videas.

705 1740 1023 1838 Exposui
1080 1762 1259 1835 quas
1314 1735 1537 1808 subiit
1590 1736 1764 1807 olim
1827 1740 2080 1808 Cicero
2134 1740 2741 1837 vituperationes;

607 1850 877 1949 quibus
916 1850 1034 1920 alii
1059 1860 1078 1891 ¹
1117 1848 1265 1942 jam
1298 1858 1509 1919 antea
1545 1847 2104 1945 responderunt.
2134 1855 2223 1919 Et
2258 1875 2299 1919 a
2334 1874 2451 1920 me
2481 1850 2600 1922 hic
2642 1855 2746 1923 ita'

608 1983 1034 2057 responsum
1071 1971 1287 2053 put0,
1335 1971 1417 2027 ut
1461 1958 1591 2053 qui
1636 1959 1702 2027 ei
1742 1974 2220 2055 opponuntur
2255 1958 2740 2057 reprehenso·-

605 2095 752 2155 reS,
806 2071 943 2166 ipsi
980 2069 1170 2161 justa
1223 2066 1788 2163 reprehensione
1829 2083 1956 2138 aut
2001 2068 2314 2155 invidiae,
2361 2085 2487 2139 aut
2529 2072 2737 2165 igno-

604 2179 887 2263 rantiae,
923 2193 1049 2246 aut
1080 2175 1588 2274 imprudentia.-
1613 2201 1854 2248 carere
1893 2202 2043 2247 non
2082 2202 2292 2274 posse
2328 2178 2735 2250 videantur.

602 2286 792 2361 Illud
813 2302 1052 2358 autem
1071 2288 1375 2357 censorii
1403 2286 1565 2382 styli
1585 2295 2009 2358 mucronem
2032 2288 2234 2358 illum
2253 2288 2738 2384 pulcherrime

595 2398 953 2492 retundit,
988 2394 1189 2494 quod
1230 2422 1443 2468 nemo
1488 2396 1638 2469 fere
1684 2423 2030 2493 umquam
2068 2397 2318 2490 fuerit,
2355 2403 2533 2496 quin
2564 2406 2739 2473 scri-

604 2524 727 2605 pta
759 2511 1114 2578 Ciceronis
1150 2507 1517 2591 habuerit,
1547 2510 1727 2603 quin
1761 2508 2049 2605 legerit,
2082 2512 2255 2604 quin
2292 2513 2735 2607 suspexerit,

603 2643 806 2716 paene
839 2619 1105 2705 dicam,
1139 2631 1519 2686 veneratus
1564 2615 1818 2703 fuerit,
1847 2632 1929 2688 ut
1967 2618 2418 2715 exemplum,
2451 2623 2557 2702 sin
2594 2624 2735 2690 mi-

602 2754 738 2799 nus
784 2726 1311 2825 perfectissimoe
1355 2726 1656 2796 omnino
1682 2780 1700 2808 ‚
1742 2741 1960 2821 atque
2013 2729 2334 2796 numeris
2387 2727 2734 2802 omnibus

603 2838 984 2923 absolutae,
1040 2850 1110 2906 at
1169 2860 1339 2905 sane
1387 2836 1577 2905 illius
1629 2861 1788 2932 quae
1837 2837 2078 2908 minus
2135 2861 2173 2905 a
2220 2834 2734 2933 perfectissima

599 2946 927 3028 recedat,
982 2944 1441 3040 eloquentiae.
1491 2949 1581 3015 In
1625 2970 1707 3015 ea
1751 2945 2087 3015 nonnihil
2127 2944 2344 3016 fuisse
2387 2950 2731 3020 vitiorum

603 3059 798 3129 docti
847 3054 1385 3151 judicaverunt,
1428 3070 1501 3125 et
1554 3056 1706 3152 ipse
1747 3056 2000 3143 etiam,
2053 3055 2374 3152 alioquin
2427 3058 2733 3130 minime

599 3171 710 3238 sui
747 3179 1244 3262 contemptor,
1289 3163 1661 3236 confessus
1700 3180 1827 3236 est.
1865 3170 2137 3237 Verum
2177 3167 2252 3235 in
2292 3166 2404 3236 his
2453 3183 2731 3261 quanta

600 3305 763 3377 pars
799 3277 980 3350 erit?
1027 3275 1136 3346 Ad
1170 3275 1400 3372 legem
1428 3277 1743 3346 veritatis
1786 3275 1987 3372 loqui
2028 3278 2086 3345 si
2122 3269 2328 3360 veliS,
2360 3277 2730 3350 Ciceronis

599 3391 768 3459 vitia
800 3401 1169 3484 quotquot
1199 3400 1369 3457 sunt
1406 3389 1482 3454 in
1519 3409 1751 3455 unum
1788 3390 1847 3454 si
1885 3384 2388 3473 conferantur,
2414 3387 2534 3458 vix
2563 3387 2725 3458 mil·

598 3497 914 3567 lesimam
980 3495 1136 3588 ejus
1197 3498 1542 3562 virtutem
1606 3494 2066 3590 adaequatura
2142 3519 2296 3565 esse
2364 3495 2721 3568 fateberis.

599 3610 809 3675 Hunc
847 3605 1065 3699 igitur
1090 3626 1410 3673 amemus
1438 3629 1463 3671 ε·
1492 3602 1691 3673 hunc
1714 3619 2125 3701 spectemus
2157 3632 2173 3674 t
2213 3604 2357 3676 hoc
2394 3606 2722 3703 proposi-

598 3729 754 3782 tum
807 3710 1016 3782 nobis
1070 3712 1160 3781 sit
1214 3713 1623 3807 exemplum
1664 3739 1680 3781 ε
1723 3739 1873 3783 non
1936 3737 2020 3784 ea
2078 3730 2322 3787 tamen
2376 3715 2722 3810 religione

598 3823 868 3911 dicam,
922 3846 1014 3892 an
1067 3823 1610 3920 superstitione,
1654 3847 1815 3919 quae
1860 3821 2088 3896 altero
2133 3826 2227 3898 ab
2273 3823 2414 3895 hoc
2460 3825 2721 3898 saeculo

676 4086 717 4116 x.
761 4039 1043 4116 Ciceronem
1083 4081 1111 4112 ι
1152 4064 1408 4114 calumniis
1450 4065 1715 4115 vindicavit
1760 4068 1992 4132 peculiari
2043 4068 2209 4116 libello
2261 4067 2419 4116 Andr.
2468 4066 2719 4119 schottus.

553 4197 557 4202 .
595 4162 782 4221 Aprum
810 4153 1033 4204 refutavit
1052 4155 1345 4217 Anonymus
1364 4155 1418 4202 in
1442 4155 1652 4204 Memor.
1671 4155 2017 4204 Trivult.anni
2044 4158 2194 4218 1718,
2223 4157 2374 4205 Mart.
2405 4171 2517 4220 pag.
2544 4157 2666 4206 552.
