3044 4788
677 395 817 468 506
1318 397 1415 463 M.
1462 394 1539 459 Τ.
1594 396 2149 466 CICERONIS

676 518 900 589 multa
945 529 1150 589 erant
1194 513 1722 611 ejusdemmodi
1770 517 2082 588 nomina.
2127 520 2376 607 Quum
2421 518 2816 590 manifesta

672 624 847 713 res⁶‚
867 642 1023 698 tum
1042 623 1387 723 flagitiosa
1416 623 1821 697 tabularum
1846 641 2061 724 atque
2092 629 2388 724 insignis
2417 629 2816 726 turpitudo

676 753 1082 823 teneretur;
1105 759 1425 833 quaerere
1454 735 1854 833 incepimus
1881 736 1973 808 de
1995 738 2402 835 Carpinatio
2417 790 2438 824 ,
2461 740 2810 834 quisnam

670 865 856 923 esset
909 854 970 921 is
1000 848 1418 932 Venutius,
1474 850 1771 942 quicum
1813 862 2023 921 tantae
2072 849 2393 945 pecuniae
2434 849 2810 919 rationem

674 961 995 1033 haberet.
1033 963 1317 1028 Haerere
1356 956 1622 1042 homo,
1680 959 1976 1059 versari,
2028 957 2312 1030 rubere.
2373 959 2599 1048 Quod
2647 959 2808 1056 lege

671 1072 1128 1166 excipiuntur
1151 1065 1413 1138 tabuloe
1440 1066 2029 1164 publicanorum,
2046 1093 2197 1164 quo
2224 1073 2467 1139 minus
2492 1074 2804 1141 Romam

671 1180 1180 1277 deportentur3
1214 1192 1298 1248 ut
1324 1202 1437 1249 res
1463 1201 1682 1274 quam
1708 1180 2013 1250 maxime
2039 1178 2224 1251 clara
2247 1194 2617 1250 aertestata
2642 1204 2805 1250 ωδε

669 1304 942 1387 posset,
973 1290 1045 1357 in
1070 1287 1188 1381 jus
1214 1287 1303 1357 ad
1329 1286 1703 1358 Metellum
1730 1290 2221 1386 Carpinatium
2248 1313 2456 1371 voco,
2492 1286 2801 1358 tabulas·

671 1424 815 1497 que
841 1400 1196 1470 societatis
1221 1402 1297 1468 in
1322 1395 1559 1469 forum
1587 1395 1853 1469 defero.
1887 1402 1998 1468 Fit
2027 1400 2375 1468 maximus
2401 1421 2798 1467 concursus

673 1511 1099 1597 hominum;
1146 1523 1250 1595 et,
1312 1506 1517 1605 quod
1569 1522 1722 1577 erat
1779 1509 2169 1607 Carpinatii
2212 1522 2383 1581 nota
2429 1532 2600 1579 cum
2664 1513 2799 1577 isto

673 1634 977 1717 praetore
1024 1619 1324 1689 societas
1359 1641 1441 1689 ac
1489 1614 1906 1706 foeneratio,
1959 1642 2239 1691 summe
2286 1617 2800 1715 exspectabant

670 1755 965 1815 omnes,
1002 1727 1352 1826 quidnam
1391 1728 1466 1797 in
1510 1725 1773 1798 tabulis
1809 1730 2326 1800 contineretur.

728 1836 745 1851 '
769 1843 1114 1911 LXXVII.
1150 1842 1330 1908 Rem
1357 1836 1446 1907 ad
1472 1837 1845 1909 Metellum
1875 1836 2160 1921 defero,
2195 1863 2308 1909 me
2338 1835 2614 1909 tabulas
2639 1861 2799 1934 per·

674 1953 985 2048 spexisse
1031 1949 1432 2035 sociorum,
1487 1952 1563 2017 in
1617 1947 1730 2019 his
1767 1946 2027 2020 tabulis
2065 1973 2395 2045 magnam
2440 1949 2792 2018 rationem

669 2065 746 2133 C.
792 2059 1108 2130 Verrutii
1165 2058 1541 2154 permultis
1603 2058 2017 2130 nominibus
2076 2082 2268 2145 esse,
2333 2083 2595 2154 meque
2659 2057 2797 2126 hoc

670 2171 1075 2267 perspicere
1111 2189 1199 2235 ex
1235 2166 1617 2237 consulum
1658 2172 2161 2264 mensiumque
2189 2179 2207 2211 ¹
2243 2172 2559 2253 ratione,
2601 2166 2795 2236 hunc

673 2277 1089 2347 Verrutium
1147 2299 1384 2371 neque
1442 2290 1608 2346 ante
1663 2276 2052 2348 adventum
2102 2282 2179 2347 C.
2224 2280 2496 2359 Verris,
2555 2301 2795 2373 neque

671 2401 839 2485 post
883 2385 1374 2459 decessionem
1415 2385 1810 2484 quidquam
1844 2413 2008 2460 cum
2050 2388 2464 2485 Carpinatio
2503 2388 2798 2459 rationis

676 2498 1028 2571 habuisse.
1075 2495 1404 2580 Postu10,
1435 2496 1612 2567 mihi
1652 2497 2123 2594 respondeat,
2163 2499 2290 2593 qui
2326 2500 2414 2568 sit
2449 2499 2586 2569 iste
2619 2501 2796 2567 Ver-

676 2612 948 2692 rutius;
1004 2618 1429 2693 mercator2,
1481 2631 1571 2678 an
1620 2608 2045 2704 negotiator,
2090 2632 2182 2678 an
2230 2622 2492 2693 arator,
2538 2630 2629 2677 an
2675 2632 2794 2703 pe·

677 2716 1039 2803 cuarius³;
1079 2723 1154 2787 in
1184 2716 1421 2788 Sicilia
1449 2717 1564 2803 sit,
1602 2741 1691 2787 an
1714 2717 1864 2810 jam
1887 2717 2291 2789 decesserit.
2307 2717 2640 2788 Clamare
2662 2740 2798 2786 om·

675 2856 806 2903 nes
834 2854 921 2900 ex
947 2841 1309 2898 conventu
1332 2882 1350 2915 ,
1386 2829 1746 2898 neminem
1783 2851 2128 2924 umquam
2164 2831 2237 2897 in
2272 2827 2542 2898 Sicilia⁴
2581 2826 2795 2898 fuisse

672 2938 1112 3014 Verrutium.
1169 2942 1321 3036 Ego
1378 2937 1675 3020 instare,
1717 2951 1797 3006 ut
1848 2937 2023 3007 mihi
2068 2935 2578 3035 responderet,
2631 2939 2797 3035 quis

673 3064 898 3137 esset,
935 3046 1062 3119 ubi
1100 3061 1329 3131 esset,
1384 3047 1576 3118 unde
1614 3062 1799 3118 esset
1832 3075 1849 3116 :
1899 3073 2028 3120 cur
2057 3072 2304 3119 servus
2326 3046 2354 3092 ⁵
2405 3050 2797 3129 societatis,

741 3330 797 3377 6.
836 3320 1101 3386 Manifesta
1146 3336 1239 3366 res.
1264 3318 1527 3382 Wytteub.
1567 3318 1691 3368 Bibl.
1782 3331 1910 3367 tore·
1951 3336 2066 3367 vero
2113 3322 2399 3384 plerumque
2443 3323 2497 3368 in
2536 3322 2790 3385 provincia

670 3411 783 3459 erit.
806 3409 858 3462 1,
879 3420 928 3458 π,
953 3417 1034 3458 n,
1052 3398 1303 3448 emendat:
1324 3418 1349 3438 σι
1370 3396 1617 3443 muifest·
1641 3412 1694 3442 re
1781 3397 2082 3446 domium-uu
2107 3399 2433 3447 collocabunt.

672 3503 771 3538 um
788 3486 869 3532 ss.-
888 3477 1295 3551 Schiitzsecepit.
1315 3475 1460 3523 neck.
1478 3475 1693 3539 particu-
1852 3479 1900 3526 3.
1940 3478 2215 3525 Pecuarius.
2255 3482 2304 3526 1·
2340 3490 2414 3526 est
2452 3479 2538 3542 qui
2584 3490 2794 3542 questus

670 3570 767 3616 lam
794 3576 894 3612 eum
921 3559 1112 3608 uncinis
1143 3555 1355 3605 inclusit.
1388 3553 1611 3614 Daiara.
1642 3565 1692 3602 et
1778 3560 1852 3606 sui
1880 3574 2020 3608 mus·
2048 3573 2225 3622 pascua
2256 3559 2455 3622 publica
2483 3558 2718 3615 redemit,
2743 3559 2791 3610 in

675 3648 1063 3703 Hotom.putnut
1087 3637 1201 3684 loeo
1226 3647 1327 3682 mm
1353 3633 1689 3697 reponendum
1778 3652 1886 3700 quse
1930 3639 2090 3684 mittut
2132 3627 2313 3701 pecori
2354 3650 2405 3686 et
2443 3649 2681 3686 armenta.
2713 3641 2791 3684 Est

673 3738 820 3791 quum
836 3753 849 3774 ,
876 3715 1012 3781 quod
1030 3715 1216 3763 felicius
1231 3712 1441 3761 videtur.
1776 3717 1920 3766 etiem
1958 3715 2333 3783 pub—limnormn
2359 3733 2513 3781 genus
2537 3731 2551 3762 ε
2583 3716 2701 3764 iude
2721 3726 2788 3762 est

746 3795 998 3848 LXXVII.
1034 3810 1081 3843 ι.
1108 3793 1205 3840 Am
1224 3808 1251 3838 e
1270 3791 1419 3840 codd.
1438 3802 1494 3839 ut
1512 3808 1686 3857 supra,
1776 3793 1911 3859 quod
1939 3809 2084 3857 supra
2109 3797 2452 3860 pecuariorum
2479 3795 2705 3843 ordinm
2727 3795 2788 3841 ei·

673 3893 887 3930 mensum
927 3888 1018 3938 pro
1062 3874 1313 3918 mensumn.
1351 3873 1399 3921 J.
1427 3874 1489 3917 V.
1527 3873 1581 3920 L.
1775 3875 1894 3923 tavit
1915 3878 2091 3940 eap.6.

742 3974 791 4006 ι.
814 3957 1157 4008 Memnonem
1179 3960 1338 4013 negent.
1360 3950 1548 4015 Nempe
1567 3965 1690 3997 mer·
1850 3963 1900 4007 4.
1948 3956 2029 4004 Sic
2067 3956 2263 4004 Lullem.
2304 3973 2330 4002 e
2371 3957 2482 4003 cod.
2530 3955 2708 4002 Μυκη.
2739 3963 2784 3996 et

672 4058 858 4096 «atores
894 4040 1056 4089 sedem
1090 4037 1333 4085 habebant
1372 4042 1563 4092 Romae.
1602 4037 1686 4083 ubi
1774 4036 1923 4082 Puris.
1943 4037 2106 4099 Vulgo
2120 4059 2144 4077 ι
2157 4052 2221 4082 ex
2239 4036 2400 4083 Sicilia
2417 4058 2461 4083 -.
2481 4038 2532 4083 J.
2552 4039 2616 4080 V.
2637 4038 2680 4080 1.

670 4136 770 4176 erat
797 4122 1051 4186 collegium
1078 4126 1428 4176 mei-catomum
1473 4115 1686 4178 negotia·
1850 4114 1896 4161 5.
1931 4116 2024 4162 Otr
2049 4130 2222 4164 servus.
2260 4115 2363 4163 Cur
2399 4114 2555 4161 scriba
2592 4114 2668 4164 iue
2701 4126 2790 4175 pu-
