3044 4788
752 415 890 513 590
1371 454 1375 461 -
1541 415 2063 484 APPENDIX

747 556 875 620 tur,
907 538 1252 618 curaverit3
1279 537 1392 623 qui
1423 535 1705 600 tabulam
1738 556 2012 615 aeneam,
2043 535 2214 623 leges
2244 533 2654 623 formamque
2678 559 2843 625 agro-

748 666 929 725 rum,
965 659 1077 706 aut
1104 641 1262 730 quid
1298 640 1473 705 aliud
1501 642 1942 705 continentem
1967 688 1985 719 ,
2018 639 2336 723 refixerit,
2368 640 2467 703 vel
2509 640 2677 726 quid
2715 641 2847 705 inde

746 750 1225 831 immutaverit3
1275 748 1386 835 qui
1431 745 1591 833 quid
1634 747 1701 809 in
1754 745 1985 809 tabulis
2029 746 2305 832 publicis
2352 744 2698 829 deleverit,
2752 766 2849 811 aut

747 855 1113 936 induxerit,
1157 855 1270 940 qui
1302 852 1644 939 pecuniam
1677 851 1999 940 publicam
2032 848 2388 939 delegatum
2425 853 2490 914 in
2525 875 2719 915 usum
2751 855 2849 916 ali·

745 985 941 1048 quem
977 959 1310 1023 retinuerit
1330 1006 1348 1038 ‚
1381 980 1598 1044 neque
1629 959 1699 1021 in
1734 980 1878 1023 eam
1905 979 2042 1021 rem
2074 960 2614 1045 consumpserit».
2650 962 2851 1047 Impe·

745 1084 950 1148 rator,
982 1066 1095 1152 qui
1142 1064 1482 1152 pecuniam
1535 1086 1614 1127 ex
1659 1064 1872 1152 praeda
1925 1080 2175 1152 captam
2217 1085 2412 1150 penes
2459 1087 2530 1127 se
2565 1065 2848 1153 privatim

748 1172 1113 1237 retinuisset
1135 1218 1154 1247 ,
1187 1192 1461 1257 eamque
1496 1192 1618 1233 nec
1647 1171 1716 1232 in
1751 1170 2081 1258 triumpho
2113 1170 2362 1234 tulisset
2385 1219 2403 1249 ,
2456 1193 2574 1235 nec
2602 1171 2673 1234 in
2707 1196 2853 1235 era-

746 1278 913 1339 rium
945 1275 1270 1339 retulisset
1291 1326 1307 1352 ‚
1342 1274 1566 1339 eadem
1598 1275 1738 1365 lege
1770 1276 2106 1363 peculatus
2136 1276 2497 1339 tenebatur.

831 1379 1170 1443 Peculatus
1200 1380 1397 1467 igitur
1421 1401 1610 1466 poena
1642 1380 1920 1471 capitalis
1949 1401 2083 1442 non
2108 1380 2264 1459 fuit,
2292 1401 2412 1441 nec
2440 1401 2475 1442 a
2510 1381 2721 1465 prima
2746 1384 2854 1443 ori-

743 1487 913 1574 gine,
945 1494 1065 1548 ne'c
1098 1485 1422 1572 deinceps,
1443 1508 1648 1572 quum
1682 1486 1750 1547 in
1784 1486 1979 1548 aerarii
2003 1483 2485 1573 depeculatores
2512 1488 2854 1550 constituta

741 1608 871 1673 est3
916 1614 988 1654 ea
1021 1592 1387 1679 pecuniaria
1417 1606 1670 1654 tantum
1705 1592 1858 1672 fuit3
1891 1590 2068 1678 quod
2101 1591 2317 1654 Livius
2351 1613 2621 1678 quoque
2661 1593 2854 1680 signi·

746 1698 894 1761 licat
941 1697 1053 1760 lib.
1097 1696 1486 1769 XXXVIII,
1520 1696 1635 1758 ubi
1674 1696 1976 1760 damnato
2010 1695 2093 1758 de
2122 1696 2423 1782 peculatu
2463 1697 2536 1759 L.
2567 1698 2859 1784 Scipione

747 1802 1019 1867 Asiatico
1036 1851 1053 1882 ,
1097 1801 1377 1865 Africani
1412 1801 1668 1882 majoris
1696 1802 1916 1883 fratre,
1944 1801 2070 1863 litis
2094 1803 2436 1882 aestimatae,
2461 1818 2528 1864 et
2561 1806 2860 1877 carceris,

746 1910 865 1973 nisi
898 1909 1199 1988 solveret,
1229 1908 1474 1970 mentio
1498 1905 1606 1970 fit:
1636 1930 1817 1992 aquae
1841 1929 1994 1970 vero
2016 1924 2081 1970 et
2106 1907 2269 1995 ignis
2293 1905 2670 1970 interdictio
2696 1910 2861 1972 nulla

744 2014 1133 2077 nominatur.
1168 2013 1321 2074 Haec
1354 2012 1514 2074 ratio
1549 2012 1671 2074 fuit
1695 2009 1918 2090 judicii
1951 2010 2031 2074 de
2064 2012 2364 2098 peculatu
2401 2033 2616 2098 usque
2654 2012 2741 2075 ad
2782 2015 2863 2076 le·

739 2141 883 2207 gem
917 2117 1146 2179 Juliam
1173 2141 1192 2197 3
1246 2115 1563 2179 damnatis
1599 2117 1700 2179 vel
1731 2114 2111 2180 solvendum
2154 2131 2289 2179 erat
2320 2117 2548 2203 quanti
2580 2118 2667 2179 lis
2710 2136 2863 2182 esset

737 2223 1043 2285 aestimata
1065 2268 1082 2301 ,
1117 2235 1231 2282 aut
1270 2219 1513 2307 praedes
1557 2220 1788 2295 dandi,
1816 2221 1915 2284 vel
1950 2222 2018 2283 in
2054 2222 2357 2302 vinculis,
2400 2222 2627 2308 quoad
2659 2225 2866 2287 solve-

741 2342 917 2407 rent,
953 2325 1310 2389 miserrime
1339 2325 1710 2389 vivendum.

825 2434 1079 2498 Diserte
1100 2432 1238 2496 haec
1265 2432 1482 2495 omnia
1508 2433 1576 2495 in
1612 2434 1675 2496 L.
1702 2433 2280 2520 ScipionisAsiatici
2301 2432 2583 2514 judicio,
2625 2434 2713 2497 de
2742 2459 2869 2522 quo

741 2539 1032 2625 proxime
1074 2537 1320 2602 dictum
1363 2554 1495 2614 est,
1537 2538 1752 2601 Livius
1788 2537 2099 2627 significat
2134 2539 2236 2601 his
2267 2539 2476 2602 verbis
2505 2562 2522 2601 ε
2552 2569 2577 2592 α
2601 2538 2871 2602 Judiciis

739 2668 775 2706 a
792 2661 1063 2732 praetore
1079 2643 1395 2731 perfectis,
1414 2642 1728 2706 Hostilius
1746 2659 1811 2707 et
1824 2644 1876 2705 F
1874 2644 2055 2706 urius
2073 2642 2357 2706 damnati
2367 2642 2619 2730 praedes
2639 2643 2874 2707 eodem

727 2748 846 2812 die
871 2747 1299 2835 quaestoribus
1319 2747 1584 2810 urbanis
1608 2745 1944 2811 dederunt.
1966 2747 2185 2866 Scipio
2203 2769 2407 2834 quum
2438 2747 2877 2812 contenderet

743 2875 1045 2932 omnem,
1088 2873 1282 2937 quam
1319 2852 1684 2938 accepisset,
1714 2853 2051 2938 pecuniam
2084 2853 2151 2914 in
2176 2849 2402 2915 aerario
2430 2874 2611 2934 esse,
2655 2876 2790 2917 nec
2817 2877 2881 2917 se

739 2954 1095 3044 quidquam
1117 2955 1358 3042 publici
1378 2957 1665 3037 habere,
1650 2980 1716 3019 ιιι
1733 2956 1987 3020 vincula
2002 2955 2151 3020 duci
2176 2973 2420 3043 coeptus
2442 2974 2558 3020 est.
2586 2959 2669 3020 In
2700 2959 2881 3022 bona

743 3066 810 3126 L.
834 3061 1153 3149 Scipionis
1183 3083 1551 3149 possessum
1576 3059 1832 3149 publice
1853 3079 2201 3149 quaestores
2222 3077 2457 3148 proetor
2481 3062 2656 3125 misit
2679 3095 2728 3126 υ.

826 3166 1028 3250 Quod
1056 3168 1109 3230 si
1139 3190 1287 3230 reus
1306 3215 1323 3247 ,
1350 3166 1595 3245 judicio
1628 3188 1760 3229 non
1790 3181 2188 3253 exspectatO,
2213 3167 2280 3229 in
2309 3166 2602 3229 exsilium
2632 3169 2885 3230 volun-

739 3275 974 3336 tarium
1010 3271 1302 3352 abiisset;
1341 3287 1481 3333 tum
1506 3272 1977 3334 accusationem
2008 3270 2268 3358 quidem
2296 3271 2347 3333 is
2370 3319 2386 3351 ,
2418 3273 2528 3358 qui
2564 3290 2887 3358 coeperat,

744 3376 1278 3465 persequebatur-3
1304 3397 1489 3438 reum
1517 3391 1730 3438 tamen
1772 3375 2101 3438 absentem
2143 3398 2276 3438 non
2315 3377 2471 3457 alia,
2510 3397 2711 3462 quam
2762 3400 2888 3464 pe-

740 3482 1036 3545 cuniaria
1068 3499 1252 3569 poena
1304 3479 1587 3567 populus
1625 3480 2150 3543 condemnabat.
2198 3502 2467 3566 eamque
2518 3482 2891 3566 pecuniam

737 3588 1019 3668 solvere,
1067 3588 1121 3649 si
1164 3584 1435 3665 rediret,
1482 3585 1824 3648 damnatus
1855 3585 2241 3673 cogebatur3
2274 3603 2418 3667 aut,
2458 3587 2510 3648 si
2548 3587 2893 3654 solvendo

741 3714 875 3755 non
914 3709 1113 3766 esset,
1146 3693 1213 3753 in
1251 3712 1570 3753 carcerem
1610 3690 1721 3754 ire.

821 3797 1047 3861 Postea
1094 3798 1370 3884 irrogata
1417 3810 1515 3858 est
1550 3796 1667 3858 alia
1706 3798 1845 3884 lege
1879 3794 2277 3884 deportatiO,
2326 3796 2633 3882 abrogata
2670 3797 2898 3860 inter-

732 3900 1034 3963 dictionis
1070 3909 1274 3987 poena.
1325 3899 1660 3987 Deportati
1698 3919 1884 3981 vero,
1922 3901 2087 3964 sicut
2130 3901 2347 3962 omnia
2383 3898 2653 3987 pristina
2688 3899 2895 3976 jura,

734 4008 821 4069 ita
852 4022 916 4067 et
948 4005 1120 4068 bona
1144 4003 1525 4066 amittebant
1552 4006 1803 4083 omnia3
1834 4005 2118 4091 denique
2144 4005 2444 4068 ultimum
2470 4002 2903 4089 supplicium

729 4111 793 4173 in
828 4109 955 4172 hoc
982 4111 1187 4173 scelus
1216 4124 1312 4172 est
1344 4110 1792 4186 constitutum.
