3044 4788
612 412 750 494 422
1259 410 1353 475 M.
1408 409 1483 475 T.
1538 408 2101 478 CICERONIS

607 520 928 628 apertior
963 529 1120 625 ejus
1155 527 1511 626 cupiditas
1552 526 2126 626 improbitasque
2161 528 2345 603 facta
2377 549 2511 605 est.
2569 541 2768 609 Nam

607 639 748 711 illis
773 636 1499 737 quinquejudicibus
1536 639 1646 709 uti
1676 662 1829 711 sese
1867 654 2083 737 negat
2115 668 2130 710 :
2162 640 2404 736 jubet,
2440 643 2518 717 id
2548 649 2766 742 quod

610 751 817 825 initio
837 774 878 823 e
906 750 1065 847 lege
1086 748 1373 846 Rupilia
1398 746 1559 825 fieri
1579 762 2003 846 oportuerat
2017 804 2038 838 ,
2066 753 2267 822 citari
2294 755 2712 828 Heraclium
2735 812 2761 843 ,

609 846 898 947 et‘eos,
921 862 1052 956 qui
1088 858 1321 929 dicam
1357 856 1794 955 scripserant
1830 886 1848 929 ε
1892 860 2032 948 ait,
2066 884 2143 932 se
2176 860 2461 954 judices
2501 889 2546 938 e
2591 866 2758 964 lege

603 971 786 1042 velle
809 972 1074 1042 sortiri.
1098 966 1315 1060 Quod
1347 968 1444 1040 ab‘
1470 994 1563 1040 eo
1587 968 1822 1068 pridie
1838 1024 1858 1057 ‚
1884 994 2116 1067 quum
2145 972 2390 1043 multis
2416 973 2758 1071 lacrymis

606 1105 774 1151 eum
805 1092 1044 1151 oraret
1067 1094 1286 1175 atque
1313 1077 1728 1151 obsecraret
1753 1079 2119 1152 Heraclius
2136 1136 2156 1168 ,
2177 1083 2568 1180 impetrare
2592 1112 2748 1159 non

606 1205 981 1290 potuerat;
1040 1190 1114 1262 id
1155 1193 1222 1266 ei
1259 1205 1555 1289 postero
1592 1190 1710 1263 die
1748 1196 1946 1264 venit
1984 1194 2058 1264 in
2103 1208 2462 1282 mentem,
2502 1220 2546 1265 e
2587 1196 2751 1292 lege

601 1301 889 1399 Rupilia
929 1304 1173 1373 sortiri
1210 1297 1455 1372 dicas⁵
1499 1315 1863 1398 oportere,
1908 1302 2169 1375 Educit
2212 1328 2300 1377 ex
2344 1328 2529 1376 urna
2558 1319 2743 1391 tres;

601 1413 721 1499 iis,
766 1426 850 1484 ut
895 1410 1269 1485 absentem
1324 1410 1730 1483 Heraclium
1791 1410 2327 1499 condemnent,
2386 1415 2694 1510 imperat
2725 1443 2747 1485 :-

601 1525 848 1619 itaque
889 1521 1402 1597 condemnant.
1438 1524 1655 1613 Quae,
1687 1520 1998 1609 malum,
2037 1526 2172 1594 ista
2210 1520 2350 1596 fuit
2390 1526 2744 1597 amentia?

600 1632 979 1730 ecquando
1025 1648 1097 1706 te
1139 1634 1491 1705 rationem
1535 1628 1896 1702 factorum
1940 1646 2237 1703 tuorum
2284 1631 2744 1707 redditurum

600 1745 913 1842 putasti?
954 1740 1338 1839 ecquando
1382 1740 1495 1813 his
1533 1740 1624 1812 de
1670 1740 1888 1813 rebus
1919 1741 2099 1814 tales
2132 1742 2328 1813 viros
2366 1742 2746 1816 audituros

600 1853 1067 1930 existimasti?
1096 1856 1389 1923 Petatur
1422 1850 1784 1925 hereditas
1811 1876 1918 1937 ea,
1935 1876 2100 1948 quae
2125 1849 2371 1923 nulla6
2405 1850 2744 1939 debetur,

593 1966 671 2039 in
725 1963 1038 2063 praedam
1099 1961 1471 2059 praetoris?
1526 1959 2032 2058 interponatur
2073 1957 2341 2033 nomen
2391 1964 2748 2036 civitatis?

596 2076 1020 2171 imponatur
1051 2071 1367 2143 honestae
1394 2070 1663 2145 civitati
1693 2073 2105 2169 turpissima
2132 2096 2441 2170 persona
2458 2085 2484 2129 7
2541 2074 2739 2147 calu·

595 2184 862 2257 mniae?
912 2186 1169 2277 Neque
1201 2181 1343 2257 hoc
1380 2181 1617 2253 solum
1651 2208 1666 2250 ε
1713 2179 1841 2253 sed
1890 2184 1990 2255 ita
2031 2205 2147 2252 res
2195 2195 2485 2278 agatur,
2519 2199 2601 2255 ut
2642 2209 2742 2256 ne

594 2290 961 2365 simulatio
989 2289 1291 2388 quidem
1319 2290 1676 2387 aequitatis
1700 2289 1848 2361 ulla
1877 2289 2309 2363 adhibeatur
2329 2292 2359 2361 P
2383 2296 2588 2380 Nam,
2608 2319 2742 2391 per-

593 2401 775 2476 deos
797 2402 1264 2490 immortales,
1283 2401 1465 2500 quid
1491 2402 1812 2488 interest,
1831 2416 2080 2474 utrum
2109 2416 2372 2499 praetor
2395 2409 2736 2502 imperet,

594 2515 812 2610 vique
851 2526 1062 2610 cogat
1095 2513 1413 2611 aliquem
1446 2509 1538 2582 de
1569 2516 1715 2583 suis
1746 2510 1960 2584 bonis
1996 2511 2336 2583 omnibus
2362 2512 2735 2600 decedere,

591 2648 687 2696 an
715 2623 1134 2721 hujusmodi
1159 2623 1516 2720 judicium
1536 2620 1684 2711 det,
1712 2647 1863 2720 quo
1881 2621 2179 2716 judicio,
2209 2622 2477 2698 indicta
2501 2649 2734 2712 causa,

591 2732 904 2808 fortunis
938 2734 1283 2808 omnibus
1324 2734 1552 2808 everti
1587 2756 1881 2806 necesse
1918 2733 2053 2804 sit?
2486 2809 2495 2816 ,

692 2849 952 2918 xvnl.
995 2841 1325 2917 Profecto
1353 2846 1548 2916 enim
1587 2867 1849 2940 negare
1879 2868 2034 2920 non
2069 2858 2316 2941 potes,
2353 2856 2426 2917 te
2454 2870 2547 2918 ex
2577 2846 2734 2943 lege

596 2953 885 3051 Rupilia
911 2955 1171 3030 sortiri
1201 2955 1603 3050 judicium¹
1649 2951 2012 3042 debuisse,
2058 2978 2290 3051 quum
2338 2959 2732 3051 praesertim

593 3065 964 3144 Heraclius
1007 3064 1082 3141 id
1122 3066 1542 3164 postularet.
1600 3065 1725 3136 Sin
1776 3063 1958 3135 illud
2004 3064 2232 3152 dices,
2302 3079 2377 3138 te
2426 3067 2732 3139 Heraclii

592 3177 966 3249 voluntate
1013 3175 1104 3248 ab
1156 3176 1309 3274 lege
1353 3175 1728 3248 recessisse
1764 3201 1780 3243 ε
1821 3177 1973 3273 ipse
2010 3189 2081 3246 te
2129 3175 2528 3273 impedies;
2577 3179 2733 3274 ipse

595 3300 763 3364 tua²
796 3286 1219 3363 defensione
1247 3284 1736 3384 implicabere,
1769 3288 2013 3376 Quare
2041 3289 2234 3360 enim
2262 3290 2582 3384 primum
2614 3288 2731 3360 ille

594 3404 750 3495 ipse
783 3399 1030 3472 adesse
1065 3398 1334 3485 noluit,
1362 3420 1593 3495 quum
1624 3422 1713 3468 ex
1738 3421 1829 3468 eo
1862 3420 2173 3468 numero
2195 3396 2479 3492 judices
2508 3397 2730 3472 habe-2

664 3593 715 3642 5.
736 3591 903 3638 Dicas.
918 3591 1122 3640 ,Iudices
1141 3600 1271 3638 sorte
1287 3589 1479 3652 eligere.
1491 3588 1621 3635 Πίσα
1707 3599 1781 3638 to.
1797 3589 1950 3636 Porro
1968 3587 2373 3636 calumniatorum
2390 3600 2552 3653 partes
2570 3590 2660 3637 hoc
2678 3591 2731 3638 in

590 3670 687 3718 h.1.
708 3685 800 3733 pro
816 3668 1020 3723 dicasee,
1037 3669 1224 3731 judice.
1707 3684 1759 3715 re
1779 3669 2094 3732 Syracusanis
2111 3665 2385 3724 affinxerat,
2405 3666 2521 3714 dum
2540 3668 2731 3716 beredi-

663 3750 715 3797 6.
756 3746 911 3796 Nulla
951 3748 1162 3796 debetur.
1197 3745 1351 3793 Nulla
1386 3760 1480 3808 pro
1516 3761 1616 3793 non
1708 3758 1853 3796 tatem
1873 3746 2001 3795 banc
2011 3747 2188 3794 Verres
2207 3756 2428 3810 petentes
2445 3746 2658 3796 inducit.

590 3829 823 3888 sumitur3
848 3829 920 3874 sic
959 3836 1009 3874 et
1039 3826 1237 3873 Plautus
1272 3825 1324 3871 ln
1359 3826 1611 3884 Asinaria,
1772 3828 1963 3875 xvm.
1994 3842 2039 3875 r.
2061 3825 2186 3875 Cod.
2203 3828 2364 3875 Naun-
2383 3837 2435 3874 et
2460 3827 2538 3875 ed.
2565 3827 2724 3876 lamb.

522 3929 537 3938 =
589 3933 613 3950 ··
633 3924 775 3972 quem
794 3907 847 3954 in
867 3905 1156 3954 tonstrinam
1167 3903 1402 3963 jusseram
1421 3904 1611 3960 venire,
1700 3905 1921 3967 «judices
1931 3928 1974 3955 υ.
1993 3905 2343 3966 &diudicium
2360 3921 2452 3970 pro
2464 3906 2727 3968 judicibus.

590 3989 629 4035 is
650 3986 815 4035 nullus
842 3986 974 4032 venit
987 4007 1028 4031 -.
1049 3983 1253 4032 CLTcr.
1271 3988 1394 4033 Hoc.
1410 3987 1434 4032 1
1450 4018 1463 4040 ,
1483 4001 1535 4045 2,
1558 3991 1609 4040 4.
1700 3998 1756 4034 ut
1780 4003 1949 4051 supra,
1973 4003 2083 4051 cup.
2112 4003 2193 4046 ι’),
2225 3986 2429 4035 -sortiri
2452 3985 2588 4034 dicas
2605 4010 2649 4040 -.
2678 3987 2726 4034 m

663 4084 711 4128 7.
746 4059 959 4130 Tiarp.‘p.
979 4066 1299 4128 Desumptum
1318 4081 1381 4113 ex
1406 4065 1610 4120 sabulis,
1701 4077 1801 4124 cst,
1829 4057 2079 4120 δικαστάς.
2098 4067 2224 4115 J,v,
2250 4067 2305 4113 L.

587 4164 678 4210 pro
701 4145 981 4210 turpissimo
1000 4147 1196 4209 negotio
1217 4145 1402 4193 civitati
1423 4143 1612 4192 manda·
1774 4158 1823 4191 π.
1859 4143 2112 4193 Addidere
2139 4155 2191 4191 m
2224 4145 2474 4203 Graevius,
2511 4146 2727 4205 Desjsrd.
