3044 4788
698 444 1085 540 oR'A‘rlo
1129 471 1334 539 rao
1383 474 1450 540 s.
1489 469 1910 537 Rosclo.
2274 464 2363 536 85

245 592 559 688 denique
585 605 868 688 patrem
893 615 1043 661 esse
1069 614 1222 661 sese
1250 588 1826 660 oblivisceretur:
1856 610 2018 684 quae
2040 590 2195 657 sine
2224 612 2370 658 ma-

244 705 401 798 gnis
427 700 738 797 hujusce
764 702 1073 798 peccatis
1099 698 1425 771 accidere
1450 701 1771 796 potuisse
1799 721 1950 767 non
1982 695 2316 768 arbitror.

338 816 616 882 Verum
663 808 987 880 concedo
1019 808 1187 897 tibi,
1233 823 1317 879 ut
1356 832 1438 879 ea
1467 821 1876 906 praetereas,
1907 831 2105 904 quae,
2137 833 2368 905 quum

243 935 435 991 taces
468 975 490 1007 ‚
535 920 739 990 nulla
803 944 956 990 esse
1021 919 1379 998 concedis.
1431 918 1646 988 Illum
1705 916 2002 1014 quidem
2059 918 2371 990 voluisse

242 1029 721 1116 exheredare,
759 1044 951 1101 certe
983 1043 1064 1099 tu
1097 1030 1396 1128 planum
1429 1027 1661 1099 facere
1695 1027 1937 1100 debeS.
1967 1027 2163 1120 Quid
2196 1053 2369 1126 ergo

241 1134 495 1223 afferS,
525 1161 753 1234 quare
805 1137 881 1209 id
936 1136 1208 1216 factum
1258 1140 1644 1237 putemus?
1698 1142 1883 1209 Vere
1932 1137 2111 1209 nihil
2162 1154 2369 1237 potes

245 1245 507 1321 dicere.
560 1251 781 1343 Finge
821 1247 1097 1345 aliquid
1138 1249 1386 1320 saltem
1427 1245 1808 1319 commode
1836 1302 1855 1334 ,
1900 1262 2000 1317 ut·
2027 1273 2119 1319 ne
2159 1249 2371 1346 plane

246 1357 556 1429 videaris
575 1358 655 1428 id
685 1357 942 1447 facere,
969 1358 1170 1456 quod
1196 1373 1440 1457 aperte
1473 1356 1678 1444 faci3‚
1711 1356 1929 1453 hujus
1963 1361 2200 1429 miseri
2232 1357 2375 1429 for-

248 1471 485 1555 tunis,
533 1483 605 1538 et
642 1467 908 1539 horum
957 1473 1281 1540 virorum
1319 1465 1614 1540 talium³
1669 1467 1996 1565 dignitati
2049 1468 2370 1540 illudere.

250 1576 703 1659 Exheredare
742 1576 975 1649 filium
1015 1579 1247 1650 voluit
1281 1605 1296 1647 τ
1331 1603 1552 1676 quam
1586 1577 1683 1649 ob
1719 1577 2052 1649 causam?
2092 1581 2370 1649 Nescio.

252 1686 866 1758 Exheredavitne?
906 1693 1092 1762 Nou.
1117 1691 1299 1780 Quis
1324 1686 1753 1787 prohibuit?
1795 1685 2195 1783 Cogitabat.
2233 1690 2373 1757 Co·

252 1796 574 1892 gitahat?
598 1801 711 1868 cui
747 1798 972 1870 dixit?
997 1802 1307 1873 Nemini.
1338 1796 1533 1888 Quid
1575 1813 1682 1869 est
1712 1796 1947 1883 aliud,
1967 1796 2270 1893 judicie,
2291 1820 2375 1866 ac

248 1907 567 2005 legibuS‚
606 1934 690 1980 ac
729 1912 1092 2006 majestate
1126 1925 1359 1981 vestra
1401 1908 1604 1979 abuti
1636 1908 1728 1979 ad
1759 1923 2115 2006 quaestum
2157 1924 2377 2004 atque

242 2016 337 2088 ad
368 2017 748 2089 libidinem
773 2073 794 2106 ,
830 2022 965 2089 nisi
999 2019 1141 2090 hoc
1173 2018 1395 2090 modo
1429 2043 1763 2090 accusare
1783 2073 1801 2105 ‚
1832 2033 2050 2115 atque
2084 2018 2158 2089 id
2191 2018 2375 2114 obji·
2419 2067 2422 2070 >

246 2151 436 2213 cere,
462 2126 669 2224 quod
699 2129 995 2225 planum
1028 2126 1259 2199 facere
1288 2153 1437 2198 non
1484 2128 1705 2199 modo
1743 2153 1892 2198 non
1926 2130 2157 2226 possis
2175 2131 2229 2213 ⁴,
2257 2153 2377 2198 ve·

247 2261 410 2307 rum
459 2263 554 2308 ne
588 2242 869 2309 coneris
911 2238 1254 2335 quidem?
1299 2241 1534 2310 Nemo
1575 2242 1900 2308 nostrum
1954 2253 2093 2321 est,
2125 2240 2378 2324 Eruci,

247 2350 434 2444 quin
493 2350 672 2420 sciat
693 2403 713 2434 ‚
761 2347 891 2419 tibi
938 2350 1346 2419 inimicitias
1401 2371 1565 2418 cum
1619 2352 1773 2420 Sex.
1825 2350 2083 2418 Roscio
2143 2348 2376 2418 nullas

247 2484 451 2534 esse:
495 2459 749 2530 vident
780 2485 1069 2546 omneS‚
1110 2482 1255 2556 qua
1288 2457 1378 2530 de
1413 2482 1622 2529 causa
1664 2457 1837 2528 huic
1881 2460 2216 2529 inimicus
2260 2484 2379 2528 ve-

250 2572 445 2656 nias;
471 2572 717 2640 sciunt
744 2565 1094 2665 hujusce⁵
1119 2571 1429 2665 pecunia
1458 2583 1528 2639 te
1556 2565 1951 2637 adductum
1982 2590 2154 2637 esse.
2181 2566 2376 2656 Quid
2469 2573 2472 2574 ’

250 2702 430 2774 ergo
458 2679 610 2749 est?
662 2681 760 2747 ita
790 2693 1027 2749 tamen
1061 2693 1376 2774 quaestus
1409 2693 1479 2748 te
1508 2675 1858 2775 cupidum
1901 2701 2052 2747 esse
2094 2690 2381 2772 oporte-

250 2786 421 2875 bat,
462 2801 545 2856 ut
575 2786 843 2856 horum
874 2790 1508 2874 existimationem,
1541 2802 1614 2857 et
1663 2787 1893 2882 legem
1937 2783 2378 2855 Remmiam⁶

249 2911 544 2994 putares
572 2893 853 2992 aliquid
885 2896 1122 2967 valere
1154 2911 1508 2994 oportere.

326 3008 511 3075 ¹XX.
553 3008 1025 3075 Accusatores
1048 3016 1067 3047 ¹
1108 3006 1376 3077 multos
1406 3030 1558 3076 esse
1593 3009 1667 3074 in
1703 3008 1985 3090 civitate
2031 3005 2206 3075 utile
2238 3021 2381 3090 est,

256 3126 345 3182 ut
371 3128 570 3186 metu
593 3117 1052 3192 contineatur
1075 3113 1377 3190 audacia
1406 3140 1420 3181 ε
1447 3128 1944 3194 verumtamen
1979 3111 2119 3181 hoc
2143 3113 2251 3180 -ita
2275 3124 2383 3180 est

251 3223 480 3309 utile,
523 3238 605 3292 ut
637 3248 728 3294 ne
764 3223 977 3320 plane
1021 3222 1408 3295 illudamur
1436 3222 1530 3294 ab
1562 3219 2120 3295 accusatoribus.
2155 3226 2378 3290 Inno-

329 3411 379 3459 3.
415 3408 639 3456 rab-orum
670 3409 858 3460 talium.
886 3414 918 3460 J
921 3409 1142 3470 udicum,
1168 3413 1273 3475 qui-

250 3491 349 3537 bus
370 3487 580 3536 illudere
598 3488 793 3538 videris.

328 3578 378 3625 4.
399 3567 515 3615 Non
526 3568 701 3630 possis.
719 3567 903 3616 Modus
923 3567 1155 3616 efferendi
1180 3584 1274 3631 po-

252 3646 491 3704 tentialis,
517 3646 607 3709 qui
629 3662 734 3695 non
769 3646 835 3694 sd
872 3647 1102 3694 Erucium
1131 3647 1275 3694 refer-

250 3739 364 3783 tus,
397 3724 485 3772 sed
523 3724 788 3789 generatim
822 3736 1110 3789 usurpatur,
1141 3725 1278 3788 quasi

253 3805 393 3851 dicet
439 3820 580 3851 -nou
616 3804 775 3867 possit
812 3805 1046 3869 aliquis».
1078 3804 1278 3853 Judices

250 3884 383 3931 enim
410 3882 695 3947 alloquitur,
732 3895 790 3931 nt
811 3894 1011 3947 apparet
1036 3899 1097 3930 ex
1122 3883 1280 3930 verbis

251 3986 278 4003 -
298 3963 549 4023 minute
573 3972 732 4010 vestra
749 3983 793 4009 ι.

330 4041 379 4088 5.
407 4040 641 4103 Hujusce.
672 4042 732 4090 T.
760 4042 930 4089 Roscii
966 4041 1163 4103 Magni,
1194 4043 1279 4104 qui

254 4121 338 4167 hie
378 4119 552 4179 adest,
600 4121 810 4183 pecunia
862 4130 1179 4184 corruptum,
1217 4120 1282 4168 ad

250 4198 581 4246 mnndum
619 4197 673 4245 S.
695 4201 927 4247 Roscium
963 4198 1279 4247 descendisse.

1433 3415 1482 3459 6.
1510 3412 1795 3459 Remmiam.
1834 3412 1907 3458 De
1937 3405 2385 3456 calumniatoribus.

1361 3490 1489 3538 vide
1506 3491 1616 3538 Iud.
1638 3494 1834 3554 Legum.
1859 3488 1990 3536 Olim
2008 3485 2355 3535 “Me-nmium·-
2369 3518 2384 3543 ‚

1364 3570 1557 3617 vitiose.

1434 3650 1553 3695 XX.
1589 3665 1628 3696 1.
1658 3649 1996 3698 Accusatores.
2031 3646 2383 3692 Accusatorum

1364 3729 1534 3775 Romae
1574 3725 1750 3790 triplex
1786 3739 1970 3788 genus:
2008 3739 2180 3786 nempe
2217 3721 2388 3769 adole-

1363 3807 1628 3865 scentium,
1657 3803 1744 3867 qui
1768 3803 1935 3866 gloriae
1964 3818 2080 3866 spe,
2103 3800 2389 3864 potentissi-

1365 3900 1497 3931 mum
1536 3897 1777 3945 quemque
1816 3879 2121 3928 accusabant.
2162 3879 2383 3927 Alterum

1369 3977 1518 4025 genus
1544 3962 1638 4009 fuit
1664 3961 1880 4009 virorum
1907 3959 2103 4007 sortium
2136 3958 2256 4005 etin
2284 3969 2385 4004 arte

1369 4040 1576 4088 oratoria
1601 4042 1701 4101 jam
1733 4038 2155 4093 confirmatorum,
2184 4037 2268 4098 qui
2304 4044 2389 4081 aut

1367 4119 1544 4182 privati
1585 4120 1688 4167 odii
1725 4134 1895 4172 causa,
1940 4128 2025 4163 aut
2068 4116 2187 4178 reip.
2222 4113 2387 4160 studio

1369 4197 1596 4254 adducti,
1640 4198 1760 4245 alios
1798 4194 2227 4261 persequebantur.
2271 4193 2392 4238 Ter·
