3044 4788
716 421 1100 490 ORATIO
1151 422 1348 490 PRO
1399 422 1466 489 S.
1519 423 1923 490 ROSCIO.
2288 422 2380 519 67

256 545 475 615 huual
523 557 736 613 tuum
759 597 779 628 ‚
814 547 908 613 M.
944 544 1207 627 Fanni,
1259 556 1426 612 ante
1460 541 1680 639 pedes
1715 557 1989 613 vestros
2012 597 2032 630 ‚
2068 543 2386 638 judice3‚

259 658 443 725 inter
476 655 635 750 ipsa
678 650 1012 722 subsellia
1031 649 1059 694 ⁵
1100 649 1327 723 caedes
1358 649 1618 721 futurae
1650 654 1816 721 sint.

351 766 639 833 Etenim
682 760 861 856 quid
901 760 1102 830 aliud
1148 760 1290 832 hoc
1316 761 1595 856 judicio
1641 777 1982 849 tentatur,
2014 766 2149 834 nisi
2197 779 2276 834 ut
2315 765 2388 835 id

253 873 411 943 fieri
440 870 698 942 liceat?
723 874 1080 941 Accusant
1109 873 1196 958 ii,
1237 873 1466 966 quiin
1507 870 2083 967 fortunashujus
2110 875 2387 943 invase-

260 998 481 1053 runt:
514 1005 803 1076 causam
835 979 1012 1050 dicit
1039 984 1135 1068 is,
1176 984 1292 1050 cui
1316 1034 1335 1068 ‚
1369 996 1625 1077 praeter
1657 972 2162 1068 calamitatem,⁸
2208 983 2389 1053 nihil

255 1093 739 1188 reliquerunt.
794 1094 1152 1160 Accusant
1200 1094 1286 1175 ii,
1340 1090 1612 1187 quibus
1645 1090 1876 1161 occidi
1921 1108 2195 1188 patrem
2229 1097 2388 1163 Sex.

257 1206 497 1274 Roscii
518 1201 721 1271 bono
745 1197 915 1270 fuit:
935 1224 1220 1270 causam
1239 1200 1417 1271 dicit
1441 1204 1525 1287 is,
1550 1203 1667 1271 cui
1697 1225 1844 1271 non
1873 1201 2090 1273 modo
2112 1203 2392 1273 luctum

262 1337 461 1382 mors
498 1313 720 1408 patris
745 1310 1015 1396 attulit,
1049 1334 1298 1380 verum
1330 1314 1548 1381 etiam
1582 1327 1990 1407 egestatem.
2040 1318 2396 1384 Accusant

263 1424 339 1503 ii,
358 1424 490 1516 qui
518 1419 718 1489 hunc
741 1422 981 1516 ipsum
1000 1420 1330 1514 jugulare
1354 1445 1636 1490 summe
1662 1425 2079 1519 cupierunt:
2108 1446 2395 1494 causam

267 1529 573 1614 dicitis,
602 1531 731 1624 qui
761 1531 975 1597 etiam
1019 1527 1109 1596 ad
1157 1527 1296 1598 hoc
1337 1531 1578 1626 ipsum
1610 1529 1969 1624 judicium
2011 1556 2178 1602 cum
2216 1557 2396 1629 prae·
2489 1538 2498 1545 '

273 1635 502 1709 sidio⁶
546 1640 770 1726 venit,
797 1662 890 1707 ne
922 1637 1041 1708 hic
1074 1637 1347 1709 ibidem
1380 1655 1550 1710 ante
1582 1640 1832 1711 oculos
1865 1656 2141 1712 vestros
2187 1646 2404 1713 truci·

275 1748 493 1819 detur
511 1759 558 1819 ⁷.
610 1750 943 1849 Denique
986 1762 1327 1818 accusant
1372 1751 1458 1836 ii,
1500 1773 1688 1845 quos
1719 1751 2038 1847 populus
2082 1748 2401 1848 poscit⁸:

272 1882 562 1928 causam
600 1855 777 1927 dicit
805 1859 903 1944 is,
945 1860 1075 1953 qui
1119 1868 1315 1927 unus
1348 1859 1638 1929 relictus
1676 1884 1763 1928 ex
1806 1859 2096 1929 illorum
2139 1858 2406 1931 nefaria

269 1968 463 2040 caede
499 1981 740 2037 restat.

361 2085 606 2173 Atque
630 2090 713 2146 ut
733 2073 1010 2146 facilius
1032 2077 1430 2172 intelligere
1450 2080 1759 2174 possiti5‚
1779 2079 2085 2173 judice8‚
2112 2104 2218 2168 ea,
2246 2103 2406 2177 quae

267 2188 454 2261 facta
478 2201 657 2257 sunt
676 2240 696 2272 ‚
721 2185 1133 2282 indigniora
1159 2211 1336 2275 esse,
1369 2211 1590 2283 quam
1622 2188 1775 2259 haec
1803 2205 2009 2276 sunt,
2038 2214 2198 2286 quae
2227 2191 2406 2261 dici-

270 2325 458 2385 mus»,
484 2296 582 2367 ab
613 2299 845 2383 initio,
873 2320 985 2366 res
1018 2295 1635 2391 quemadmodum
1667 2312 1863 2392 gesta
1895 2302 2023 2384 sit,
2051 2299 2258 2369 vobis
2292 2325 2412 2370 ex-

269 2432 673 2508 ponemus;
729 2429 878 2502 quo
919 2404 1198 2476 facilius
1241 2422 1314 2476 et
1358 2406 1578 2502 hujus
1615 2408 1932 2479 hominis
1962 2413 2407 2480 innocentis-

273 2522 435 2590 simi
462 2520 820 2604 miseriaS,
844 2530 916 2586 et
928 2515 1219 2586 illorum
1245 2515 1617 2588 audaciam
1642 2541 2078 2654 cognoscere
2103 2522 2413 2614 possitiS,

276 2645 349 2701 et
381 2626 800 2725 reipublicae
834 2625 1328 2696 calamitatem.

300 2753 301 2758 ’
373 2743 490 2808 Vl.
545 2742 706 2806 Sex.
736 2737 1071 2823 Roscius,
1109 2750 1314 2833 pater
1355 2735 1693 2831 hujusce,
1740 2740 2115 2832 municeps
2148 2741 2416 2807 Ameri-

282 2859 445 2918 nus¹
479 2845 645 2934 fuit,
676 2871 907 2942 quum
937 2869 1223 2941 genere,
1259 2859 1332 2915 et
1365 2845 1774 2933 nobilitate,
1799 2861 1871 2916 et
1896 2851 2228 2944 pecunia,
2265 2873 2413 2917 non

283 2957 503 3028 modo
526 2959 641 3027 sui
669 2958 1072 3052 municipii,
1104 2980 1354 3025 verum
1380 2959 1596 3027 etiam
1621 2959 1682 3051 ej
1694 2983 1777 3027 us
1804 2960 2189 3027 vicinitatis
2214 2957 2419 3028 facile

363 3186 416 3234 5.
437 3183 690 3232 subsellia.
708 3184 858 3231 Trina
888 3182 1113 3231 subsellia
1144 3184 1623 3241 ereut3Ame1-ia,
1650 3184 1920 3247 municipio
1949 3199 2166 3231 romano.
2208 3185 2419 3231 Munici-

286 3263 535 3324 judicmu,
575 3277 792 3319 reorum,
834 3273 1182 3310 accusatorum.
1212 3259 1316 3309 Ibi·
1403 3277 1489 3324 pes
1516 3277 1543 3308 a
1567 3278 1765 3309 munere
1787 3262 2027 3324 capiendo
2061 3262 2308 3321 dicuntur,
2334 3262 2423 3325 qui

291 3342 454 3396 bunal
486 3352 645 3388 autem
681 3340 820 3388 locus
857 3352 959 3389 erat
1000 3340 1204 3396 editior,
1252 3356 1315 3386 ex
1402 3339 1455 3386 iu
1478 3339 1720 3387 civitatem
1740 3355 1865 3387 rom.
1894 3340 2112 3404 recepti,
2133 3341 2237 3400 ejus
2256 3357 2423 3388 muue-

291 3437 427 3485 φο,
455 3420 571 3467 sella
608 3420 762 3467 curuli
796 3420 984 3483 posite,
1011 3419 1316 3482 magistratus
1402 3434 1510 3466 rum
1542 3419 1991 3482 erantparticipes.
2020 3421 2283 3466 Munerum
2307 3421 2422 3467 isto-

256 3539 257 3542 ,
288 3503 367 3561 jus
388 3499 600 3548 dicebat.
1404 3514 1512 3545 rum
1536 3497 1660 3545 ratio
1682 3508 1784 3545 erat
1813 3498 2012 3562 duplex.
2035 3498 2234 3561 Quibus¹
2252 3500 2424 3547 civitas

363 3582 413 3628 6.
432 3577 685 3628 Praesidio.
703 3574 1319 3639 Significatadvocstorum
1406 3593 1515 3623 cum
1558 3577 1791 3640 suffragio
1834 3577 2067 3634 dabatur,
2111 3578 2149 3624 ii
2191 3579 2426 3627 Romanis

294 3675 599 3718 comessum,
640 3657 729 3720 qui
765 3657 913 3703 vitam
949 3655 1120 3703 Roscii
1154 3655 1322 3703 defen·
1406 3654 1636 3703 vivebant
1650 3655 1857 3719 legibus,
1881 3667 1930 3703 et
1952 3656 2195 3703 habebant
2211 3658 2295 3717 jus
2319 3661 2427 3706 lto-

294 3739 441 3788 dnnt.
1294 3743 1298 3748 “
1408 3750 1500 3781 mae
1534 3735 1735 3797 petendi
1768 3735 2085 3798 magistratus.
2113 3736 2302 3797 Quibus
2341 3752 2427 3785 au-

368 3835 417 3877 7.
457 3814 764 3863 Tmcideeur.
800 3815 928 3863 Nam
962 3813 1224 3863 adversarii
1260 3812 1324 3860 ad
1411 3824 1509 3860 tem
1539 3813 1708 3860 civim
1734 3813 1844 3861 data
1871 3823 1973 3860 ent
1990 3815 2093 3860 sine
2115 3814 2364 3878 suffragio,
2391 3817 2429 3862 ii

292 3896 531 3956 judicium
556 3896 729 3942 armni
757 3905 1008 3941 venei-sut.
1410 3892 1511 3940 suis
1538 3891 1768 3939 vivebant
1794 3891 2012 3956 legibus,
2037 3892 2123 3940 sed
2141 3909 2169 3940 a
2190 3895 2432 3958 vectigali-

368 3977 416 4022 8.
450 3973 634 4023 Poscit.
671 3973 754 4021 Ad
792 3972 1088 4036 supplicium
1124 3981 1327 4035 propter
1412 3971 1505 4019 bus
1532 3981 1582 4019 et
1607 3972 1779 4019 ceteris
1811 3971 2041 4021 oneribus
2083 3983 2221 4020 eraut
2265 3972 2428 4020 liberi.

301 4055 454 4102 medes
473 4053 811 4118 quotidianas.
1415 4051 1485 4098 Ea
1512 4052 1714 4098 varietas
1738 4052 1915 4099 mansit
1942 4050 2004 4098 ad
2029 4051 2210 4099 benum
2235 4050 2433 4107 sociale,

373 4136 462 4180 VI.
483 4149 528 4181 1.
550 4133 809 4195 Municeps
826 4131 1095 4180 Amerinus.
1114 4132 1187 4179 Ex
1209 4128 1330 4178 urbe
1417 4128 1513 4176 hoc
1543 4140 1643 4189 est,
1675 4128 1737 4176 ad
1771 4146 1949 4177 anuum
1991 4129 2091 4176 663
2115 4163 2131 4189 0
2168 4146 2269 4192 quo
2298 4143 2435 4174 auno

2128 4213 2190 4282 5.
