3044 4788
762 404 1180 473 NICOLAI
1245 404 1889 474 DESJARDINS.
2233 407 2390 471 xxix

280 526 500 594 oratio
540 525 864 621 eleganS,
906 527 1187 595 incitata
1213 578 1233 610 ‚
1279 525 1614 596 volubilis
1639 552 1714 593 »z
1756 524 1879 597 sed
1917 549 2078 621 quae
2122 524 2388 595 redun-

272 633 482 719 dans,
530 649 606 704 et
642 633 1145 705 circumfluens
1190 635 1563 706 nonnullis
1603 660 1753 706 esse
1788 634 2172 705 videretur.
2217 639 2395 704 Om-

268 745 471 813 nium
514 742 821 815 vocibus
857 742 1295 813 celebratum
1340 759 1444 813 est
1481 744 1683 840 quod
1718 746 2046 815 Ciceroni
2091 742 2187 813 ob
2238 767 2394 812 eam

266 878 423 923 rem
467 852 900 947 objecerunt
938 853 1051 923 vel
1086 853 1393 948 aequales
1426 854 1617 947 ejus,
1659 852 1954 939 Calvus,
1995 867 2065 922 et
2099 857 2394 933 BrutuS,

268 962 386 1033 ille
404 966 703 1034 Caesaris
726 987 1129 1060 percussor,
1142 963 1353 1033 Tullii
1378 964 1681 1050 amicus3
1707 963 2027 1034 Solutum
2057 987 2223 1033 eum
2244 987 2396 1032 esse

269 1088 339 1142 et
363 1098 697 1144 enervem
712 1100 738 1157 ,-
760 1086 908 1154 aut,
936 1088 1015 1141 ut
1042 1074 1265 1168 ipsius
1286 1075 1481 1141 Bruti
1517 1070 1754 1142 verbis
1770 1087 1960 1157 utar,
1981 1086 2392 1167 «tamquam

270 1181 580 1252 fractum
610 1196 685 1252 et
718 1179 1155 1251 elumbem».
1183 1185 1324 1251 «M.
1354 1181 1706 1267 Tullium,
1748 1185 1845 1252 ait
1865 1180 2195 1269 Fabius¹,
2235 1206 2398 1251 suo-

266 1315 429 1361 rum
444 1306 865 1386 temporum
884 1290 1212 1360 homines
1228 1292 1583 1360 incessere
1599 1288 1961 1361 audebant
1979 1305 2057 1360 ut
2073 1290 2401 1361 tumidio-

268 1424 423 1469 rem
456 1414 532 1471 et
557 1401 901 1469 Asianum
920 1454 939 1482 ,
964 1414 1037 1469 et
1058 1398 1581 1470 redundantem
1602 1454 1621 1487 ,
1652 1414 1725 1470 et
1743 1403 1819 1469 in
1848 1399 2399 1496 repetitionibus

273 1511 653 1581 nimium...
696 1524 767 1579 et
812 1514 887 1578 in
933 1510 1458 1604 compositione
1505 1507 1849 1593 fractum,
1886 1508 2398 1593 exsultantem,

275 1644 360 1690 ac
392 1644 629 1716 paene,
665 1616 860 1714 quod
907 1618 1157 1714 procul
1204 1618 1424 1703 absit,
1460 1601 1617 1688 ‘viro
1661 1617 2139 1688 molliorem».
2184 1617 2399 1688 Addit

279 1727 767 1815 Quintilianus
802 1726 1005 1795 illum
1041 1730 1279 1823 ipsum
1307 1727 1620 1798 Tullium
1659 1730 1788 1823 qui
1835 1751 1877 1797 a
1907 1727 2014 1797 sui
2057 1733 2400 1824 temporis

275 1835 695 1907 hominibus
733 1837 914 1906 male
951 1836 1271 1906 audierat
1308 1835 1404 1907 ob
1441 1840 1703 1921 nimios
1740 1836 1986 1924 floreS,
2024 1851 2095 1907 et
2134 1838 2400 1932 ingenii

270 1945 748 2033 affluentiam,
795 1945 1133 2017 eumdem
1169 1972 1321 2016 aevo
1357 1971 1489 2016 suo
1529 1949 1748 2043 ipsius
1781 1947 2110 2041 jejunum
2156 1962 2226 2017 et
2259 1950 2397 2017 ari-

270 2056 448 2127 dum
490 2056 820 2127 habitum
859 2055 1095 2126 fuisse.
1136 2056 1334 2127 Adeo
1376 2055 1581 2126 facile
1624 2059 2114 2153 corrumpitur
2146 2056 2396 2150 judicii

270 2166 653 2237 salubritas
683 2166 796 2235 illa
822 2192 983 2263 quae
1016 2197 1047 2231 «
1070 2180 1176 2236 est
1216 2165 1531 2236 medium
1562 2168 2003 2236 vitiorum-et
2035 2169 2399 2263 utrimque

268 2275 659 2347 reductum
681 2306 734 2344 n.
760 2279 998 2370 Pergit
1025 2274 1321 2345 Fabius:
1349 2278 1946 2373 «Praecipuevero
1980 2292 2398 2373 presserunt

272 2411 446 2460 eum
483 2390 615 2483 qui
650 2383 875 2456 videri
914 2386 1315 2455 Atticorum
1357 2386 1751 2458 imitatores
1803 2391 2315 2483 concupierant
2340 2419 2395 2456 ι».

272 2499 439 2567 Non
482 2521 659 2592 ergo
695 2500 769 2565 in
807 2520 1068 2591 genere
1096 2497 1461 2566 Ciceronis
1497 2494 1629 2566 fuit
1664 2495 1880 2582 illud,
1920 2495 2121 2591 quod
2155 2500 2220 2567 ei
2259 2495 2393 2567 ob-

265 2606 655 2699 jiciebatur
686 2609 1032 2677 orationis
1051 2607 1301 2675 vitium
1320 2661 1339 2692 ,
1358 2621 1428 2675 at
1457 2609 1534 2675 in
1555 2630 1805 2676 eorum
1820 2606 2166 2702 opinione
2182 2604 2397 2677 fuisse

272 2715 872 2813 deprehenditur,
912 2720 1035 2811 qui
1071 2717 1490 2786 Ciceronem
1520 2713 1995 2800 damnabant,
2031 2719 2233 2810 quasi
2281 2730 2393 2783 tu-

278 2824 660 2896 midiorem
699 2840 772 2894 et
797 2827 1024 2895 Asiani
1059 2828 1342 2920 generis
1369 2825 1749 2909 aemulum,
1781 2823 1982 2921 quod
2020 2822 2109 2894 ab
2139 2849 2228 2895 eo
2273 2849 2398 2921 ge-

283 2959 446 3004 nere
492 2934 786 3004 dicendi
831 2932 1236 3017 recederet,
1285 2934 1486 3029 quod
1543 2938 1679 3032 ipsi
1725 2934 1861 3006 sibi
1907 2961 1991 3006 ex
2030 2950 2396 3006 oratorum

280 3047 681 3130 Atticorum
720 3046 1111 3114 imitatione
1153 3043 1578 3114 effluxerant
1608 3071 1622 3112 :
1656 3042 1854 3140 quod
1893 3068 2121 3140 genus
2167 3049 2395 3114 unum

281 3156 635 3249 optimum
662 3178 838 3240 esse,
858 3155 1026 3251 quia
1048 3154 1375 3225 videlicet
1397 3151 1486 3223 ab
1508 3156 1759 3225 Atticis
1783 3153 2188 3224 oratoribus
2212 3169 2402 3224 esset

280 3262 709 3351 adhibitum,
725 3265 855 3361 ipsi
875 3288 1104 3360 quum
1116 3263 1659 3349 arbitrarentur,
1674 3286 1893 3332 omne
1908 3261 2099 3332 aliud
2117 3261 2400 3331 dicendi

281 3397 543 3467 genus,
570 3398 718 3443 non
749 3374 851 3443 uti
888 3375 1221 3442 vitiosum
1241 3427 1260 3459 ,
1289 3372 1414 3442 sed
1448 3371 1645 3468 quod
1677 3396 1825 3441 non
1855 3385 2038 3441 esset
2058 3374 2399 3454 Atticum,

284 3478 644 3551 fastidiose
684 3480 1162 3579 respuebant:
1200 3483 1401 3578 quasi
1428 3484 1656 3551 Attica
1681 3484 1912 3552 oratio
1951 3480 2401 3552 commenda-

283 3593 561 3660 tionem
598 3589 856 3662 habere
899 3589 1091 3689 apud
1134 3591 1494 3662 auditores
1535 3590 1683 3661 sola
1729 3590 2111 3662 debuisset.
2169 3595 2397 3661 Exsti-
2459 3607 2464 3610 “

287 3714 526 3771 terunt
553 3702 747 3770 enim
763 3706 1009 3771 Romae
1036 3714 1362 3796 tempore
1385 3702 1751 3775 Ciceronis
1773 3716 2092 3771 oratores
2107 3701 2400 3796 quidam

285 3810 455 3879 aridi
480 3825 745 3907 ,atque
787 3810 1058 3904 jejuni,
1096 3812 1222 3906 qui
1257 3835 1330 3881 se
1359 3812 1716 3896 «Atticos,
1755 3823 1972 3907 atque
2001 3811 2400 3883 Atticorum

361 4078 399 4108 ι.
431 4062 539 4109 Lib.
566 4064 693 4109 xit.
736 4078 844 4124 cap.
885 4079 963 4110 ιο.
1002 4066 1132 4110 Inter
1169 4063 1461 4111 recentiores
1488 4063 1601 4110 vide
1635 4064 1775 4110 etiam
1818 4073 2037 4109 nostrum
2061 4061 2405 4121 Montanium,

292 4150 448 4199 Essais
474 4149 537 4198 de
565 4149 884 4215 Moncaigne,
917 4151 999 4200 lib.
1019 4153 1098 4212 11,
1126 4166 1233 4214 cap.
1266 4167 1348 4210 xo,
1378 4167 1487 4216 pag.
1514 4154 1639 4211 146,
1667 4152 1784 4201 edit.
1816 4152 1977 4213 1669,
2004 4151 2165 4197 iti-12.
