3044 4788
675 415 782 486 IN
832 415 920 503 Q.
975 414 1507 484 CAECILIUM
1558 414 2139 486 DIVINATIO.
2331 444 2465 515 207

340 541 736 639 legatione,
777 560 941 633 quae
980 535 1053 604 in
1092 548 1437 632 praetura,
1488 558 1650 631 quae
1691 540 1965 625 Romae,
2003 563 2165 634 quae
2206 540 2281 611 in
2328 547 2470 614 Ita-

340 652 437 721 lia
450 653 504 735 4,
531 673 692 746 quoe
732 647 804 716 in
848 643 1128 730 Achaia,
1148 649 1341 731 Asia,
1367 645 1932 743 Pamphyliaque
1966 652 2266 746 patrarit
2284 648 2335 742 ⁵,
2367 680 2476 743 ea,

340 753 961 856 quemadmodum
1000 754 1174 825 locis
1223 754 1826 853 temporibusque
1870 757 2092 830 divisa
2136 765 2321 851 sint,
2375 770 2477 837 sic

339 865 764 940 criminibus
794 880 865 936 et
896 868 1223 936 oratione
1255 864 1741 963 distinguere?
1766 872 2079 940 Putasne
2115 895 2362 968 posse,
2400 876 2473 948 id

340 978 542 1077 quod
571 979 644 1048 in
672 973 1030 1072 ejusmodi
1052 999 1178 1046 reo
1200 976 1507 1046 maxime
1546 979 2025 1048 necessarium
2056 994 2188 1067 est,
2217 978 2476 1069 facere,

340 1105 461 1176 ut,
499 1113 659 1185 quae
699 1086 818 1158 ille
857 1084 1282 1171 libidinose,
1319 1108 1481 1182 quae
1526 1082 1834 1173 nefarie,
1881 1112 2044 1183 quae
2083 1088 2474 1164 crudeliter

341 1198 628 1286 fecerit,
663 1221 747 1268 ea
786 1220 992 1293 aeque
1029 1194 1289 1267 acerba
1315 1210 1389 1266 et
1419 1194 1719 1293 indigna
1751 1195 2135 1270 videantur
2162 1226 2318 1274 esse
2353 1206 2474 1291 iis,

342 1313 472 1407 qui
496 1308 815 1395 audient,
834 1321 1053 1403 atque
1075 1306 1214 1376 illis
1232 1307 1383 1378 visa
1401 1320 1594 1390 sunt,
1617 1308 1745 1403 qui
1768 1311 2189 1380 senserunt?
2213 1317 2477 1412 Magna

345 1434 516 1492 sunt
542 1444 624 1491 ea
643 1474 663 1505 ,
683 1443 841 1516 quae
868 1416 1032 1488 dico
1052 1471 1071 1504 ,
1094 1416 1267 1486 mihi
1298 1415 1510 1488 crede
1528 1413 1595 1486 ⁶:
1627 1418 1778 1488 noli
1799 1417 1947 1490 haec
1980 1436 2473 1499 contemnere.

347 1528 691 1614 Dicenda,
711 1525 1295 1616 demonstranda,
1323 1526 1748 1625 explicanda
1769 1546 1937 1601 sunt
1951 1533 2232 1618 omnia;
2262 1557 2478 1608 causa

349 1670 501 1716 non
535 1643 767 1715 solum
803 1640 1256 1740 exponenda,
1291 1640 1417 1712 sed
1447 1643 1663 1714 etiam
1699 1644 2009 1739 graviter
2037 1652 2477 1747 copioseque

346 1756 623 1854 agenda
667 1769 806 1840 est3
847 1752 1374 1851 perficiendum
1412 1767 1553 1840 est,
1597 1756 1655 1824 si
1693 1754 1870 1850 quid
1899 1779 2107 1852 agere
2145 1773 2270 1829 aut
2311 1785 2479 1857 per-
2574 1841 2581 1846 ¹

346 1866 560 1938 ficere
583 1878 608 1922 ⁷
641 1867 747 1936 vis
767 1920 787 1951 ,
817 1880 901 1936 ut
931 1864 1263 1935 homines
1294 1877 1367 1934 te
1402 1889 1554 1934 non
1591 1862 1826 1934 solum
1860 1865 2191 1955 audiant,
2224 1894 2479 1943 verum

344 1977 558 2049 etiam
596 1975 908 2048 libenter
934 1974 1404 2071 studioseque
1432 1974 1752 2046 audiant.
1788 1979 1874 2045 In
1911 2001 2062 2073 quo
2100 1980 2158 2048 si
2190 1994 2263 2051 te
2291 1983 2478 2053 mul·

344 2102 500 2158 tum
531 2099 790 2157 natura
817 2084 1218 2179 adjuvaret3
1257 2089 1315 2156 si
1341 2086 1634 2183 optimis
1661 2110 1702 2155 a
1742 2087 2053 2183 pueritia
2087 2086 2481 2187 disciplinis

344 2213 565 2295 atque
595 2196 874 2268 artibus
907 2193 1304 2267 studuisses
1327 2250 1347 2284 ,
1402 2209 1476 2266 et
1522 2198 1597 2266 in
1654 2195 1762 2266 his
1796 2196 2265 2277 elaborasses:
2306 2203 2365 2272 si
2400 2202 2482 2272 li-

345 2304 567 2379 teras8
596 2331 856 2406 graecas
884 2305 1203 2394 Athenis,
1236 2329 1386 2377 non
1408 2305 1728 2404 Lilybaei,
1752 2305 2004 2378 latinas
2030 2314 2303 2399 Romae,
2329 2338 2482 2384 non

345 2421 420 2488 in
467 2418 736 2504 Sicilia,
793 2417 1199 2500 didicisses;
1248 2432 1491 2488 tamen
1544 2431 1728 2489 esset
1778 2440 2153 2513 magnum,
2208 2436 2480 2495 tantam

346 2553 668 2614 causam,
707 2542 855 2598 tam
887 2542 1403 2624 exspectatam,
1447 2540 1517 2597 et
1556 2525 1925 2623 diligentia
1962 2532 2353 2626 consequi,
2407 2548 2481 2604 et

348 2640 691 2708 memoria
741 2636 1165 2733 complecti,
1219 2651 1294 2708 et
1335 2640 1663 2708 oratione
1705 2661 2073 2734 exponere
2093 2649 2150 2725 9,
2190 2653 2263 2709 et
2302 2666 2479 2714 voce

349 2763 422 2818 et
463 2745 732 2818 viribus
769 2747 1139 2817 sustinere.
1176 2752 1500 2818 Fortasse
1542 2747 1736 2818 dices
1770 2774 1785 2816 :
1834 2746 2073 2836 Quid?
2115 2773 2291 2845 ergo
2332 2751 2482 2824 haec

348 2859 425 2927 in
461 2872 530 2928 te
574 2872 742 2929 sunt
778 2858 1077 2928 omnia?
1111 2859 1405 2929 Utinam
1448 2856 1743 2954 quidem
1787 2855 2072 2928 essent!
2119 2878 2481 2934 verumta-

350 2992 518 3038 men
568 2982 650 3038 ut
692 2992 847 3039 esse
891 2982 1229 3065 possent,
1274 2992 1540 3066 magno
1583 2966 1827 3038 studio
1869 2966 2045 3038 mihi
2090 2994 2131 3039 a
2173 2974 2481 3067 pueritia

349 3199 407 3236 ut
428 3185 640 3251 proinde
657 3201 712 3231 ne
739 3184 882 3243 dicit,
907 3184 1131 3233 videatur
1154 3196 1368 3233 aeturus.
1529 3187 1576 3233 8.
1607 3184 1808 3235 Liceras.
1837 3186 2070 3232 Sermone
2107 3186 2370 3237 utebantur
2404 3191 2482 3236 Si·

347 3269 539 3314 Ascon.

424 3354 472 3402 4.
517 3347 580 3391 In
620 3342 787 3391 Italia.
822 3345 985 3405 Quum
1029 3354 1158 3392 emt
1188 3354 1372 3406 praetor

347 3426 590 3481 urbanum
640 3424 681 3471 is
717 3424 844 3470 enim
881 3423 943 3471 ad
983 3440 1152 3487 neque·
1171 3422 1371 3470 centesi-

348 3522 480 3553 mum
503 3504 712 3569 lapidem
735 3506 816 3564 jus
839 3503 1048 3554 dicebat.

421 3585 472 3633 ⁵.
513 3585 569 3632 In
602 3583 767 3630 multis
801 3582 950 3631 codd.
961 3582 1208 3647 peccarit,
1232 3579 1371 3646 quod

345 3663 564 3711 defendit
586 3664 755 3711 Garat.

419 3744 470 3791 6.
503 3741 626 3791 Mihi
641 3741 802 3790 crede.
825 3744 944 3790 1120
962 3751 1205 3804 tamquam
1220 3741 1370 3804 inpe-

347 3823 444 3870 rito
467 3821 795 3885 dicit,qnibua
814 3832 862 3870 et
884 3821 1148 3868 auctoritas
1166 3822 1370 3883 loquen-

348 3904 409 3950 tis
429 3912 477 3950 et
491 3912 803 3965 contemptus
822 3898 1095 3948 ostenditur
1111 3898 1371 3961 audientis,

347 3994 405 4031 nt
446 3980 791 4030 animadvertit
832 3982 1015 4028 Donat.
1053 3978 1117 4026 ad
1153 3977 1371 4027 Terentii

349 4059 562 4124 Adelph.
584 4062 634 4117 1,
661 4076 679 4107 1
697 4076 741 4119 1,
759 4075 844 4107 υ.

422 4156 469 4199 7.
492 4138 749 4210 Pmficere.
777 4141 852 4188 Ex
879 4138 993 4187 cod.
1014 4137 1127 4198 Cui.
1155 4135 1319 4185 Ltmb.

1455 3264 1556 3310 culi
1569 3298 1584 3320 ,
1613 3280 1768 3327 neque
1787 3264 1931 3328 plane
1951 3280 2129 3327 graeco,
2151 3282 2308 3329 neque
2333 3268 2479 3332 plane

1453 3342 1636 3400 latino,
1658 3343 1746 3391 ned
1773 3345 1861 3409 qui
1890 3360 1950 3392 ex
1978 3356 2188 3407 utroque
2213 3359 2337 3394 esset
2358 3349 2482 3397 mix-

1457 3433 1564 3482 tns;
1591 3423 1726 3485 quod
1752 3439 1780 3469 e
1805 3423 2042 3472 Cicerone
2075 3434 2123 3471 et
2157 3426 2375 3474 Asconio
2406 3428 2479 3476 in-

1459 3501 1611 3565 telligi
1649 3512 1830 3565 potest.
1866 3505 1995 3551 Hinc
2032 3503 2188 3552 Plaut.
2220 3505 2275 3552 in
2312 3507 2480 3566 Peru,

1460 3602 1483 3623 ι
1505 3580 1752 3628 dabuntur
1795 3581 1927 3629 dotis
1966 3583 2083 3630 inde
2124 3585 2340 3633 sexcenti
2389 3586 2480 3634 tibi

1456 3659 1614 3722 Legi,
1654 3671 1802 3723 atque
1845 3661 1996 3709 Attici
2051 3677 2253 3712 omnes:
2290 3664 2480 3713 nullum

1456 3738 1672 3787 Siculum
1697 3740 1942 3803 acceperis
1961 3763 2011 3801 n,
2042 3752 2091 3789 et
2116 3741 2170 3788 in
2196 3743 2478 3795 Menechm.

1458 3817 1591 3866 Ptol.
1619 3834 1680 3866 n
1694 3851 1709 3875 ‚
1743 3817 1885 3883 fingit
1909 3820 2113 3868 verbum
2144 3820 2478 3881 siocli-esitare,

1411 3948 1418 3953 ,
1457 3898 1595 3962 qnod
1634 3898 1777 3945 etiam
1815 3899 1937 3948 abiit
1978 3902 2029 3947 in
2071 3900 2385 3964 proverbium
2428 3904 2480 3951 in

1460 3993 1545 4024 eos
1566 4012 1581 4035 ,
1622 3977 1707 4040 qui
1762 3978 2040 4027 Siculorum
2102 3995 2262 4037 more,
2305 3981 2480 4029 vitiose

1458 4057 1791 4120 loquerentur.

1476 4180 1485 4198 Ι
1533 4149 1582 4199 9.
1612 4135 1739 4193 Alii,
1767 4150 2065 4199 expromere.
2090 4138 2138 4184 J.
2156 4139 2216 4183 V.
2238 4137 2292 4184 L.
