3044 4788
642 356 751 426 IN
803 353 890 440 Q.
938 354 1484 423 CAECILIUM
1536 354 2112 425 DIVINATIO.
2301 359 2439 430 225

311 479 594 551 firmare
651 502 732 547 ac
777 499 1201 572 recuperare
1257 476 1651 573 possimuS,
1705 479 1905 545 omni
1966 479 2248 550 ratione
2310 484 2445 552 erit

310 587 824 661 dimicandum.
868 584 1103 656 Habet
1143 584 1536 670 honorem,
1582 608 1803 681 quem
1845 585 2189 683 petimus;
2231 587 2444 660 habet

310 723 546 796 spem,
582 721 804 794 quam
823 699 1264 793 propositam
1292 694 1504 765 nobis
1525 692 1915 782 habemus;
1947 695 2170 768 habet
2201 700 2440 769 existi-

308 810 704 879 mationem
724 860 743 893 ,
764 804 994 876 multo
1014 804 1302 891 sudore,
1322 802 1593 892 labore,
1607 804 2008 901 vigiliisque
2029 804 2396 877 collectam
2421 836 2438 878 ε

310 934 426 1006 ut,
464 918 523 987 si
568 917 643 985 in
694 916 830 986 hac
875 938 1090 986 causa
1139 927 1471 984 nostrum
1517 911 1842 984 officium
1884 938 1967 984 ac
2003 912 2446 1011 diligentiam

308 1024 886 1125 probaverimuS‚
911 1023 1065 1094 haec
1083 1077 1102 1110 ,
1133 1048 1294 1121 quae
1319 1022 1505 1110 dixi,
1534 1025 1847 1093 retinere
1878 1019 2049 1121 per⁸
2090 1027 2448 1122 populum

312 1158 696 1207 romanum
733 1132 1127 1203 incolumia
1176 1156 1259 1203 ac
1311 1132 1499 1203 salva
1544 1133 1946 1230 possimus;
1988 1131 2049 1201 si
2086 1135 2449 1206 tantulum

314 1242 674 1315 offensum
704 1238 1246 1336 titubatumque
1279 1245 1415 1326 sit,
1453 1255 1536 1312 ut
1570 1266 1689 1329 ea,
1717 1266 1876 1366 quae
1909 1241 2323 1359 singulatim
2364 1270 2447 1317 ac

315 1354 439 1426 diu
482 1350 785 1425 collecta
836 1364 1044 1436 sunt,
1106 1373 1258 1420 uno
1295 1364 1625 1446 tempore
1663 1343 2002 1422 universa
2042 1351 2446 1449 perdamus,

313 1468 819 1561 Quapropter,
875 1458 1198 1555 judiceS,
1263 1474 1587 1530 vestrum
1643 1476 1753 1530 est
1810 1461 2163 1559 deligere,
2232 1491 2455 1562 quem

320 1571 743 1645 existimetis
765 1567 1098 1641 facillime
1128 1593 1342 1667 posse
1370 1568 1940 1668 magnitudinem
1973 1596 2201 1645 causae
2233 1601 2316 1647 ac
2338 1577 2456 1672 ju-

322 1683 491 1753 dicii
540 1680 891 1752 sustinere
934 1677 1118 1766 fide,
1167 1678 1581 1778 diligentia,
1629 1681 1967 1770 consilio,
2007 1691 2458 1760 auctoritate.

322 1797 470 1863 Vos
503 1792 563 1861 si
591 1789 767 1860 mihi
787 1793 877 1880 Q.
897 1789 1260 1862 Caecilium
1286 1793 1874 1889 anteposuerim,
1901 1816 2037 1889 ego
2065 1819 2185 1865 me
2216 1795 2452 1893 digni-

323 1914 515 1973 tate9
566 1915 984 2001 superatum
1030 1924 1184 1970 non
1235 1899 1694 1972 arbitrabor:
1740 1901 2058 1998 populus
2109 1927 2481 1977 romanus-

324 2039 416 2084 ne
438 2068 458 2098 ,
489 2027 642 2084 tam
677 2010 1059 2082 honestam
1081 2065 1101 2097 ,
1140 2024 1286 2080 tam
1324 2035 1682 2098 severam,
1734 2009 2293 2107 diligentemque
2351 2040 2462 2086 ac-

322 2126 766 2195 cusationem
792 2144 1033 2217 neque
1062 2119 1268 2191 vobis
1288 2119 1637 2217 placuisse
1656 2175 1676 2209 ,
1720 2145 1961 2218 neque
1998 2121 2310 2194 ordini¹⁰
2339 2149 2460 2196 ve-

325 2248 474 2305 stro
498 2231 783 2331 placere
801 2284 822 2319 ,
848 2229 1263 2318 arbitretur,
1299 2230 1672 2329 providete
1694 2243 1714 2276 ¹
1730 2242 1778 2300 ¹.

324 2428 628 2491 magistratus
649 2460 664 2486 ,
714 2424 795 2472 vel
846 2440 972 2488 quon
1005 2426 1110 2500 jam
1143 2424 1349 2490 adeptus
1435 2438 1491 2475 ut
1532 2441 1559 2473 a
1595 2429 1748 2473 Verre
1792 2427 2059 2492 corruptis,
2094 2443 2253 2492 neque
2293 2430 2457 2478 ordini

324 2517 397 2554 est
413 2541 428 2565 ‚
443 2504 524 2552 vei
542 2520 669 2578 quon
693 2514 962 2568 exspectan
985 2513 1044 2551 ut
1059 2518 1179 2552 mox
1198 2504 1351 2553 dictu-
1436 2516 1598 2553 vestro
1612 2541 1628 2566 ,
1668 2521 1755 2552 seu
1784 2505 2057 2565 senatorio,
2084 2506 2199 2568 quia
2220 2509 2364 2555 Verri
2390 2509 2460 2556 fa·

326 2602 410 2634 ru·
431 2595 522 2633 ent.
1438 2596 1519 2634 vet
1532 2620 1549 2644 ,
1566 2585 1759 2648 placere
1780 2584 2039 2633 existimet.

403 2664 453 2710 8.
499 2662 587 2708 Per
620 2660 875 2725 populum.
919 2661 1074 2728 Cujus
1109 2662 1352 2729 suffragiis
1517 2679 1597 2712 ιο.
1629 2663 1805 2712 Ordini
1833 2673 2019 2713 vem-o.
2048 2666 2106 2711 Iu
2135 2663 2356 2712 eamdem
2377 2680 2458 2713 uu-

328 2741 634 2806 magismtm
659 2738 917 2788 dabantur.

395 2837 450 2885 9.
475 2818 746 2885 Dignieaee.
772 2819 893 2867 Non
912 2820 1034 2868 mihi
1052 2819 1306 2884 praelatum
1323 2845 1351 2875 a

330 2900 476 2949 vobis
501 2900 646 2948 fuisse
671 2898 949 2962 Cooilium,
981 2910 1186 2964 propter
1209 2903 1355 2949 meri·

331 2991 466 3037 tum,
497 2977 813 3039 existimah03
849 2994 954 3026 non
981 2980 1166 3042 putabo
1187 2997 1275 3029 vos
1298 2981 1353 3029 id

331 3059 504 3106 secisse
521 3093 537 3117 ,
591 3055 725 3120 quod
777 3058 1027 3106 Caecilium
1080 3058 1352 3124 digniorem

330 3138 420 3201 qni
444 3147 645 3185 accuset
672 3134 983 3199 existinetis3
1023 3154 1113 3186 vos
1142 3156 1259 3187 vero
1285 3140 1350 3188 ti-

332 3228 487 3276 mete,
513 3232 577 3264 ne
595 3215 808 3280 populu
823 3232 949 3267 ron.
969 3227 1069 3266 tam
1083 3218 1352 3278 honestam,

333 3312 428 3361 pro
447 3295 598 3344 sociis
620 3295 823 3355 seilicet,
852 3306 1021 3345 contra
1046 3313 1215 3346 eorum
1233 3315 1354 3362 ρω-

335 3375 542 3433 doum,
581 3384 677 3421 tam
699 3390 937 3436 severam,
972 3391 1119 3438 quam
1141 3393 1247 3426 mea
1270 3377 1352 3424 fu-

338 3465 442 3503 tura
461 3464 536 3503 est
549 3489 563 3513 ,
600 3455 980 3514 accusationem,
1005 3470 1166 3520 neque
1183 3456 1352 3518 vobis,

507 4188 510 4191 π
539 4146 595 4213 Ῑ.
638 4159 729 4204 Cic.
755 4174 869 4221 pars
893 4156 1101 4205 secunda.

1440 2743 1726 2807 spicionem,
1744 2743 1786 2812 si
1804 2742 1898 2790 nihi
1908 2743 2135 2792 Caecilius
2152 2743 2458 2807 preferatur,

1439 2833 1660 2869 senatum
1706 2818 1988 2870 universum
2045 2819 2245 2869 adducit
2267 2857 2283 2883 ‚
2337 2823 2462 2870 male

1435 2902 1537 2962 iam
1559 2900 1856 2962 judiciorum
1877 2901 2076 2948 nomine
2092 2901 2388 2950 audientem.

1519 2997 1602 3030 11.
1638 2979 1899 3029 providete.
1925 2983 2096 3028 Vestra
2131 2995 2274 3028 eausa
2294 3014 2309 3038 ,
2354 2995 2461 3029 non

1440 3077 1561 3108 mea.
1584 3060 1700 3108 Non
1719 3059 1823 3106 sine
1845 3060 2015 3108 aculeo
2041 3060 2138 3108 hoc
2172 3060 2323 3109 verbo
2355 3075 2458 3108 orn·

1439 3141 1627 3189 tionem
1652 3136 1859 3197 claudit,
1897 3150 1944 3187 et
1966 3138 2269 3187 demonstrat
2292 3154 2461 3187 eorum

1439 3220 1595 3267 multo
1623 3218 1779 3283 pluria
1803 3234 1950 3283 quam
1977 3233 2060 3266 sun
2096 3217 2274 3266 referre
2309 3234 2362 3266 oe
2399 3218 2462 3265 ab

1440 3299 1510 3347 ein
1545 3297 1610 3346 ad
1636 3297 1966 3347 accusandum
1990 3297 2172 3362 deligi,
2215 3298 2308 3345 nisi
2335 3298 2464 3345 forte

1439 3378 1493 3425 in
1527 3366 1705 3442 populi
1746 3392 1870 3430 rom.
1901 3375 2226 3425 offensionem
2259 3376 2462 3424 omnino

1439 3457 1605 3504 venire
1625 3456 1792 3505 velint.

2211 4133 2292 4204 15
