3044 4788
740 418 1130 488 ORATIO
1171 419 1380 486 ‘PRO
1429 418 1495 485 S.
1543 415 1943 484 ROSCIO.
2012 423 2020 432 '
2274 439 2291 483 ι
2320 413 2403 486 13

271 542 497 637 igitur
528 541 604 609 in
641 540 797 609 istis
827 536 1074 624 boniS,
1106 535 1376 633 quibus
1410 549 1689 632 partem
1728 533 2246 629 Chrysogonus
2278 535 2403 608 de-

269 646 498 718 derit?
519 651 694 717 Duo
717 647 980 718 Roscii.
1015 650 1207 716 Num
1243 649 1575 741 quisnam
1603 644 1989 741 praeterea?
2016 647 2245 715 Nemo
2273 661 2404 728 est,

256 757 577 853 judiceS.
627 761 821 828 Num
878 778 1049 851 ergo
1104 753 1410 824 dubium
1459 768 1570 825 est
1598 807 1618 841 ,
1670 755 1850 851 quin
1901 755 1948 823 ii
2006 752 2406 827 obtulerint

263 866 459 936 hanc
495 865 816 964 praedam
850 863 1325 960 Chrysogono
1347 917 1367 951 ,
1423 866 1551 960 qui
1591 862 1684 933 ab
1720 887 1807 935 eo
1839 878 2115 959 partem
2147 866 2402 962 praedae

263 978 651 1049 tulerunt?

361 1092 517 1183 Age
546 1140 566 1173 ‚
596 1109 796 1155 nunc
826 1108 912 1154 ex
947 1086 1174 1181 ipsius
1204 1083 1656 1179 Chrysogoni
1681 1081 1957 1177 judicio
1975 1086 2402 1155 Rosciorum

265 1195 552 1267 sactum
603 1192 1166 1265 consideremus.
1208 1196 1278 1264 Si
1322 1192 1504 1262 nihil
1554 1195 1634 1261 in
1684 1195 1816 1262 ista
1859 1217 2101 1290 pugna
2127 1198 2406 1283 Roscii,

267 1304 475 1402 quod
493 1298 770 1402 operae⁸
799 1305 1114 1401 pretium
1141 1316 1358 1389 esset,
1385 1299 1735 1389 fecerant,
1756 1326 1975 1399 quam
2000 1302 2096 1373 ob
2121 1327 2408 1376 causam

272 1440 316 1484 a
335 1414 818 1511 Chrysogono
837 1415 1052 1482 tantis
1079 1414 1386 1509 praemiis
1410 1409 1912 1481 donabantur?
1930 1415 1997 1483 Si
2015 1413 2195 1484 nihil
2212 1414 2410 1485 aliud

278 1521 649 1608 fecerunt,
678 1523 814 1591 nisi
841 1545 991 1591 rem
1017 1519 1466 1608 detulerunt,
1495 1546 1743 1591 nonne
1771 1525 1937 1592 satis
1960 1522 2097 1594 fuit
2122 1522 2233 1594 his
2261 1549 2415 1621 gra-

286 1635 423 1702 tias
454 1632 618 1727 agi?
644 1630 957 1726 denique
976 1685 995 1719 ,
1021 1645 1105 1701 ut
1134 1628 1656 1729 perliberaliter
1682 1646 2039 1727 ageretur,
2066 1631 2411 1705 honoris⁹

291 1739 562 1838 aliquid
595 1739 883 1811 haberi?
929 1743 1074 1811 Cur
1106 1743 1238 1810 tria
1270 1740 1536 1838 praedia
1568 1754 1780 1810 tantoe
1816 1743 2142 1838 pecuniae
2174 1744 2412 1812 statim

287 1852 618 1947 Capitoni
651 1848 964 1920 dantur?
995 1854 1165 1936 Cur,
1203 1873 1365 1947 quae
1398 1850 1673 1946 reliqua
1706 1866 1911 1938 sunt,
1952 1853 2084 1922 iste
2112 1855 2414 1923 Roscius

282 1963 527 2031 omnia
561 1983 731 2030 cum
759 1957 1232 2055 Chrysogono
1266 1963 1748 2030 communiter
1779 1959 2411 2058 possidetPNonne

281 2073 753 2167 perspicuum
785 2082 917 2156 est,
929 2067 1235 2163 judices,
1250 2067 1378 2138 has
1408 2067 1784 2139 manubias
1804 2079 1867 2112 ¹⁰
1891 2071 2164 2140 Rosciis
2191 2070 2416 2167 Chry-

280 2203 645 2276 sogonum
667 2232 686 2263 ,
717 2203 796 2247 re
830 2180 1150 2274 cognita,
1183 2179 1667 2248 concessisse?

372 2291 769 2360 XXXVIII.
819 2289 1035 2359 Venit
1070 2290 1148 2357 in
1183 2287 1717 2385 decemprimis¹
1756 2288 2028 2384 legatus
2063 2290 2139 2358 in
2186 2302 2414 2359 castra

281 2402 566 2497 Capito,
597 2403 848 2468 Totam
877 2401 1093 2468 vitam
1114 2451 1133 2485 ,
1166 2412 1494 2468 naturam
1515 2452 1534 2485 ,
1567 2421 1951 2494 moresque
1984 2398 2296 2470 hominis
2329 2424 2416 2470 ex

283 2512 439 2608 ipsa
468 2509 829 2606 legatione
863 2510 1294 2605 cognoscite.
1339 2510 1489 2579 Nisi
1533 2506 2057 2594 intellexeritis,
2095 2506 2415 2602 judices,

288 2620 572 2690 nullum
606 2643 760 2689 esse
798 2616 1156 2701 officium,
1186 2618 1468 2688 nullum
1492 2618 1613 2713 jus
1649 2630 1794 2687 tam
1826 2631 2154 2686 sanctum
2195 2631 2415 2713 atque

287 2732 676 2824 integrum,
700 2726 898 2824 quod
931 2751 1085 2797 non
1118 2728 1273 2822 ejus
1307 2727 1540 2798 scelus
1565 2742 1784 2823 atque
1811 2724 2112 2824 perfidia
2138 2725 2420 2798 violarit

288 2854 358 2910 et
394 2840 843 2909 imminuerit
867 2891 887 2925 ,
933 2839 1172 2908 virum
1206 2840 1565 2935 optimum
1607 2860 1760 2907 esse
1793 2860 1960 2906 eum
1991 2834 2411 2929 judicatote.

289 2946 821 3045 Impedimento
854 2960 998 3034 est,
1038 2971 1188 3042 quo
1230 2949 1475 3016 minus
1516 2944 1607 3015 de
1647 2945 1759 3015 his
1800 2943 2016 3015 rebus
2052 2945 2243 3016 Sulla
2279 2945 2413 3016 do-

292 3074 566 3146 ceatur;
619 3071 1027 3128 ceterorum
1075 3057 1475 3154 legatorum
1524 3057 1819 3126 consilia
1859 3071 1931 3126 et
1965 3057 2411 3128 voluntatem

291 3167 764 3264 Chrysogono
793 3170 1158 3257 enuntiat3
1186 3182 1472 3253 monet,
1505 3182 1588 3237 ut
1622 3165 2026 3265 provideat,
2058 3192 2150 3237 ne
2179 3167 2412 3264 palam

289 3304 401 3349 res
425 3293 677 3375 agatur
697 3304 716 3365 3
742 3276 1092 3365 ostendit,
1118 3280 1174 3347 si
1201 3276 1521 3348 sublata²
1551 3280 1643 3347 sit
1664 3271 1990 3346 venditio
2011 3273 2375 3345 bonorum
2392 3330 2412 3363 ‚

289 3387 495 3458 illum
513 3385 542 3430 ³
573 3390 956 3485 pecuniam
985 3385 1329 3484 grandem
1354 3389 1812 3475 amissurum,
1837 3410 1990 3458 sese
2018 3388 2269 3484 capitis
2290 3409 2413 3486 pe·

287 3595 446 3632 autem
473 3599 569 3649 pro
594 3582 763 3631 indicii
793 3583 995 3648 premio
1022 3585 1226 3634 Hotom.
1259 3594 1310 3632 et
1398 3582 1673 3642 dicebatur,
1704 3599 1815 3647 qua
1848 3582 1913 3631 nd
1938 3584 2279 3648 imperatorem
2302 3600 2413 3649 per-

287 3664 477 3711 Eruest.
501 3663 616 3710 Non
644 3663 710 3709 ita
738 3661 877 3711 bene.
1396 3661 1614 3710 tinebat:
1657 3662 1989 3711 venustissime
2034 3661 2249 3712 dictum:
2294 3663 2407 3725 quia

355 3745 403 3790 8.
448 3740 595 3803 Quod
619 3757 798 3804 operte.
840 3739 990 3804 Quod
1027 3738 1147 3788 utile
1185 3749 1308 3788 esset
1396 3741 1545 3789 duces
1562 3740 1704 3787 imin
1729 3740 1941 3788 facinore
1966 3741 2121 3805 fuere,
2146 3740 2258 3790 ideo
2280 3758 2409 3805 prae·

284 3821 630 3885 Chrysogono.
1394 3818 1546 3866 mium
1573 3819 1822 3866 manubias
1849 3818 2075 3882 appellat.

354 3916 408 3962 9.
457 3898 681 3947 Honoris.
710 3898 929 3959 Ρῐειιιίἰ,
964 3898 1308 3947 remuneratio·
1465 3900 1754 3946 xxxvm.
1802 3914 1844 3947 1.
1892 3896 2247 3964 Decempn’mis.
2292 3896 2411 3946 Vid.

288 3979 376 4027 nis.
435 3979 519 4027 Sic
569 3979 688 4027 Caes.
736 3976 857 4025 Bell.
904 3980 1000 4025 civ.
1045 3978 1124 4036 11,
1172 4001 1196 4017 «ι
1214 3978 1308 4024 ho-
1394 3995 1501 4043 sup.
1532 3993 1639 4041 cap.
1667 3993 1720 4039 9.

291 4074 433 4106 nores
457 4056 695 4115 habere»,
713 4072 830 4120 pro,
853 4056 1072 4103 conferre
1097 4056 1307 4119 praemia.
1467 4072 1520 4106 a.
1551 4056 1773 4104 Sublata.
1797 4059 2003 4104 Remota
2025 4067 2073 4104 et
2095 4056 2341 4118 abrogata.

361 4152 442 4186 ιο.
474 4135 754 4184 manubias.
782 4136 862 4184 Sic
890 4134 1070 4201 praedae
1111 4152 1222 4202 pars
1256 4150 1310 4185 ea
1470 4137 1526 4186 ³.
1548 4136 1714 4186 Illum.
1739 4137 2418 4201 Chrysogonum—Acuca.

488 4225 546 4291 Ῑ.
601 4237 691 4286 cie.
710 4254 828 4301 pars
854 4234 1070 4286 secunda.
2139 4219 2181 4286 8
2224 4289 2232 4304 ,
