3044 4788
716 446 858 532 484
1346 440 1439 506 Μ.
1491 438 1567 504 T.
1621 424 2216 504 CICERONIS

713 570 884 664 piat.
916 563 1235 635 Omnino
1264 551 1596 657 praeclare
1626 570 1698 626 te
1735 552 1961 625 habes
1987 546 2042 640 ⁵,
2067 575 2298 648 quum
2332 552 2399 620 is
2425 547 2619 620 ordo
2649 560 2827 641 atque

716 675 789 746 id
827 699 1055 773 genus
1088 672 1506 753 hominum,
1543 663 1745 762 quod
1780 667 2142 761 optimum
2179 675 2405 758 atque
2446 651 2829 728 honestissi-

716 810 920 857 mum
972 797 1113 868 est,
1175 805 1217 850 a
1253 801 1403 876 quo
1447 771 1644 845 ιιηο6
1690 788 1764 845 et
1818 795 2098 843 summa
2141 768 2577 868 reipublicae
2622 782 2694 836 et
2743 765 2833 833 illa

717 894 1088 993 provincia
1118 890 1426 961 maxime
1465 886 1903 969 continetur,
1936 881 2073 953 tibi
2101 895 2211 952 est
2251 879 2831 949 inimicissimum.

717 1011 987 1077 Verum
1025 1016 1180 1072 esto
1213 1026 1229 1069 ε
1277 997 1422 1068 alio
1455 996 1619 1066 loco
1647 993 1738 1064 de
1775 1006 2143 1064 aratorum
2179 991 2435 1059 animo
2477 1001 2559 1058 et
2599 983 2835 1078 injuriis

715 1115 1007 1198 videi-03
1042 1133 1274 1195 nunc,
1298 1106 1500 1205 quod
1529 1103 1708 1175 mihi
1744 1101 1872 1173 abs
1900 1117 1974 1172 te
2009 1101 2245 1188 datur,
2272 1098 2348 1169 id
2384 1096 2674 1194 accipio
2694 1149 2712 1179 ,
2740 1116 2835 1163 eos

718 1224 848 1294 tibi
885 1240 1038 1293 esse
1066 1218 1597 1290 inimicissimos
1639 1241 1655 1284 ε
1702 1235 1968 1309 nempe
2005 1212 2104 1281 ita
2140 1208 2357 1295 dicis,
2396 1220 2712 1305 propter
2737 1201 2832 1270 de·

719 1357 985 1407 cumas.
1021 1327 1398 1415 Conced03
1430 1351 1581 1396 non
1612 1346 1860 1421 quaero
1882 1375 1901 1408 ‚
1933 1322 2097 1416 jure
2129 1344 2221 1389 an
2246 1317 2530 1413 injuria
2567 1317 2704 1384 sint
2727 1311 2832 1379 ini-

723 1445 909 1514 mici.
964 1440 1161 1532 Quid
1206 1463 1378 1535 ergo
1438 1435 1571 1506 illae
1632 1431 1770 1504 sibi
1813 1445 2064 1503 statuae
2105 1441 2491 1525 equestres
2539 1428 2836 1496 inaurata

720 1553 1012 1639 volunt,
1032 1575 1193 1649 quae
1223 1546 1478 1646 populi
1508 1543 1788 1614 romani
1814 1541 2066 1613 oculos
2094 1542 2538 1636 animosque
2571 1532 2831 1604 maxime

722 1665 1141 1748 offendunt,
1182 1673 1481 1759 propter
1517 1655 1788 1726 aedem⁷
1821 1650 2173 1723 Vulcani?
2213 1652 2396 1721 Nam
2440 1646 2829 1740 inscriptum

724 1804 879 1851 esse
923 1776 1134 1848 video
1159 1829 1177 1859 ‚
1235 1767 1683 1867 «quamdam
1728 1790 1817 1836 ex
1862 1763 1973 1834 his
2010 1776 2318 1834 statuam
2359 1773 2692 1831 aratores
2737 1751 2831 1820 de-

722 1921 754 1955 «
783 1890 1041 1961 disse».
1072 1885 1144 1954 Si
1179 1873 1526 1952 honoris⁸
1559 1898 1771 1948 causa
1806 1886 2115 1945 statuam
2156 1868 2567 1957 dederunt,
2601 1858 2826 1936 inimici

724 2026 878 2072 non
911 2011 1081 2069 sunt
1108 2022 1124 2064 ε
1153 1990 1533 2065 credamus
1562 1983 1870 2059 testibus
1905 2012 1921 2054 z
1960 1998 2118 2054 tum
2158 1983 2353 2052 enim
2386 1976 2668 2051 honori
2701 1989 2831 2045 tuo,

727 2132 928 2205 nunc
967 2107 1117 2200 jam
1163 2100 1495 2197 religioni
1536 2123 1684 2169 suae
1735 2094 2149 2168 consulunt.
2201 2094 2326 2161 Sin
2351 2094 2622 2162 ‘autem
2671 2093 2828 2153 metu

728 2217 956 2289 coacti
975 2212 1335 2285 dederunt
1355 2264 1374 2295 ‚
1394 2207 1784 2279 confiteare
1809 2227 2101 2277 necesse
2124 2216 2258 2289 est,
2291 2215 2363 2272 te
2390 2203 2469 2270 in
2496 2188 2827 2298 provincia

726 2326 1112 2426 pecuniam
1154 2335 1554 2392 statuarum
1591 2318 1887 2390 nomine
1920 2339 2050 2415 per
2081 2314 2229 2381 vim
2266 2336 2348 2383 ac
2387 2325 2668 2383 metum
2707 2321 2827 2372 coe·

731 2441 934 2537 gisse.
974 2440 1239 2507 Utrum
1278 2432 1411 2503 tibi
1446 2427 1913 2503 commodum
1950 2442 2091 2513 est,
2131 2424 2333 2521 elige.

825 2551 1042 2620 LXII.
1075 2543 1432 2641 Equidem
1474 2540 1785 2611 libenter
1825 2537 1965 2608 hoc
1999 2537 2148 2632 jam
2186 2537 2463 2606 crimen
2503 2532 2600 2604 de
2628 2521 2828 2599 statuis

735 2837 845 2870 eum
870 2827 1128 2881 sequutus,
1151 2830 1177 2860 e
1206 2811 1403 2860 duobus
1434 2810 1581 2858 codd.
1603 2809 1757 2857 Paris.
1845 2793 2053 2858 in'foro.
2082 2810 2140 2854 In
2165 2822 2271 2854 eam
2299 2805 2488 2856 tribuni
2506 2804 2696 2870 plebem
2719 2794 2828 2844 ‚dm

734 2895 899 2961 Vulgo
950 2918 975 2937 α
997 2892 1185 2941 inimici
1234 2906 1404 2940 omnes
1423 2924 1439 2947 ‚
1496 2887 1760 2936 adversarii
1847 2900 1957 2933 ecre
1990 2897 2040 2934 et
2080 2885 2369 2934 concionem
2393 2883 2577 2932 habere
2605 2885 2828 2928 consum·-

736 2986 850 3042 sunt
864 2997 905 3023 n.
933 2976 1001 3022 At
1020 2972 1256 3019 Gruterus
1276 2970 1377 3030 jem
1407 2967 1564 3032 repeti
1589 2980 1762 3015 vocem
1849 2975 1972 3014 rant.
2001 2970 2171 3015 Fuerat
2215 2982 2245 3013 a
2280 2964 2500 3013 Romulo
2533 2974 2666 3012 extra
2689 2954 2830 3005 Urbe*

738 3050 1283 3107 maluent.‘1.ambiuu⁸
1323 3048 1487 3106 dedit,
1532 3069 1557 3088 ··
1578 3041 1763 3092 inimici
1852 3046 2048 3094 condita
2064 3079 2079 3104 ,
2106 3061 2206 3110 quo
2233 3056 2432 3092 seuerus
2457 3046 2607 3093 curiae
2631 3041 2731 3088 loeo
2751 3042 2826 3080 ute·

741 3153 910 3186 omnes
955 3144 1003 3181 et
1049 3129 1308 3178 adversarii
1345 3138 1459 3175 sunt
1474 3148 1512 3172 a.
1556 3124 1767 3187 langui·
1854 3135 2017 3186 retur-3
2043 3140 2209 3172 verum
2248 3123 2480 3189 ampliato
2517 3118 2741 3188 pomoerio
2772 3125 2827 3157 st·

743 3218 869 3265 dius.
897 3217 946 3263 J.
967 3214 1035 3258 V.
1060 3212 1117 3259 1..
1138 3236 1207 3246 —
1232 3207 1528 3257 Garatonius
1558 3203 1760 3264 coniicit
1844 3203 2156 3252 leben-imum
2201 3215 2370 3267 postea
2405 3203 2543 3251 urbis
2581 3202 2732 3250 locum
2761 3206 2822 3239 α’·

741 3311 910 3344 vocem
937 3291 1069 3339 illam
1088 3299 1200 3336 sune
1214 3286 1452 3348 adjectam
1471 3283 1648 3331 ruinae:
1670 3297 1760 3330 nec
1849 3285 2067 3349 cupavit.

738 3378 939 3439 optime.
1922 3364 1970 3412 8.
1991 3362 2045 3409 δι’
2066 3361 2277 3410 honoris.
2301 3363 2351 3409 Si
2378 3362 2460 3409 isti
2485 3372 2695 3409 aratores
2716 3354 2831 3400 bow·

814 3456 861 3500 5.
884 3448 1093 3499 Omm‘no
1111 3446 1351 3512 proeclare
1372 3456 1418 3491 te
1442 3441 1608 3489 habes.
1635 3443 1763 3488 Prae-
1851 3441 1918 3489 rin
1963 3457 2104 3488 causa
2130 3474 2144 3495 ,
2206 3441 2297 3488 tibi
2346 3451 2556 3487 statuam
2605 3434 2826 3486 dederunt·

740 3533 868 3578 clare
887 3541 1049 3577 tecum
1074 3527 1250 3590 agitur,
1266 3524 1409 3573 habes
1428 3536 1531 3585 quo
1554 3530 1603 3567 te
1629 3519 1765 3568 oble·
1851 3521 2036 3568 inimici
2060 3520 2149 3567 tibi
2169 3536 2269 3567 non
2292 3530 2423 3566 suut.
2441 3520 2574 3583 Ergo
2593 3519 2650 3566 iis
2669 3508 2828 3562 testib&

742 3620 862 3657 ctes.
892 3609 1106 3655 Ironice.
1852 3610 1924 3648 eet
1951 3599 2269 3659 credendum,
2296 3599 2338 3647 si
2363 3600 2685 3647 testimoninm
2700 3598 2825 3640 σθω*

813 3689 864 3737 6.
905 3689 954 3736 A
989 3701 1086 3748 quo
1125 3699 1237 3729 uno.
1276 3684 1318 3728 A
1355 3695 1455 3741 quo
1495 3675 1675 3742 pendet
1717 3688 1766 3726 et
1853 3689 1901 3727 te
1932 3678 2116 3729 dicunt.
2142 3680 2269 3727 Tum
2299 3679 2460 3735 enim,
2492 3694 2645 3742 quum
2667 3672 2825 3722 tibim-

744 3779 845 3816 totn
878 3766 1000 3827 reip.
1028 3761 1179 3817 salus,
1215 3759 1399 3821 quippe
1434 3758 1517 3819 qui
1554 3767 1765 3803 aratores
1853 3768 1960 3806 tues
1999 3757 2308 3806 collocabant
2324 3792 2339 3816 ,
2376 3757 2560 3805 honori
2585 3768 2670 3804 tuo
2694 3758 2825 3798 eom·

744 3851 950 3896 Romam
970 3841 1126 3896 claun
1153 3849 1201 3885 et
1218 3836 1394 3884 siciliae
1418 3836 1637 3892 fortune,
1654 3850 1766 3898 quae
1851 3837 2073 3895 lnemut3
2100 3853 2237 3885 nunc
2264 3853 2418 3901 quum
2445 3846 2492 3884 te
2516 3841 2752 3885 accusant,
2775 3836 2824 3879 ‘i'

743 3943 806 3975 ex
844 3924 942 3972 hoc
977 3921 1329 3968 frumentorum
1366 3916 1660 3963 commercio
1695 3914 1765 3961 es·
1851 3915 2023 3979 ligioni
2075 3931 2173 3964 suae
2226 3918 2282 3964 iu
2335 3916 2620 3964 testimonio
2669 3899 2829 3959 ‹lior-¹¹⁶⁰

743 4006 981 4054 florescat.
1852 3995 2133 4043 consulunt.
2180 3993 2403 4043 Lambin.
2451 4006 2501 4043 et
2541 3994 2655 4043 Seh.
2693 3985 2824 4036 ΜΨ(

816 4101 867 4145 7.
890 4085 1095 4140 Propter
1118 4073 1291 4124 endem.
1318 4073 1398 4122 Ad
1419 4073 1630 4122 Vulcani
1648 4081 1765 4121 tem-
1853 4076 2128 4132 consulent,
2158 4074 2296 4139 quod
2326 4074 2532 4123 omnino
2554 4083 2732 4122 neeesse
2751 4065 2827 4109 ⁰⁰¹¹

746 4165 882 4230 plum
900 4195 915 4223 ‚
960 4156 1099 4223 quod
1141 4171 1286 4218 supra
1330 4148 1586 4201 comitium
1631 4163 1732 4201 erat
1752 4189 1767 4213 ,
1857 4164 1949 4201 ent.
