3044 4788
642 383 748 451 IN
798 382 885 469 Q.
943 379 1477 448 CAECILIUM
1530 379 2107 449 nlleArlo.
2302 407 2427 452 22·

311 507 514 602 isque
538 527 613 575 se
639 517 913 573 veteres
940 500 1345 570 inimicitias
1366 501 1516 595 jam
1546 499 1671 571 diu
1698 516 2069 599 susceptas
2101 509 2441 602 persequi

310 615 623 685 diceret:
666 635 898 708 quum
940 610 1327 680 auctoritas
1373 622 1446 679 et
1496 608 1808 706 dignitas
1846 613 2119 682 Pisonis
2162 612 2447 685 valebat

311 725 707 822 plurimum
732 773 751 808 ‚
790 734 947 790 tum
984 719 1103 790 illa
1134 732 1289 790 erat
1315 742 1529 789 causa
1558 720 1949 815 justissima
1972 775 1991 808 ‚
2039 722 2243 818 quod
2279 749 2447 795 eum

311 831 449 903 sibi
497 831 726 903 Achati
770 844 1161 926 patronum
1211 827 1657 926 adoptarant.
1712 833 1996 901 Etenim
2048 858 2279 928 quum
2334 834 2449 905 lex

312 943 463 1039 ipsa
488 940 582 1043 de
613 940 939 1038 pecuniis
961 937 1383 1036 repetundis
1412 940 1775 1009 sociorum
1803 955 2023 1037 atque
2051 947 2448 1015 amicorum

311 1049 567 1147 populi
617 1049 896 1118 romani
946 1043 1286 1146 patrona³
1326 1049 1456 1131 sit3
1495 1048 1833 1144 iniquum
1888 1066 2029 1140 est,
2077 1078 2227 1124 non
2276 1079 2445 1125 eum

311 1160 486 1258 legis
535 1156 936 1254 judiciique
993 1160 1357 1228 actorem‘·
1398 1156 1746 1228 idoneum
1807 1162 2117 1233 maxime
2170 1165 2448 1260 putari,

315 1294 535 1366 quem
565 1283 883 1339 actorem
917 1292 1146 1338 causae
1174 1291 1318 1337 suae
1345 1267 1556 1355 socii,
1587 1265 2193 1366 defensoremque
2220 1271 2452 1343 fortu-

320 1403 575 1449 narum
608 1401 904 1449 suarum*
938 1379 1387 1473 potissimum
1416 1399 1582 1447 *esse
1613 1377 2027 1449 voluerunt.
2068 1387 2179 1452 An
2202 1435 2221 1468 ‚
2246 1381 2450 1478 quod

319 1486 411 1586 ad
438 1484 1151 1558 commemorandum
1183 1500 1292 1557 est
1325 1486 1735 1574 honestiuS‚
1762 1485 1833 1557 id
1865 1487 1950 1558 ad
1987 1489 2446 1585 probandum

323 1623 474 1667 non
512 1595 743 1667 multo
769 1594 993 1667 videri
1023 1595 1242 1667 deb'et
1269 1597 1586 1692 aequius?
1622 1600 1799 1667 Utra
1834 1598 2051 1695 igitur
2080 1615 2187 1671 est
2215 1602 2455 1698 splen·

326 1707 584 1792 didior‚
608 1722 766 1778 utra
785 1705 1129 1778 illustrior
1152 1709 1746 1778 commemoratio
1773 1735 1789 1776 :
1818 1737 1852 1772 «
1873 1711 2217 1779 Accusavi
2246 1734 2410 1781 eum
2431 1765 2450 1799 ,

327 1849 360 1881 «
390 1815 554 1888 cui⁵
599 1832 914 1913 quaestor
953 1814 1265 1905 fueram,
1317 1820 1615 1913 quicum
1660 1842 1778 1888 me
1821 1841 2012 1905 sors,
2070 1836 2457 1892 consuetu-

324 1957 356 1991 «
384 1927 624 2023 doque
650 1927 1032 2022 majorum,
1061 1927 1359 2022 quicum
1388 1951 1506 1998 me
1544 1923 1894 1999 deorum⁶
1922 1927 2453 2028 hominumque

320 2035 728 2132 «judicium
762 2038 1276 2131 conjunxerat3
1304 2068 1337 2101 >2
1366 2061 1458 2107 an
1498 2067 1533 2103 (ι
1555 2040 1897 2109 Accusavi
1933 2054 2190 2135 rogatu
2222 2046 2459 2113 socio-

323 2179 356 2211 «
385 2174 546 2218 rum
602 2163 819 2245 atque
871 2149 1306 2235 amicorum3
1365 2147 1685 2219 delectus
1742 2171 1899 2219 sum
1970 2148 2059 2219 ab
2122 2152 2455 2223 universa

324 2287 358 2322 α
388 2258 787 2356 provincia.
833 2258 961 2353 qui
997 2256 1151 2351 ejus
1183 2257 1346 2352 jura
1381 2254 1857 2353 fortunasque
1902 2256 2405 2332 defenderem?
2428 2293 2462 2326 »

328 2368 674 2440 Dubitare
702 2369 1086 2465 quisquam
1108 2381 1383 2466 potest,
1416 2368 1600 2464 quin
1634 2366 2007 2438 honestius
2035 2369 2163 2448 sit,
2199 2394 2457 2441 eorum

329 2505 574 2566 causa,
609 2477 807 2576 apud
844 2503 1028 2574 quos
1063 2492 1380 2573 quaestor
1426 2476 1684 2563 fueris,
1739 2502 1959 2574 quam
1997 2502 2203 2563 eum,
2252 2480 2458 2572 cuj-us

332 2602 646 2686 quaestor
678 2586 900 2658 fueris
920 2642 938 2670 ‚
982 2588 1363 2659 accusare?
1392 2587 1782 2658 Clarissimi
1815 2587 1949 2656 viri
1992 2601 2252 2658 nostrae
2287 2592 2462 2659 civi-

333 2700 533 2784 tatis,
562 2697 1011 2795 temporibus
1046 2699 1373 2795 optimiS,
1409 2697 1713 2768 hocsibi
1747 2694 2269 2795 amplissimum
2310 2699 2465 2796 pul-

335 2803 919 2904 cherrimumque
951 2807 1344 2896 ducebant,
1376 2808 1467 2879 ab
1495 2806 1904 2905 hospitibus
1929 2806 2464 2907 clientibusque

339 2921 523 3007 suiS‚
563 2917 656 2989 ab
684 2920 943 2990 exteris
980 2918 1437 3005 nationibus,
1475 2942 1638 3014 quae
1681 2919 1757 2988 in
1790 2919 2172 2989 amicitiam
2211 2918 2466 3017 populi

259 3056 284 3097 κ
338 3033 619 3098 romani
656 3028 1150 3124 ditionemque
1189 3043 1426 3099 essent
1447 3039 1500 3117 ⁷,
1527 3029 1820 3120 injurias
1854 3029 2315 3125 propulsare,
2346 3055 2468 3101 eo-

343 3161 652 3233 rumque
706 3136 1032 3210 fortunas
1084 3137 1497 3210 defendere.
1551 3136 1645 3208 M.
1679 3135 2077 3210 Catonem⁸
2124 3138 2326 3209 illum
2357 3164 2466 3212 sa-

418 3323 465 3371 3.
503 3323 666 3388 Vulgo
683 3340 833 3373 causa
843 3337 1036 3389 parata
1061 3325 1141 3374 sic.
1165 3327 1362 3373 Ernest.

334 3412 561 3466 patrona
586 3418 613 3449 e
653 3403 765 3452 cod.
791 3405 953 3454 Guelf.
981 3405 1225 3463 restituit,
1260 3403 1362 3451 col-

344 3481 429 3530 lat.
450 3483 593 3529 etiam
615 3478 749 3529 Orat.
766 3485 839 3542 11,
878 3486 965 3537 48.
993 3486 1125 3533 LV.
1144 3485 1200 3532 L.

418 3568 466 3615 4.
490 3564 729 3609 Accorem.
758 3563 856 3624 Qui
875 3576 1149 3629 susceptam
1169 3562 1289 3627 legis
1312 3575 1363 3611 et

339 3639 517 3702 judicii
550 3657 742 3688 causam
776 3642 1013 3691 defendit.

419 3720 471 3768 5.
493 3722 552 3767 In
574 3721 662 3768 MS
681 3721 848 3769 Ursin.
863 3721 1085 3779 cuicum5
1123 3722 1252 3770 unde
1277 3721 1363 3769 alii

344 3798 570 3862 quicum,
609 3810 665 3847 ut
690 3800 856 3863 paullo
885 3801 1031 3847 infra.

418 3881 471 3928 6.
523 3882 754 3928 Deorum.
804 3880 906 3943 Qui
953 3881 1074 3927 sorti
1129 3891 1362 3944 preeunt.

345 3986 418 3996 —
448 3959 727 4008 Hominum.
778 3959 957 4023 Populi
1013 3960 1203 4007 romani
1218 3993 1232 4017 ‚
1276 3961 1363 4023 qui

345 4039 628 4101 provincias
654 4037 887 4086 decernit.

1450 3326 1575 3372 sorte
1603 3325 1829 3373 Goerenz.
1844 3324 1908 3371 ad
1930 3325 2037 3375 Cic.
2060 3324 2290 3373 Academ.
2312 3328 2386 3384 11,
2414 3336 2472 3386 4,

1449 3404 1579 3463 conj.
1619 3403 1787 3452 issent.
1825 3404 1876 3452 J.
1898 3406 1959 3451 V.
1993 3407 2049 3453 L.
2070 3432 2140 3441 —
2167 3406 2282 3452 Non
2328 3405 2474 3454 semel

1449 3493 1613 3530 tamen
1643 3483 1856 3530 occurrit
1891 3481 2023 3546 apud
2053 3492 2237 3530 veteres
2271 3483 2322 3530 in
2359 3501 2471 3532 cum

1449 3563 1752 3619 accusativo,
1787 3564 2007 3625 quamvis
2041 3561 2253 3624 quietem
2287 3564 2473 3627 siguifi-

1450 3651 1542 3688 cet.
1565 3640 1678 3689 Vid.
1720 3642 1880 3688 Sanct.
1913 3642 2128 3688 Minerv.
2158 3642 2362 3706 Sciopp.
2389 3645 2475 3690 Pa-

1449 3719 1704 3769 rndNosa.
1724 3719 1992 3768 Aristan-ch.
2007 3719 2069 3768 de
2090 3720 2370 3769 Consu-net.
2382 3724 2469 3771 65.

1524 3796 1576 3848 8.
1610 3800 1680 3846 M.
1715 3798 1965 3847 Catonem.
1993 3799 2082 3846 Ille
2107 3799 2243 3862 Serg.
2268 3800 2471 3849 Galbam

1450 3890 1500 3927 et
1546 3880 1602 3927 P.
1649 3879 1846 3926 Furium
1891 3877 2233 3925 Lusitanorum
2276 3882 2474 3928 nomine

1450 3959 1708 4005 accusavit.
1742 3957 2091 4007 celeberrimus
2127 3968 2200 4005 est
2228 3957 2332 4017 ejus
2358 3974 2477 4006 con-

1453 4039 1636 4088 sulatus
1648 4071 1664 4097 ‚
1682 4036 1863 4085 bellum
1880 4038 2200 4102 Hispanicum
2214 4071 2231 4095 ,
2247 4048 2293 4085 et
2308 4040 2479 4085 trium·

425 4133 470 4177 7.
513 4118 637 4166 Cod.
663 4118 830 4167 Ursin.
874 4118 1134 4168 venissent.
1171 4092 1366 4168 Rectius
1457 4119 1604 4183 phua.
1627 4116 1811 4167 Consul
1836 4117 2119 4180 Hispaniam
2142 4115 2344 4165 sortitus
2370 4126 2474 4177 est,
