3044 4788
614 428 721 495 IN
774 427 1207 496 VERREM
1259 428 1471 495 ACT.
1522 429 1639 511 11,
1691 430 1885 496 Lm.
1935 431 2032 495 11.
2179 386 2205 401 ’
2246 428 2377 513 431

356 550 562 618 Dicet
580 547 838 643 aliquis
859 573 873 614 ε
897 545 1093 635 Quid
1124 569 1296 642 ergo
1315 550 1392 615 in
1419 544 1560 617 hoc
1581 549 1878 618 Verrem
1898 547 2392 644 reprehendiS,

186 666 191 671 ’
259 663 385 757 qui
413 683 562 728 non
594 656 817 728 modo
846 661 998 754 ipse
1036 655 1153 728 fur
1182 682 1333 727 non
1362 669 1468 725 est
1496 709 1515 742 ,
1546 655 1672 727 sed
1714 681 1804 726 ne
1841 656 2059 727 alium
2095 657 2392 754 quidem

258 793 513 866 passus
550 782 660 839 est
690 768 887 838 esse?
909 754 1278 838 Attendite
1301 794 1316 836 ε
1340 768 1486 862 jam
1509 765 1921 863 intelligetis
1954 767 2142 838 hanc
2177 793 2393 866 pecu-

261 880 493 964 niam,
527 902 689 975 quae
715 874 880 947 viaf’
911 876 1132 948 modo
1168 877 1319 947 visa
1352 891 1464 977 est
1500 879 1695 947 exire
1732 876 1826 947 ab
1864 878 2032 964 ism,
2065 878 2392 957 eamdem

257 989 509 1059 semita
550 988 948 1058 revertisse.
993 985 1237 1076 Quid⁷
1276 986 1520 1057 euim?
1554 983 1855 1058 debuit⁸
1897 1002 2185 1085 praetor,
2223 1014 2390 1060 cum

255 1097 558 1174 consilio
598 1121 678 1168 re
715 1100 1037 1195 cognita,
1082 1121 1317 1193 quum
1366 1098 1872 1192 comperisset,
1912 1121 2125 1168 suum
2166 1103 2393 1169 comi—

255 1223 441 1291 tem,
472 1206 654 1300 juris
678 1259 697 1290 ,
743 1203 1056 1291 decreti,
1095 1205 1347 1300 judicii
1385 1205 1902 1303 corrumpendi
1939 1232 2193 1295 causa,
2246 1233 2394 1305 qua

255 1318 329 1385 in
381 1342 459 1388 re
504 1317 731 1414 ipsius
774 1317 1099 1413 praetoris
1143 1330 1362 1412 caput
1406 1318 1983 1413 existimatioque
2027 1334 2393 1416 ageretur,

253 1429 637 1525 pecuniam
686 1428 1086 1523 accepisse,
1143 1425 1438 1496 Bidinos
1488 1439 1732 1497 autem
1778 1441 2031 1497 contra
2068 1431 2393 1525 praetoris

170 1589 174 1593 <
254 1535 517 1607 famam
554 1560 636 1608 ac
676 1534 1006 1632 fortunas
1047 1534 1370 1623 dedisse,
1409 1559 1560 1605 non
1599 1550 1674 1606 et
1709 1538 1788 1605 in
1828 1561 1998 1607 eum
2014 1550 2071 1624 9,
2110 1542 2238 1634 qui
2275 1565 2386 1611 ac·

255 1650 598 1744 cepisset,
625 1645 1323 1733 animadvertissem,
1363 1659 1470 1732 et,
1501 1649 1577 1716 in
1612 1669 1773 1730 θος,
1812 1650 1939 1743 qui
1984 1646 2394 1721 dedissent?

252 1761 398 1845 Tu,
435 1763 563 1854 qui
599 1759 1010 1828 institueras
1042 1758 1121 1825 in
1153 1779 1278 1826 eos
1316 1753 1932 1842 animadvertere,
1972 1759 2099 1853 qui
2137 1782 2388 1857 perpe-

252 1891 406 1937 ram
444 1866 923 1963 judicasseut,
967 1858 1171 1963 quod
1225 1889 1408 1963 saepe
1460 1890 1593 1962 per
1650 1865 2211 1963 imprudentiam
2263 1869 2386 1958 fit3

254 1977 388 2048 hos
421 1981 686 2076 pateris
714 1981 1017 2075 impune
1049 1975 1444 2063 discedere,
1464 1979 1591 2072 qui
1621 1975 1720 2047 ob
1750 1990 1957 2047 tuum
1987 1976 2386 2064 decretum,

252 2086 351 2158 ob
392 2103 597 2158 tuum
628 2084 1020 2182 judicium,
1064 2085 1443 2182 pecuniam
1484 2098 1611 2155 aut
1650 2083 1992 2173 dandam,
2037 2102 2165 2158 aut
2205 2093 2388 2161 acci-

252 2197 589 2294 piendam
653 2190 1046 2295 putarant?
1101 2194 1470 2265 Volcatius
1522 2192 1716 2265 idem
1766 2194 1961 2292 apud
2013 2210 2083 2266 te
2138 2213 2389 2295 postea
2491 2282 2496 2287 .

250 2306 425 2396 fuit,
461 2331 684 2405 eques
719 2330 1062 2377 romanus
1084 2359 1102 2392 ,
1139 2318 1337 2375 tanta
1378 2320 1672 2401 accepta
1706 2305 2125 2403 ignominia.

346 2424 602 2491 XXIV.
642 2423 823 2489 Nam
858 2416 1035 2516 quid
1069 2431 1177 2489 est
1208 2418 1491 2515 turpius
1520 2419 1840 2511 ingenuo
1860 2427 1910 2500 ¹,
1939 2416 2116 2512 quid
2149 2420 2388 2490 minus

249 2529 482 2600 libero
531 2528 869 2625 dignum,
924 2553 1146 2624 quam
1203 2529 1279 2596 in
1340 2540 1708 2596 conventu
1769 2529 2080 2595 maximo
2137 2532 2295 2624 cogi
2348 2554 2388 2600 a

249 2639 672 2735 magistratu
713 2633 989 2705 furtum
1040 2635 1388 2707 reddere?
1431 2637 1601 2731 qui,
1657 2636 1716 2705 si
1759 2659 1849 2705 eo
1886 2638 2129 2705 animo
2165 2652 2386 2722 esset,

248 2870 455 2935 pecuina
486 2884 589 2916 non
619 2866 684 2915 ad
709 2883 818 2915 eum
838 2902 854 2928 ,
887 2864 974 2914 sed
991 2866 1052 2914 ad
1069 2870 1270 2916 Verrem

249 2935 571 3013 pervenisset,
607 2949 674 2995 ita
701 2959 758 2995 ut
790 2946 917 2993 hanc
947 2947 1269 3006 restituendo,

248 3031 369 3079 nihil
398 3030 562 3078 damni
578 3029 835 3079 Volcatius
861 3029 1078 3077 sentiret.

320 3111 370 3159 6.
397 3111 517 3172 Qeeae
550 3109 659 3158 vic.
704 3109 784 3157 Sic
821 3111 942 3156 Hot.
968 3119 1017 3155 et
1034 3108 1270 3158 Wittenb.

248 3190 376 3237 Bibl.
412 3189 519 3237 crit.
547 3201 676 3253 part.
705 3191 754 3236 11
775 3222 792 3248 ,
837 3203 951 3253 pag.
985 3203 1061 3235 xo.
1096 3190 1274 3236 Senm-

249 3281 321 3317 est
348 3283 360 3316 :
398 3270 606 3315 Pecunia
632 3283 743 3331 quae
771 3269 928 3331 palam
956 3267 1058 3313 visa
1084 3277 1157 3314 est
1189 3282 1273 3312 ex-

248 3348 319 3395 ire
347 3346 409 3394 ab
436 3347 531 3393 isto
547 3381 563 3407 ,
586 3347 778 3394 occulte
798 3357 872 3394 est
892 3347 937 3393 ei
964 3345 1169 3394 reddin.
1192 3346 1273 3392 Sic

249 3442 421 3490 supra,
436 3440 557 3488 cap.
581 3440 673 3484 πο,
706 3446 731 3465 α
748 3442 837 3489 per
860 3424 1231 3489 pseudothyron
1247 3445 1269 3466 ι

250 3504 563 3567 dixit.Vulgo
576 3504 765 3568 inepte:
786 3526 811 3546 α
822 3520 917 3568 qun
937 3505 1015 3551 vie
1026 3540 1040 3553 .
1053 3538 1066 3550 .
1079 3539 1092 3553 .
1103 3504 1271 3552 eadem

250 3585 419 3633 semita
434 3605 474 3631 n.

324 3678 373 3723 ⁰7.
400 3662 529 3718 Alii,
567 3659 726 3724 aquid
747 3662 876 3707 enim
899 3660 1068 3708 debuit
1098 3678 1173 3726 pr.
1202 3662 1272 3709 se-

248 3746 370 3790 ciae
384 3764 424 3788 n.
449 3743 498 3790 J.
511 3742 575 3789 V.
601 3743 657 3789 1..

322 3825 372 3870 8.
389 3820 582 3868 Debuit.
606 3821 659 3867 Si
682 3835 785 3867 non
808 3819 1080 3868 collusisset
1097 3823 1273 3869 Verres

250 3918 362 3952 eum
400 3900 625 3949 Volcatio
667 3911 716 3947 et
758 3898 971 3957 Bidinis,
1007 3898 1178 3947 debuit
1218 3900 1273 3946 in

246 3999 335 4031 eos
359 3980 757 4028 animadvertere.

323 4057 371 4124 ς’).
406 4061 528 4117 Alii,
577 4082 602 4101 α
623 4070 671 4107 et
717 4074 819 4107 non
866 4059 919 4105 in
963 4074 1075 4106 eum
1091 4080 1131 4106 n.
1178 4057 1275 4106 Sed

227 4140 427 4189 schim
448 4177 463 4201 ,
507 4150 621 4205 post
670 4140 871 4187 Hotom.
926 4138 1124 4185 retruxit
1174 4153 1273 4184 non

1359 2880 1472 2918 ante
1482 2869 1660 2917 debuit.
1682 2871 1741 2916 In
1760 2868 1933 2916 eodem
1951 2871 2188 2918 orationis
2205 2883 2386 2935 tractu,

1360 2951 1475 3000 cod.
1512 2950 1696 2999 Nannii
1739 2960 1853 3013 post
1904 2950 2147 2998 «Bidinos
2180 2965 2341 3002 antem
2361 2978 2386 2996 a

1360 3031 1536 3093 repetit
1575 3051 1597 3071 ιι
1613 3027 1867 3092 pecuniam
1881 3047 1921 3075 ι.
1949 3030 1995 3078 J.
2009 3031 2069 3076 V.
2091 3032 2143 3079 L.

1445 3123 1525 3154 ιο.
1547 3106 1970 3163 Animadvertisse.
1989 3109 2190 3172 Egi-egle
2216 3109 2277 3158 de
2297 3112 2388 3159 hnc

1362 3203 1413 3234 re
1442 3188 1619 3237 Cicero
1657 3186 1720 3234 ad
1764 3186 2009 3247 Quintum
2051 3193 2205 3237 Fratr.
2239 3193 2288 3248 1,
2323 3206 2383 3240 ιτ

1360 3266 1621 3329 «Denique
1645 3265 1752 3312 haec
1776 3265 1947 3329 opinio
1973 3255 2033 3312 sit
2050 3301 2064 3324 ,
2105 3283 2207 3315 non
2233 3270 2385 3318 modo

1358 3345 1445 3402 iis,
1486 3346 1571 3407 qui
1614 3344 1802 3409 aliquid
1846 3346 2154 3409 acceperint,
2197 3348 2282 3395 sed
2325 3350 2384 3396 iis

1360 3426 1504 3471 etiam
1519 3458 1535 3479 ,
1557 3425 1644 3488 qui
1669 3423 1855 3487 aliquid
1881 3423 2129 3482 dederint,
2153 3437 2202 3474 te
2223 3426 2383 3475 inimi-

1362 3518 1499 3561 cum,
1528 3507 1569 3550 si
1594 3504 1906 3566 cognoveris,
1945 3503 2179 3554 futurum.
2211 3507 2384 3572 Neque

1359 3597 1477 3629 vero
1500 3583 1756 3646 quitquam
1784 3581 1946 3641 dabit,
1981 3600 2134 3646 quum
2165 3586 2255 3633 erit
2285 3585 2382 3635 hoc

1358 3673 1693 3725 perspectum,
1721 3660 1842 3708 nihil
1868 3679 1957 3725 per
1977 3678 2091 3721 eos,
2129 3665 2216 3729 qui
2233 3666 2384 3713 simn-

1357 3735 1462 3786 lant
1482 3757 1534 3788 se
1561 3739 1693 3804 apud
1717 3750 1767 3787 te
1793 3740 1998 3789 multum
2023 3759 2196 3807 poue,
2215 3743 2303 3792 abs
2337 3758 2384 3794 te

1359 3819 1513 3867 solere
1534 3819 1832 3884 impetrari».

1432 3900 1622 3946 xxlv.
1652 3916 1694 3947 1.
1718 3902 1954 3965 Ingenuo.
1971 3902 2241 3950 Hominum
2260 3920 2383 3953 eon-

1364 3977 1489 4026 ditio
1525 3977 1659 4041 apud
1698 3980 1844 4028 Rom.
1883 3980 2099 4044 triplex:
2128 3981 2213 4030 alii
2245 3996 2380 4031 erent

1362 4059 1515 4112 servi,
1541 4057 1623 4104 alii
1651 4056 1822 4119 liberi,
1847 4059 1930 4106 alii
1958 4061 2184 4123 ingenui,
2220 4064 2305 4125 qui
2333 4076 2380 4111 et

1363 4137 1552 4185 nobiles
1578 4136 1714 4184 dicti.
