3044 4788
676 447 808 518 108
1302 449 1415 544 M.-
1444 450 1526 516 T.
1576 447 2158 517 CICERONIS

758 571 1018 641 Occiso
1061 570 1221 658 Sex„
1251 571 1546 657 RosciO,
1575 572 1705 667 qui
1744 572 2026 666 primus
2054 569 2412 639 Ameriam
2454 570 2802 639 nuntiat?

659 679 945 749 Mallius
996 677 1294 748 Glaucia
1313 732 1334 766 ,
1389 703 1615 775 quem
1666 679 1819 774 jam
1881 691 2094 748 antea
2152 680 2516 748 nominavi
2544 732 2566 763 ,
2627 693 2801 750 tuus

661 788 884 859 cliens
927 800 1003 857 et
1050 783 1437 857 familiaris.
1488 786 1688 882 Quid
1726 789 2070 858 attinuit‘*
2115 789 2282 858 eum
2336 791 2802 885 potissimum

661 899 1025 982 nuntiare,
1046 894 1275 991 quod,
1296 900 1354 966 si
1381 896 1669 967 nullum
1687 898 1835 992 jam
1856 911 2025 968 ante
2048 898 2430 968 consilium
2449 896 2541 968 de
2561 913 2803 968 morte

661 1029 748 1076 ac
774 1004 866 1076 de
890 1004 1108 1076 bonis
1134 1006 1197 1101 ej
1208 1030 1290 1077 us
1323 1009 1619 1094 inieras»,
1659 1007 2078 1108 nullamque
2113 1010 2525 1077 societatem
2552 1030 2804 1104 neque

665 1116 991 1202 sceleris,
1041 1140 1281 1213 neque
1311 1115 1588 1213 praemii
1622 1140 1791 1192 cum
1827 1116 2126 1188 homine
2164 1116 2315 1187 ullo
2361 1119 2665 1203 (ποίει-35,
2706 1115 2805 1186 ad

667 1241 739 1298 te
787 1230 1090 1297 minime
1134 1230 1466 1308 omnium
1515 1226 1967 1325 pertinebat?
2011 1230 2153 1297 Sua
2204 1242 2464 1324 sponte
2515 1227 2806 1297 Mallius

668 1339 980 1407 nuntiat.
1013 1331 1235 1427 Quid,
1262 1362 1532 1463 quoeso,
1563 1339 1729 1456 ejus
1752 1339 2133 1408 intererat?
2160 1341 2304 1424 An,
2329 1361 2559 1433 quum
2591 1344 2808 1408 Ame-

667 1448 846 1518 riam
881 1472 1031 1518 non
1064 1431 1371 1545 hujusce
1402 1450 1505 1517 rei
1538 1447 1753 1518 musa
1784 1450 2135 1536 venisset,
2177 1472 2347 1519 casu
2371 1446 2671 1534 accidit,
2719 1462 2805 1517 ut

668 1555 745 1627 id
763 1556 1019 1656 ,quod
1048 1563 1293 1629 Romae
1313 1555 1676 1645 audierat,
1701 1561 1980 1655 primus
2004 1557 2414 1627 nuntiaret?
2445 1559 2667 1652 Cujus
2697 1558 2805 1626 rei

669 1691 883 1738 causa
908 1669 1571 1738 veneratAmeriam
1588 1664 1619 1736 Ρ
1634 1671 1799 1738 Νοιι
1819 1691 2143 1766 possum,
2160 1668 2423 1762 inquit,
2447 1664 2804 1736 divinare.

671 1781 777 1847 Eo
827 1803 979 1848 rem
1008 1779 1157 1873 jam
1188 1774 1580 1863 adducam,
1623 1791 1709 1845 ut
1748 1774 1930 1846 nihil
1967 1774 2408 1846 divinatione
2448 1798 2636 1871 opus
2684 1776 2805 1843 sit.

670 1891 836 1980 Qua
866 1891 1143 1958 ratione
1168 1889 1434 1958 Roscio
1452 1888 1786 1984 Capitoni
1804 1888 2120 1983 primum
2145 1883 2548 1960 nuntiavit?
2568 1908 2806 1979 quum

670 2000 971 2068 Ameriae
1015 1999 1172 2068 Sex.
1232 1999 1475 2068 Roscii
1521 1996 1819 2083 domuS,
1860 2020 2068 2082 uxor,
2118 1983 2475 2092 liberique
2528 2007 2808 2079 essent,

671 2129 902 2202 quum
928 2118 1037 2175 tot
1059 2109 1453 2204 propinqui
1470 2107 1903 2203 cognatique
1922 2107 2195 2203 optime
2219 2105 2813 2187 convenientes,
2750 2081 2785 2144 5

675 2236 821 2309 qua
851 2216 1128 2285 ratione
1155 2214 1422 2287 factum
1448 2231 1597 2304 est,
1624 2231 1706 2312 ut
1737 2219 1870 2287 iste
1897 2230 2067 2286 tuus
2096 2215 2317 2286 cliens
2334 2268 2353 2299 ,
2384 2213 2669 2284 sceleris
2697 2215 2808 2282 tui

676 2325 1016 2412 nuntius»,
1043 2329 1125 2397 T.
1150 2329 1411 2397 Roscio
1439 2328 1775 2425 Capitoni
1799 2327 2256 2425 potissimum
2284 2321 2700 2393 nuntiaret?

775 2436 1077 2506 Occisus
1103 2450 1213 2506 est
1232 2460 1274 2506 a
1298 2460 1507 2507 coena
1529 2435 1851 2507 rediens:
1882 2434 2212 2506 nondum
2234 2432 2545 2520 lucebat,
2574 2456 2810 2530 quum

673 2544 976 2641 Ameriae
1007 2546 1267 2614 scitum
1297 2560 1428 2615 est.
1457 2544 1655 2637 Quid
1683 2545 1803 2616 hic
1836 2543 2276 2617 incredibilis
2308 2543 2604 2615 cursus?
2625 2540 2813 2639 quid

677 2650 830 2723 haec
843 2667 1040 2724 tanta
1059 2655 1403 2742 celeritas,
1417 2652 1927 2753 festinatioque
1941 2653 2336 2752 significat?
2357 2654 2517 2726 Non
2534 2676 2813 2749 quaero,

678 2766 845 2859 quis
866 2767 1340 2861 percusserit:
1378 2764 1560 2835 nihil
1583 2781 1724 2852 est,
1745 2765 2065 2853 Glaucia,
2092 2763 2295 2862 quod
2319 2777 2630 2834 metuas:
2652 2786 2812 2832 non

682 2872 1015 2943 excutio⁶
1050 2888 1145 2961 te,
1178 2877 1233 2944 si
1264 2872 1444 2971 quid
1472 2873 1658 2946 forte
1696 2874 1865 2945 ferri
1903 2873 2260 2961 habuisti3
2303 2897 2452 2943 non
2484 2885 2816 2956 scrutor3

685 2978 868 3050 nihil
890 2980 982 3051 ad
1003 3006 1116 3053 me
1130 2982 1442 3054 arbitror
1456 2987 1860 3108 pertinere:
1890 2986 2263 3080 quoniam,
2286 3007 2399 3077 qu
2386 2980 2816 3051 usoonsilio

685 3092 966 3163 occisus
1002 3094 1139 3180 sit,
1183 3097 1515 3181 inveniO,
1563 3095 1772 3191 cujus
1799 3117 2020 3164 manu
2057 3097 2150 3164 sit
2174 3116 2555 3191 percussus
2583 3145 2604 3178 ,
2656 3115 2810 3161 non

682 3188 956 3275 labor0.
995 3207 1240 3274 Unum
1279 3204 1421 3276 hoc
1463 3230 1717 3291 sumo,
1763 3203 1966 3302 quod
2007 3203 2186 3275 mihi
2226 3217 2557 3301 apertum
2599 3214 2815 3270 tuum

683 3314 952 3402 scelus,
999 3339 1260 3411 resque
1303 3313 1677 3385 manifesta
1712 3314 1854 3385 dat.
1894 3313 2089 3403 Ubi,
2134 3328 2261 3384 aut
2303 3312 2499 3385 unde
2536 3310 2823 3382 audivit

686 3424 1020 3495 Glaucia?
1042 3428 1210 3521 qui⁷
1249 3440 1393 3495 tarn
1422 3428 1569 3496 cito
1592 3426 1835 3496 scivit?
1867 3431 2001 3496 Fac
2026 3422 2309 3495 audisse
2340 3426 2600 3494 statim.
2630 3424 2823 3511 Quae

681 3554 798 3603 res
829 3557 997 3604 eum
1024 3549 1237 3607 nocte
1271 3560 1418 3606 una
1444 3550 1726 3606 tantum
1755 3537 2031 3606 itineris
2062 3530 2502 3605 contendere
2531 3531 2818 3627 coegit?

2540 3640 2553 3667 1

753 3787 803 3835 4.
842 3780 976 3843 Quid
1003 3782 1221 3834 attinuit.
1258 3785 1393 3847 Quid
1437 3801 1567 3849 opus
1607 3785 1702 3834 fuit
1857 3783 1913 3831 6.
1941 3782 2175 3833 Excutit).
2193 3784 2313 3831 Non
2331 3781 2385 3829 in
2404 3780 2619 3828 vatibus
2643 3794 2819 3843 quaro

680 3857 772 3907 tibi
796 3860 1008 3907 nuntiari
1034 3861 1172 3923 quod
1198 3864 1396 3911 minime
1429 3875 1479 3911 te
1513 3874 1703 3927 speeta-
1788 3860 2178 3928 (gnlLfimt'Iler).

684 3936 790 3994 bat,
832 3937 940 3986 scil.
961 3939 1176 3987 occisum
1199 3958 1300 3989 esse
1322 3943 1584 4001 Roscium,
1607 3942 1700 3989 nisi
1862 3957 1908 4003 7.
1953 3941 2062 4003 Qm'.
2100 3938 2382 4003 Quomodo.
2424 3938 2556 3986 Ante
2599 3936 2821 3985 Glaucia

677 4019 784 4081 jam
807 4017 1066 4065 consilinm
1088 4019 1299 4078 iniisset,
1322 4032 1416 4071 etc.
1787 4019 2213 4082 interrogationem
2240 4017 2370 4066 delet
2395 4018 2631 4080 neusiug.
2657 4017 2723 4063 ita
2763 4027 2822 4064 ut

749 4098 801 4146 5.
821 4094 1175 4148 convenientes.
1195 4102 1327 4148 Inter
1344 4117 1394 4149 se
1411 4100 1698 4159 concordes,
1786 4099 1850 4146 sit
1872 4111 1887 4145 ε
1923 4097 2071 4146 Unde
2092 4096 2283 4145 audivit
2310 4096 2510 4145 Glaucia
2528 4133 2545 4157 ,
2579 4095 2668 4160 qui
2692 4093 2820 4142 illud

672 4190 723 4229 et
749 4177 1017 4228 unanimes.
1788 4189 1883 4226 tam
1915 4178 2015 4248 cito
2041 4177 2219 4225 scivit?
