3044 4788
688 392 819 464 128
1309 393 1408 462 Μ.
1458 392 1535 461 Τ.
1591 389 2172 461 CICERONIS

675 514 978 586 consilio
1013 528 1088 584 et
1133 515 1439 610 imperio
1483 527 1558 582 et
1599 509 1937 582 felicitate
1984 516 2061 581 L.
2100 510 2354 600 Sullae,
2397 526 2599 609 gesta
2654 538 2806 586 esse

672 626 1016 721 intelligo,
1051 621 1269 714 Quod
1303 620 1886 692 animadversum
1919 622 2133 690 estin
2167 643 2290 690 eos
2311 673 2332 708 ‚
2370 624 2498 717 qui
2545 638 2805 694 contra

674 738 876 807 omni
912 736 1193 814 ratione
1236 745 1661 829 pugnarunt
1686 784 1705 818 ‚
1748 755 1900 800 non
1944 728 2178 800 debeo
2221 731 2758 827 reprehendere
2785 729 2815 801 z*

675 841 878 941 quod
903 845 1075 913 viris
1101 840 1437 930 fortibus,
1464 866 1783 939 quorum
1805 864 2025 938 opera
2054 842 2313 911 eximia
2340 843 2416 910 in
2442 840 2662 913 rebus
2690 866 2806 939 ge-

671 951 915 1024 rendis
945 954 1218 1022 exstitit
1237 1006 1257 1039 ,
1295 950 1534 1022 honos
1572 950 1865 1022 habitus
1897 964 2042 1039 est,
2074 950 2290 1021 laudo
2318 977 2333 1019 τ
2369 976 2531 1048 quae
2563 968 2650 1023 ut
2680 951 2806 1023 fie-

599 1055 616 1062 “
670 1049 904 1149 r'ent4,
943 1060 1215 1132 idcirco
1255 1074 1663 1158 pugnatum
1713 1085 1867 1131 esse
1897 1059 2233 1148 arbitror,
2272 1086 2536 1158 meque
2586 1066 2664 1132 in
2715 1088 2803 1135 eo

669 1172 911 1245 studio
954 1174 1267 1270 partium
1301 1169 1518 1242 fuisse
1554 1168 1927 1242 confiteor
1979 1174 2102 1240 Sin
2145 1185 2389 1243 autem
2437 1170 2511 1241 id
2553 1188 2803 1245 actum

670 1296 814 1371 est,
841 1296 913 1352 et
937 1281 1208 1353 idcirco
1227 1304 1425 1352 arma
1443 1294 1731 1378 sumpta
1754 1293 1950 1367 sunt,
1982 1294 2065 1350 ut
2091 1279 2424 1352 homines
2453 1287 2804 1379 postremi

667 1395 997 1491 pecuniis
1026 1392 1278 1462 alienis
1308 1389 1949 1488 locupletarentur,
1982 1404 2055 1461 et
2088 1392 2164 1460 in
2192 1388 2518 1462 fortunas
2553 1394 2807 1462 unius-

670 1504 1025 1600 cujusque
1057 1505 1412 1598 impetum
1444 1498 1803 1587 facerent,
1841 1514 1916 1570 et
1956 1498 2033 1571 id
2064 1524 2215 1570 non
2257 1500 2476 1572 modo
2515 1526 2593 1572 re
2627 1527 2801 1600 pro·

665 1612 919 1684 hibere
961 1637 1112 1682 non
1152 1611 1359 1697 licet,
1408 1605 1537 1680 sed
1591 1633 1684 1679 ue
1725 1607 1966 1679 verbis
2006 1607 2304 1705 quidem
2337 1613 2748 1707 vituperare
2781 1637 2799 1680 ε

669 1738 827 1794 tum
873 1747 1046 1793 vero
1079 1724 1153 1792 in
1188 1725 1325 1791 isto
1361 1719 1558 1791 bello
1592 1743 1744 1789 non
1777 1731 2138 1789 recreatus
2159 1772 2179 1807 ‚
2224 1743 2465 1815 neque
2507 1725 2801 1791 restitu-

668 1847 788 1903 tus
809 1885 828 1919 ,
861 1829 987 1902 sed
1025 1828 1364 1901 subactus
1396 1852 1931 1926 oppressusque
1958 1828 2276 1926 populus
2303 1853 2645 1902 romanus
2668 1844 2798 1901 est.

666 1945 941 2011 Verum
968 1939 1183 2033 longe
1211 1939 1416 2008 aliter
1442 1953 1588 2027 est;
1617 1936 1798 2008 nihil
1825 1937 2101 2008 horum
2120 1952 2228 2008 est
2248 1992 2267 2026 ,
2292 1938 2609 2033 judices:
2644 1964 2798 2011 non

666 2048 891 2120 modo
934 2073 1085 2118 non
1126 2047 1426 2120 lae‘detur
1466 2072 1677 2124 causa
1712 2045 2106 2118 nobilitatis
2129 2100 2150 2135 ‚
2192 2050 2250 2118 si
2285 2051 2442 2119 istis
2481 2047 2800 2120 homini-

663 2158 806 2228 bus
838 2160 1211 2245 resistetiS‚
1245 2183 1505 2229 verum·
1534 2160 1749 2228 etiam
1781 2157 2181 2229 ornabitur.

758 2270 1077 2338 XLVIII.
1113 2270 1395 2338 Etenim
1433 2259 1565 2364 qu'i
1598 2267 1788 2337 haec¹
1816 2271 2222 2367 vituperare
2253 2267 2547 2356 volunt,
2577 2266 2806 2367 Chry-

662 2400 1024 2473 sogonum
1073 2391 1356 2447 tantum
1399 2402 1611 2475 posse
1653 2393 2103 2474 queruntur3
2155 2379 2286 2475 qui
2327 2377 2618 2451 laudare
2668 2405 2800 2451 vo-

661 2487 860 2576 lunt,
911 2511 1335 2558 concessum
1381 2489 1446 2556 ei
1493 2510 1648 2555 non
1689 2510 1842 2557 esse
1885 2502 2474 2558 commemorant.
2518 2494 2620 2559 Ac
2647 2489 2797 2584 jam

665 2598 849 2669 nihil
886 2613 1030 2686 est,
1077 2595 1280 2693 quod
1330 2599 1718 2693 quisquam
1760 2610 1888 2666 aut
1936 2610 2080 2666 tam
2113 2597 2374 2679 stultus
2397 2606 2452 2685 ²,
2483 2613 2610 2669 aut
2650 2614 2798 2670 tam

663 2707 1042 2807 improbus
1072 2710 1167 2778 sit
1187 2760 1205 2794 ,
1237 2708 1366 2803 qui
1400 2705 1625 2794 dicat,
1652 2737 1686 2771 «
1712 2706 1991 2778 Vellem
2014 2705 2308 2802 quidem
2338 2705 2587 2778 liceret
2608 2761 2627 2795 ,
2656 2707 2800 2780 hoc

660 2849 695 2885 α
720 2817 1054 2888 dixissem
1075 2847 1128 2887 ι).
1174 2819 1387 2888 Dicas
1411 2816 1602 2887 licet.
1630 2846 1663 2881 ι(
1688 2822 1842 2887 Hoc
1873 2812 2273 2887 fecissem.»
2320 2818 2556 2887 Facias
2583 2817 2796 2889 licet:

662 2950 878 2997 nemo
917 2925 1278 3024 prohibet.
1314 2956 1359 2998 .«
1381 2931 1538 2998 Hoc
1565 2925 2060 2996 decrevissem.
2085 2957 2120 2992 n
2172 2931 2497 2997 Decerne
2519 2980 2538 3014 ‚
2570 2927 2799 3000 modo

661 3051 895 3108 recte:
938 3061 1191 3107 omnes
1230 3034 1764 3135 approbabunt.
1806 3065 1839 3097 ιι
1867 3040 2020 3105 Hoc
2050 3034 2507 3132 judicassem.
2536 3066 2570 3101 n
2606 3042 2800 3108 Lau-

659 3145 942 3220 dabunt
967 3171 1259 3235 omnes,
1295 3150 1352 3217 si
1386 3142 1626 3250 recte³
1658 3160 1731 3218 et
1760 3143 2016 3216 ordine
2043 3143 2408 3242 judicaris.
2445 3153 2639 3219 Dum
2672 3173 2803 3220 ne-

732 3413 781 3461 ⁴·
815 3404 935 3466 Quae
962 3413 1014 3451 ut
1026 3401 1230 3470 fierent.
1256 3403 1326 3450 Ut
1352 3399 1488 3449 domi
1517 3399 1677 3466 digni·

661 3492 733 3529 m
745 3515 760 3541 ,
780 3482 900 3528 foris
918 3480 1182 3529 auctoritas
1200 3480 1502 3530 retineretur.

729 3562 955 3608 XLVIII.
984 3577 1027 3608 1.
1051 3562 1183 3609 Hoec.
1202 3558 1347 3606 Suuae
1368 3559 1640 3608 victoriam.

730 3655 783 3689 u.
815 3640 1010 3688 Stultus.
1044 3639 1145 3701 Qui
1181 3653 1283 3686 non
1322 3638 1581 3686 metuenda
1618 3637 1679 3686 ti-

658 3717 1146 3780 mente-Improbum
1169 3715 1271 3780 Qui
1295 3713 1447 3780 fingat
1471 3725 1677 3772 metum,

659 3808 715 3845 ut
739 3795 964 3861 improbe
986 3795 1189 3855 judicet.
1228 3798 1346 3843 Haee
1377 3794 1569 3857 judices
1604 3794 1680 3841 sui

657 3862 811 3924 officii
832 3874 1122 3933 admonent,
1147 3873 1325 3937 quibus
1340 3875 1550 3922 liberum
1576 3888 1679 3922 esse

658 3953 882 4011 affirmat,
896 3968 1005 4017 quae
1027 3953 1234 4000 sentiant
1253 3952 1431 4000 dicere.
1454 3950 1553 3999 Sed
1569 3967 1679 4014 quae

627 4030 630 4033 ¹
659 4036 719 4084 ‹le
742 4031 1048 4081 decernendo
1074 4030 1310 4095 loquitur,
1329 4040 1378 4078 et
1395 4030 1681 4095 magistratu

658 4131 716 4163 ac
763 4111 1132 4179 procuratione,
1190 4109 1253 4159 ad
1313 4111 1391 4161 M.
1440 4109 1680 4159 Fannium

1762 3401 2071 3464 quaesitorem
2122 3417 2179 3449 ac
2234 3401 2496 3467 presidem
2549 3402 2800 3469 pertinere

1762 3482 1969 3529 maxime
1996 3479 2238 3529 videntur.

1836 3560 1885 3607 3.
1930 3557 2110 3606 Melius
2154 3554 2281 3607 forte‘
2323 3559 2540 3617 ratione,
2575 3571 2634 3608 ut
2677 3560 2804 3609 cod.

1764 3636 1989 3688 Lincoln.
2005 3648 2058 3685 et
2081 3636 2159 3687 ed.
2174 3640 2348 3686 Venet.
2368 3641 2417 3688 J.
2433 3640 2496 3686 V.
2518 3641 2574 3687 L.
2606 3666 2678 3675 -
2705 3640 2802 3689 Ce-

1767 3726 1924 3764 temm
1944 3726 2111 3764 «recte
2126 3726 2175 3764 et
2191 3716 2362 3764 ordine
2374 3740 2400 3758 ι-
2417 3717 2547 3765 idem
2565 3728 2639 3765 eet
2653 3717 2798 3782 quod

1766 3809 1869 3842 non
1910 3804 2207 3858 preponere
2226 3831 2241 3857 ,
2280 3812 2331 3843 re
2376 3808 2516 3845 antea
2563 3799 2759 3860 cognita
2776 3832 2795 3856 ‚

1763 3873 1908 3935 juste.
1953 3875 2191 3922 Praeterea
2234 3875 2438 3924 formula
2480 3887 2583 3924 erat
2616 3891 2801 3941 appro-

1768 3953 1988 4001 bantium
2015 3963 2065 4002 et
2090 3954 2393 4002 laudantium
2411 3988 2428 4016 ,
2467 3972 2565 4019 qua
2596 3966 2798 4005 senatus

1766 4032 1988 4094 quotidie
2013 4033 2272 4094 utebatur,
2308 4045 2364 4081 ut
2388 4035 2693 4085 notissimum
2719 4047 2798 4084 est

1769 4126 1831 4159 ex
1854 4112 2067 4162 Brizana.
2092 4112 2308 4163 Formul.
2328 4115 2402 4175 11,
2426 4129 2544 4179 ¹97·
