3044 4788
653 386 761 455 IN
812 385 1260 454 VERREM
1310 386 1521 455 ACT.
1568 387 1679 473 11,
1734 387 1922 457 Lm.
1963 392 2059 458 11.
2286 394 2429 488 449

291 509 571 581 Sthenii
595 507 895 578 domum
931 531 1132 577 suam
1161 512 1400 577 statim
1429 509 1771 592 invitant,
1808 525 1891 579 ut
1921 513 2250 582 animum
2275 515 2432 608 ejus

289 626 366 692 in
401 621 776 693 Sthenium
804 617 1375 704 inflammarent,
1404 619 1869 689 ementiendo
1905 620 2174 719 aliquid
2206 638 2278 694 et
2299 627 2432 694 cri-

288 730 657 802 minando.
691 733 780 800 Hi
816 744 1056 800 autem
1088 742 1291 800 erant
1327 726 1680 855 [inimici]
1718 731 2158 827 Agathinus,
2205 734 2430 807 homo

286 839 594 930 nobilis,
655 854 726 910 et
780 837 1198 910 Dorotheus
1223 893 1253 925 ‚
1299 843 1425 935 qui
1472 836 1785 910 habebat
1830 844 1905 910 in
1964 847 2428 917 matrimonio

287 950 780 1036 Callidamam,
801 947 1135 1046 Agathini
1161 949 1315 1043 ejus
1342 946 1599 1037 filiam,
1629 949 1721 1019 de
1747 975 1893 1047 qua
1918 953 2051 1022 iste
2081 952 2425 1026 audierat.

285 1067 542 1159 Itaque
571 1059 659 1132 ad
685 1083 1035 1158 generum
1067 1058 1403 1156 Agathini
1432 1060 1740 1156 migrare
1772 1061 2047 1132 maluit.
2088 1068 2249 1134 Una
2279 1091 2422 1137 nox

284 1175 822 1257 intercesserat,
851 1194 1083 1266 quum
1123 1170 1257 1240 iste
1297 1167 1752 1240 Dorotheum
1792 1172 1894 1242 sic
1931 1170 2304 1270 diligebat,
2348 1189 2430 1246 ut

285 1282 590 1368 diceres,
616 1282 862 1351 omnia
893 1281 1079 1348 inter
1107 1303 1231 1349 eos
1256 1302 1410 1349 esse
1438 1281 1852 1351 communia
1874 1276 1902 1322 ³
1938 1308 1953 1349 τ
1987 1283 2426 1379 Agathinum

283 1394 381 1463 ita
414 1388 845 1463 observabat
866 1443 885 1475 ,
923 1403 1005 1459 ut
1041 1388 1357 1485 aliquem
1395 1386 1732 1460 affinem‘*
1761 1416 1844 1461 ac
1869 1395 2420 1490 propinquum:

282 1516 750 1572 contemnere
796 1500 1010 1570 etiam
1051 1503 1337 1597 signum
1376 1498 1558 1569 illud
1594 1501 1902 1571 Himerae
1933 1501 2082 1596 jam
2132 1502 2424 1577 videba-

283 1627 428 1699 tur,
463 1609 665 1708 quod
704 1633 871 1679 eum
907 1608 1137 1679 multo
1177 1612 1403 1705 magis
1442 1606 1675 1707 figura
1712 1624 1789 1681 et
1816 1609 2251 1685 lineamenta
2289 1614 2422 1685 ho·

283 1724 486 1820 spitae
533 1718 1009 1790 delectabant.

380 1832 734 1901 XXXVII.
776 1833 1032 1924 Itaque
1070 1827 1342 1898 hortari
1378 1827 1715 1900 homines
1749 1831 2124 1926 coepitsut
2152 1833 2427 1931 aliquid

280 1941 575 2012 Sthenio
626 1938 928 2037 periculi
972 1952 1342 2024 crearent,
1392 1940 1860 2036 criminisque
1899 1940 2422 2040 confingerent.

278 2051 633 2123 Dicebant
662 2075 736 2121 se
776 2050 877 2120 illi
906 2048 1090 2119 nihil
1118 2047 1426 2136 habere,
1463 2048 1666 2146 quod
1690 2048 2037 2121 dicerent.
2068 2056 2252 2123 Tum
2290 2057 2424 2127 iste

278 2163 391 2234 his
434 2176 679 2260 aperte
720 2158 1039 2231 ostendit
1075 2174 1147 2229 et
1192 2157 1690 2246 confirmavit,
1723 2183 1850 2229 eos
1888 2161 1962 2229 in
2002 2160 2422 2252 Sthenium,

278 2272 638 2371 quidquid
664 2271 968 2358 vellent,
1009 2270 1222 2341 simul
1251 2284 1469 2367 atque
1508 2271 1598 2342 ad
1628 2294 1704 2341 se
1742 2270 2205 2360 detulissent,
2247 2300 2420 2374 pro-

276 2382 644 2455 baturos¹.
676 2388 785 2453 Ita
815 2380 917 2452 illi
949 2407 1100 2452 nou
1137 2382 1671 2478 procrastinant
1702 2407 1716 2449 :
1759 2379 2143 2453 Sthenium
2177 2390 2421 2459 statim

278 2493 640 2565 educunt²
665 2518 686 2580 ;
710 2496 912 2560 aiunt
935 2489 1025 2560 ab
1048 2516 1137 2562 eo
1169 2492 1406 2561 literas
1430 2489 1760 2588 publicas
1789 2515 1943 2562 esse
1972 2511 2348 2592 corruptas
2370 2496 2419 2566 ³.

277 2602 620 2673 Sthenius
651 2600 1011 2697 postulat,
1045 2615 1126 2671 ut
1160 2625 1393 2698 quum
1422 2624 1666 2671 secum
1709 2601 1821 2671 sui
1860 2603 2049 2671 cives
2081 2622 2291 2699 agant
2332 2609 2422 2679 de

276 2823 338 2870 ad
360 2821 474 2872 Div.
501 2822 556 2883 1,
586 2820 644 2881 53
677 2819 787 2867 Fin.
813 2820 917 2878 111,
947 2834 1041 2880 ²03
1062 2817 1213 2867 offic.
1241 2822 1297 2878 1,
1386 2819 1518 2883 apud
1552 2820 1821 2867 seVerrem
1842 2818 2127 2876 habituros,
2167 2820 2244 2869 vel
2280 2823 2419 2873 nullo

282 2918 343 2949 ro
359 2936 373 2961 ,
399 2900 452 2948 id
469 2910 541 2947 est
559 2934 575 2960 ,
602 2897 845 2963 negligere
868 2895 1132 2961 significet3
1158 2899 1225 2945 ita
1242 2910 1298 2946 nt
1386 2898 1637 2963 appellato
1665 2908 1804 2947 teste.

274 2981 621 3044 intelligamus,
638 2983 839 3026 Verrem
865 2992 1018 3040 quum
1036 2979 1135 3038 iam
1158 2989 1294 3026 antea

273 3077 303 3108 a
331 3061 531 3108 Sthenio
559 3058 856 3107 abalienatus
873 3066 1020 3114 esset,
1045 3071 1296 3120 quumque

273 3155 383 3187 eum
410 3140 651 3204 negligere
675 3137 929 3201 coepisset,
950 3147 1067 3183 tunc
1087 3135 1295 3198 denique

273 3220 580 3267 vehementer
611 3219 657 3266 ei
691 3218 961 3278 infensum,
989 3215 1126 3280 qnod
1160 3215 1296 3278 signa

272 3298 457 3345 anferre
484 3297 669 3345 volenti
693 3296 971 3351 restitisset,
994 3305 1157 3357 aperte
1184 3310 1297 3342 cum

273 3392 333 3423 eo
370 3377 648 3424 inimicitias
677 3374 923 3424 habuisse.
953 3374 1168 3422 Videant
1206 3373 1297 3421 do-

272 3457 470 3503 θύοι-α.

346 3536 397 3582 3.
425 3533 727 3583 Communia.
750 3535 924 3583 Graeco
947 3531 1212 3597 proverbio
1234 3534 1296 3581 sl·

269 3614 398 3661 ludit
427 3623 622 3669 orator,
656 3609 719 3661 τὰ
758 3617 851 3662 τῶν
888 3611 1031 3678 φίλων
1065 3608 1217 3661 κοινά·
1248 3621 1297 3660 et

271 3692 430 3740 obiter
456 3691 640 3739 iudicat
663 3692 903 3740 Dorothei
930 3707 1129 3757 quoque
1170 3689 1297 3739 uxo·

269 3788 371 3820 rem
399 3771 451 3818 in
478 3787 735 3819 commuue
759 3771 990 3819 habitam.

345 3860 392 3906 4.
408 3849 642 3917 Affinem.
665 3851 819 3914 Quasi
844 3866 1063 3898 socerum
1084 3850 1269 3898 scilicet
1283 3886 1297 3911 ,

270 3932 458 3996 quippe
484 3931 624 3990 cnjus
641 3947 751 3978 cum
773 3928 873 3978 filia
899 3947 999 3977 re-
1026 3929 1303 3988 habuisset,
1288 3947 1300 3958 ·

270 4012 340 4058 sic
368 4025 512 4074 snpra
532 4007 715 4077 affines
740 4011 970 4057 occurrit.

1457 2994 1512 3026 α.
1549 2977 1795 3028 Eductam.
1832 2981 1890 3027 ln
1917 2981 1997 3039 jns
2024 2991 2217 3028 vocant.
2241 2982 2310 3031 Ut
2336 3000 2420 3031 su·

1382 3072 1470 3121 pra
1495 3073 1603 3121 cap.
1629 3057 1718 3106 26.

1456 3138 1508 3185 3.
1553 3138 1670 3184 Esse
1710 3148 1981 3201 corruptas.
2018 3138 2168 3201 Quod
2211 3139 2418 3204 capitale

1384 3217 1569 3262 crimen
1605 3226 1736 3273 erut,
1780 3228 1830 3264 et
1859 3217 1964 3279 lege
1993 3217 2218 3266 Cornelia
2257 3229 2413 3266 morte

1385 3294 1705 3357 plectebatur.
1741 3295 1839 3343 Sed
1878 3294 1976 3343 hoe
2017 3294 2259 3355 judicium
2305 3313 2410 3345 non

1383 3374 1590 3438 capitale
1613 3375 1820 3438 primum
1844 3374 1990 3422 fuisse
2005 3374 2088 3422 hic
2107 3375 2412 3439 intelligitur.

1382 3454 1550 3515 Quum
1568 3453 1696 3500 enim
1714 3463 1881 3517 postea
1891 3453 2202 3518 Agathinum
2222 3455 2416 3518 rogavit

1383 3533 1457 3579 uti
1482 3532 1737 3581 Sthenium
1767 3545 2016 3580 accusaret
2031 3568 2046 3589 ‚
2080 3533 2278 3596 negavit
2300 3534 2382 3581 ille
2399 3569 2415 3594 ,

1385 3628 1436 3659 se
1464 3611 1669 3660 Sthenio
1697 3610 1821 3659 adeo
1848 3612 2102 3660 inimicum
2127 3628 2256 3672 esse,
2279 3625 2335 3663 nt
2358 3615 2413 3661 in

1384 3690 1560 3755 capitis
1585 3691 1856 3754 pericnlum
1884 3690 2165 3740 adduceret.
2190 3691 2311 3741 Inde
2328 3708 2416 3756 sp·

1386 3780 1522 3835 paret
1555 3785 1750 3833 poennm
1787 3770 2096 3818 solummodo
2124 3770 2175 3817 in
2204 3773 2414 3835 pecunin

1384 3861 1469 3897 sut
1513 3864 1720 3913 corpore
1755 3849 1903 3898 fnisse
1943 3848 2286 3908 coustitutum
2318 3851 2414 3898 nisi

1396 3929 1526 3977 forte
1544 3929 1638 3976 hoc
1658 3945 1718 3976 ex
1741 3929 1923 3990 judicis
1944 3928 2147 3977 arbitrio
2167 3928 2416 3992 penderet.

1391 4009 1550 4057 «Non
1566 4009 1788 4073 capitalia
1800 4009 1985 4069 judicia
2004 4017 2135 4068 sunt,
2143 4008 2211 4056 ait
2224 4009 2420 4056 Paullus

340 4086 1298 4138 xxxvl1.1.1²robamms.ridem
1392 4089 1443 4134 in
1482 4087 1571 4135 lib.
1605 4090 1653 4135 11
1692 4087 1753 4135 de
1791 4088 1930 4152 publ.
1953 4087 2112 4148 judic.
2143 4103 2204 4133 ex
2243 4086 2423 4150 quibus

465 4181 516 4246 I.
567 4194 653 4238 Cic.
675 4208 789 4254 pars
811 4191 1029 4238 secunda.

2093 4196 2186 4266 29
