3044 4788
710 384 843 456 502
1355 392 1448 457 M.
1501 390 1579 456 T.
1632 389 2184 458 CICERONIS

708 512 926 577 istum
962 509 1116 578 sine
1159 506 1386 579 dubio
1421 507 2021 594 condemnarent,
2076 506 2168 578 de
2203 531 2354 603 quo
2389 505 2667 577 literas
2709 531 2868 587 eas,

708 642 868 714 quae
923 619 1127 688 istius
1164 615 1352 689 furta
1395 617 1832 707 indicarent,
1884 633 1958 690 et
1993 617 2084 688 ad
2131 640 2208 688 se
2251 618 2540 704 missas,
2597 631 2688 688 et
2735 642 2864 689 suo

702 727 994 799 decreto
1027 742 1340 799 remotas
1368 729 1641 800 scirent
1676 753 1849 801 esse.
1878 731 2116 820 Quem
2145 728 2367 824 igitur
2398 725 2496 797 ab
2530 728 2634 796 iis
2672 731 2862 824 equi·

701 836 899 907 tibus
933 838 1278 924 romanis,
1309 840 1436 934 qui
1470 839 1676 910 istius
1707 862 1918 910 causa
1948 841 2255 935 cupiunt
2280 839 2558 923 omnia,
2595 840 2739 934 qui
2765 836 2860 908 ab

700 970 788 1016 eo
820 945 1333 1041 benignissime
1373 950 1650 1019 tractati
1679 964 1880 1035 sunt,
1901 946 2366 1018 condemnari
2395 971 2716 1018 neoaese
2749 973 2857 1018 es·

705 1070 860 1142 set;
900 1057 963 1125 is
1011 1078 1052 1125 a
1087 1054 1337 1145 vobis,
1373 1057 1695 1152 judices,
1736 1057 1883 1129 ulla
1921 1059 2035 1127 vi⁴
2075 1071 2198 1128 aut
2238 1057 2525 1127 ratione
2575 1055 2858 1128 absolvi

701 1179 941 1260 potest
965 1166 995 1234 Ρ

790 1279 926 1360 Ac,
962 1298 1057 1345 ne
1084 1273 1271 1347 forte
1300 1300 1406 1364 ea,
1427 1299 1591 1373 quae
1618 1290 1900 1347 remota
1926 1275 2019 1348 de
2047 1274 2310 1362 medio,
2337 1288 2566 1370 atque
2597 1288 2848 1371 erepta

700 1381 911 1455 vobis
946 1399 1143 1473 sunt,
1169 1391 1414 1458 omnia
1443 1388 1543 1458 ita
1584 1385 1876 1458 condita
1911 1385 2168 1473 fuisse,
2202 1399 2421 1482 atque
2458 1388 2562 1454 ita
2601 1383 2848 1455 abdite

699 1493 989 1567 latuisse
1024 1496 1427 1584 videantur,
1457 1510 1542 1567 ut
1580 1495 1715 1567 hac
1745 1496 2111 1594 diligentia
2133 1493 2187 1585 ⁵,
2219 1519 2438 1592 quam
2470 1519 2619 1592 ego
2654 1519 2695 1564 a
2734 1517 2844 1563 me

695 1609 1090 1703 exspectari
1147 1608 1455 1679 maxime
1522 1623 1740 1704 puto,
1797 1607 1975 1678 nihil
2044 1608 2308 1678 horum
2379 1607 2843 1701 investigari,

694 1715 876 1787 nihil
904 1720 1188 1815 assequi
1214 1720 1565 1815 potuerit:
1599 1742 1763 1815 quae
1794 1718 2099 1790 consilio
2127 1717 2372 1813 aliquo
2394 1730 2524 1786 aut
2549 1717 2844 1787 ratione

694 1831 1005 1898 inveniri
1035 1843 1475 1925 potuerunt,
1505 1832 1798 1900 inventa
1832 1844 2037 1915 sunt,
2071 1826 2349 1923 judices
2380 1854 2397 1896 z
2435 1824 2844 1896 manifestis

694 1936 772 2006 in
803 1935 1024 2007 rebus
1060 1936 1431 2009 hominem
1454 1940 1604 2034 jam
1645 1942 1878 2009 teneri
1914 1936 2272 2009 videbitis,
2308 1941 2494 2008 Nam
2528 1935 2739 2032 quod
2769 1939 2840 2005 in

693 2044 1249 2142 publicanorum
1277 2051 1508 2119 causis
1532 2047 1643 2119 vel
1675 2047 2074 2146 plurimum
2104 2048 2334 2119 aetatis
2357 2071 2538 2118 meae
2559 2070 2842 2126 versor,

696 2154 1310 2253 vehementerque
1363 2157 1570 2228 illum
1616 2158 1948 2229 ordinem
2000 2154 2377 2244 obser-⁸10⁶,
2420 2157 2590 2226 satis
2637 2180 2839 2226 com·

693 2260 912 2333 mode
950 2263 1129 2334 mihi
1156 2265 1405 2337 videor
1431 2291 1687 2339 eorum
1725 2266 2332 2339 consuetudinem
2358 2291 2497 2336 usu
2526 2280 2876 2336 metans

701 2370 946 2469 doque
979 2399 1350 2473 cognosse.

791 2487 1099 2556 LXXIV.
1133 2492 1390 2585 Itaque
1414 2501 1496 2558 ut
1516 2488 1660 2560 hoc
1684 2487 2040 2585 comperi,
2066 2502 2382 2558 remotas
2406 2510 2561 2557 esse
2593 2485 2840 2556 literas

696 2595 1088 2681 societatis3
1117 2596 1339 2669 habui
1373 2600 1732 2669 rationem
1768 2621 2127 2667 annorum
2153 2620 2333 2693 ‚per
2358 2618 2547 2692 quos
2582 2597 2722 2665 iste
2763 2597 2836 2664 in

697 2702 935 2773 Sicilia
970 2702 1241 2776 fuisset.
1278 2705 1557 2808 Deinde
1590 2707 1916 2803 quaesivi‚
1962 2705 2164 2803 quod
2196 2720 2351 2777 erat
2382 2710 2694 2776 inventu
2733 2703 2837 2776 fa·

703 2809 1082 2898 cillimum‚
1117 2815 1244 2911 qui
1274 2839 1404 2911 per
1436 2816 1727 2887 eosdem
1762 2839 1993 2887 annos
2026 2816 2346 2914 magistri
2382 2817 2587 2886 istius
2614 2818 2841 2887 socie·

698 2922 867 2990 tatis
902 2918 1227 2995 fuissent.
1273 2925 1598 2997 Sciebam
1641 2930 1837 2997 enim
1879 2925 2068 2997 hanc
2103 2927 2614 3022 magistrorum
2642 2978 2664 3011 ‚
2706 2930 2843 3021 qui

702 3151 787 3215 qui
824 3168 911 3216 per
944 3169 994 3201 se
1028 3154 1124 3219 ipsi
1154 3157 1330 3205 scirent
1358 3158 1524 3205 Verris
1561 3157 1718 3213 furta,

700 3241 799 3280 ete.
821 3232 950 3280 Nota
975 3246 1089 3296 post
1117 3234 1388 3301 intelligetis
1406 3231 1601 3298 plenam
1618 3251 1722 3283 esse

699 3311 941 3373 phrasim3
963 3312 1096 3374 quod
1125 3315 1220 3362 nisi
1244 3325 1395 3374 esset,
1418 3316 1720 3362 constructio

702 3389 1109 3440 condemnaturus
1137 3395 1416 3457 postularet.
1440 3393 1591 3443 conr.
1609 3409 1718 3458 sup.

703 3471 788 3526 7'1,
816 3468 907 3516 sub
927 3467 1012 3518 fin.

773 3553 822 3600 4.
864 3548 976 3593 Ulla
998 3549 1069 3597 υἱ.
1098 3550 1287 3614 Nempe
1309 3550 1350 3596 si
1378 3548 1570 3611 judices
1599 3566 1716 3597 con·

708 3635 781 3670 tra
829 3624 982 3687 leges,
1019 3632 1330 3678 auctoritates
1349 3663 1363 3688 ,
1415 3630 1716 3686 testimonia,

708 3703 985 3769 improbum
1035 3707 1323 3765 absolvant,
1374 3707 1424 3754 id
1470 3719 1598 3755 certe
1632 3726 1721 3772 per

705 3784 802 3829 vim
837 3783 1044 3842 faciunt,
1077 3802 1133 3831 ac
1160 3785 1347 3848 legibus
1367 3786 1465 3832 vim
1486 3786 1716 3835 inferunt.

700 3864 868 3926 Itaque
919 3864 1091 3910 frustra
1130 3864 1486 3911 emendandum
1532 3868 1719 3915 censuit

706 3943 891 3990 Ernest.
917 3942 1048 3990 «ulla
1071 3945 1145 3990 via
1164 3959 1215 4000 -3
1249 3955 1297 3991 et
1322 3944 1496 3991 frustra
1524 3945 1720 3993 sehi‘uz.

702 4022 835 4069 hunc
862 4033 1029 4070 contra
1058 4022 1286 4071 Beckium
1318 4022 1556 4071 defendit.

780 4102 825 4149 ⁵.
866 4103 1147 4150 Gronovius
1171 4139 1183 4162 ,
1217 4103 1341 4151 Obs.
1375 4105 1424 4166 1,
1473 4120 1500 4151 2
1528 4101 1544 4150 ί
1574 4102 1720 4150 -haec

1754 3196 1759 3200 .
1808 3155 2057 3219 diligentia
2069 3189 2084 3204 .
2100 3190 2114 3205 .
2127 3187 2143 3203 .
2155 3155 2276 3204 nihil
2292 3156 2408 3205 bor.
2425 3155 2717 3218 investigate
2730 3190 2746 3204 .
2763 3192 2776 3204 .
2794 3190 2807 3202 .
2820 3180 2844 3196 -

1809 3235 1969 3283 Habet
2000 3235 2198 3299 quidem
2240 3235 2563 3299 «investigare
2581 3256 2610 3276 ι·
2659 3251 2795 3282 unns
2819 3254 2844 3282 e

1809 3313 1958 3362 codd.
1980 3329 2079 3378 reg.
2106 3316 2140 3363 J
2143 3314 2290 3362 .V.1..
2308 3341 2377 3351 —
2392 3313 2542 3376 Quod
2559 3314 2612 3360 ni
2634 3315 2847 3378 recipia-

1810 3404 1906 3452 tur,
1944 3404 2061 3441 tunc
2099 3394 2289 3459 passive
2322 3393 2411 3440 erit
2445 3392 2668 3457 assequi,
2705 3393 2845 3458 quod

1811 3472 1978 3519 durius
2018 3472 2226 3522 videtur.
2262 3472 2402 3520 Nihil
2448 3472 2577 3519 enim
2623 3471 2691 3518 ad
2739 3488 2843 3520 ren

1805 3550 1989 3599 faciunt
2022 3551 2369 3616 deponentium
2395 3550 2686 3615 participia,
2726 3568 2842 3615 qut

1805 3632 1981 3693 sapius
2006 3630 2104 3678 hoc
2130 3646 2273 3679 sensu
2296 3640 2610 3694 usurpantur.

1877 3708 1926 3757 6.
1955 3710 2175 3760 Observa.
2201 3710 2374 3758 Cicero
2401 3711 2508 3773 ipse
2532 3709 2599 3758 ad
2619 3712 2730 3757 Ate.
2749 3712 2846 3759 Vl.

1809 3805 1838 3835 2
1858 3822 1873 3846 ‚
1901 3788 1994 3835 sibi
2034 3789 2291 3852 applaudit
2318 3789 2379 3836 de
2404 3804 2574 3836 amore
2602 3806 2663 3836 ac
2701 3790 2840 3837 beni·

1809 3867 2018 3914 volentia
2054 3883 2148 3929 qua
2193 3869 2349 3930 ipsum
2406 3869 2665 3932 publicani
2711 3887 2847 3917 com-

1811 3946 2146 4010 plectebantur
2166 3981 2180 4006 ,
2225 3958 2272 3994 et
2321 3947 2460 4010 quod
2511 3965 2690 3996 eorum
2724 3961 2850 3996 esset

1783 4038 2062 4089 spati-onus.
2103 4026 2224 4074 Inde
2258 4036 2329 4072 est
2370 4026 2514 4088 quod
2544 4028 2646 4075 illis
2675 4028 2850 4091 sepius

1809 4105 1980 4165 parcit.
