3044 4788
1173 311 1270 376 M.
1323 311 1398 377 ³1¹.
1455 313 2012 383 CICERONIS

530 437 788 520 rogatu
850 430 1216 498 sociorum
1274 445 1495 527 atque
1560 433 1988 503 amicorum'
2020 431 2274 528 populi
2327 439 2614 507 romani
2645 492 2676 524 ,

528 557 861 606 meorum
896 550 1137 609 autem
1171 542 1764 630 necessariorum,
1794 564 2063 612 nomen
2090 540 2405 614 hominis
2434 544 2674 616 auda·

528 647 790 718 cissimi
829 645 1080 720 detuli.
1122 649 1341 748 Quod
1377 675 1623 723 meum
1658 651 1927 723 factum
1968 652 2335 723 lectissimi
2374 656 2512 726 viri
2549 670 2669 725 at-

526 779 673 852 que
724 760 1162 830 ornatissimi
1209 760 1400 858 (quo
1443 765 1521 832 in
1558 788 1866 837 numero
1908 788 1949 835 e
1991 762 2200 836 vobis
2249 765 2670 862 complures

525 862 779 962 fuere)
809 869 910 937 ita
942 867 1375 964 probarunt,
1410 884 1493 942 ut
1530 875 1596 943 ei
1620 926 1640 961 ,
1677 874 1807 969 qui
1842 875 2048 944 istius
2079 870 2447 969 quaestor5·
2481 870 2663 946 fuis-

529 990 672 1064 set,
717 991 791 1048 et
828 977 920 1049 ab
951 982 1091 1070 isto
1130 979 1337 1053 laesus
1362 982 1771 1053 inimicitias
1806 984 2035 1076 justas
2065 997 2662 1080 persequeretur,

527 1114 678 1160 non
738 1090 961 1162 modo
1018 1088 1388 1167 deferendi
1428 1094 1781 1178 nominis,
1839 1091 1966 1164 sed
2014 1115 2106 1163 ne
2157 1091 2664 1164 subscribendi

526 1198 860 1297 quidem,
897 1226 1126 1299 quum
1163 1200 1238 1272 id
1265 1202 1698 1300 postularet,
1734 1191 2056 1275 facerent
2093 1218 2546 1302 potestatem.
2573 1210 2665 1275 lu

524 1310 835 1384 Siciliam
869 1337 1026 1384 sum
1062 1313 1727 1410 inquirendi‘causa
1751 1311 2125 1410 profectus
2165 1341 2181 1382 ε
2230 1338 2379 1410 quo
2416 1317 2492 1383 in
2527 1338 2662 1385 ne-

524 1424 723 1518 gotio
766 1423 1195 1495 industriam
1238 1436 1470 1494 meam
1509 1423 1833 1494 celeritas
1867 1423 2243 1495 reditionis
2265 1419 2321 1510 ⁶,
2354 1420 2663 1521 diligen·

527 1535 702 1605 tiam
734 1533 1128 1606 multitudo
1156 1534 1526 1604 literarum
1554 1546 1627 1604 et
1654 1534 1943 1604 testium
1981 1533 2404 1622 declaravit3
2430 1532 2665 1635 pudo·

525 1668 681 1716 rem
705 1670 877 1717 vero
894 1670 978 1717 ac
997 1644 1449 1742 religionem,
1474 1640 1703 1739 quod,
1732 1667 1963 1739 quum
1988 1643 2344 1715 venissem
2370 1634 2684 1714 se‘nator‘

527 1756 616 1829 ad
654 1762 889 1852 socios
918 1757 1174 1857 populi
1204 1760 1524 1859 romani,
1563 1759 1692 1853 qui
1726 1760 1801 1826 in
1831 1780 1914 1827 ea
1940 1758 2314 1855 provincia
2347 1771 2664 1855 quaestor

526 1865 851 1955 fuissem,
878 1865 971 1938 ad
1002 1866 1321 1964 hospites
1351 1889 1553 1948 meos
1573 1877 1600 1922 ⁷
1631 1889 1713 1936 ac
1740 1868 2177 1938 necessarios
2200 1892 2428 1939 causae
2460 1892 2662 1939 com-

531 1983 769 2049 munis
810 1974 1150 2047 defensor
1186 1974 1461 2048 deverti
1498 1978 1781 2073 potius,
1836 2001 2057 2073 quam
2102 1975 2194 2048 ed
2235 2003 2359 2049 eos
2384 2032 2404 2066 ,
2449 1980 2575 2075 qui
2621 2004 2665 2050 a

528 2111 647 2157 me
690 2085 1036 2157 auxilium
1091 2087 1532 2184 petivissent.
1582 2088 1870 2159 Nemini
1917 2111 2123 2159 meus
2166 2088 2664 2161 adveutusla-

526 2195 730 2285 hori,
784 2210 911 2267 aut
950 2200 1310 2295 sumptui,
1354 2221 1594 2294 neque
1628 2195 1952 2294 publice,
1996 2223 2239 2296 neque
2281 2199 2615 2296 privatim
2641 2252 2662 2286 ,

529 2304 688 2377 fuit.
725 2310 891 2378 Vim
923 2310 1002 2378 in
1036 2304 1478 2406 inquirendo
1512 2320 1784 2377 tantam
1811 2305 2075 2398 habui,
2111 2325 2456 2406 quantam
2486 2307 2664 2379 mihi
2765 2401 2772 2406 1

530 2414 647 2485 lex
700 2415 957 2508 dabat3
1014 2443 1168 2489 non
1221 2413 1615 2515 quantam⁸
1653 2415 1921 2488 habere
1978 2433 2306 2515 poteram
2359 2422 2663 2491 istorum

530 2525 801 2617 studio,
839 2552 1026 2625 quos
1075 2531 1207 2599 iste
1239 2541 1550 2599 vexarat.
1587 2531 1893 2598 Romam
1933 2541 2017 2599 ut
2054 2552 2141 2598 ex
2174 2530 2409 2600 Sicilia
2445 2529 2662 2617 redii,

529 2659 760 2732 quum
804 2642 977 2726 iste,
1009 2652 1229 2734 atque
1261 2641 1464 2709 istius
1493 2638 1750 2723 amici,
1789 2636 2124 2710 homines
2166 2639 2389 2710 lautis>
2432 2655 2506 2712 et
2539 2666 2661 2712 ur-

529 2745 733 2837 bani,
761 2772 1133 2841 sermones
1157 2745 1659 2845 hujuscemodi
1680 2743 2177 2844 dissipassent,
2211 2774 2362 2846 quo
2383 2751 2663 2821 animos

537 300 676 398 296

1642 2921 1719 2969 rio
1748 2921 1860 2983 jure
1906 2922 2124 2970 modeste
2164 2938 2307 2976 usum
2344 2923 2472 2970 intra
2508 2923 2663 2986 legem

1637 3017 1742 3050 sese
1787 3002 2115 3062 continuisse,
2160 3013 2210 3049 et
2252 3020 2302 3051 se
2338 3013 2443 3049 tum
2470 3001 2663 3051 fidelem

606 2924 654 2972 5.
678 2924 913 2987 Quoeseor.
933 2926 995 2987 Q.
1019 2923 1259 2976 caecilius.
1279 2927 1545 2972 —Juseas.

531 3007 632 3054 Has
672 3002 820 3050 fuisse
857 3004 1104 3053 simulans
1138 3004 1264 3053 dixit
1297 3004 1350 3051 in
1377 3002 1546 3052 Divin.

529 3099 675 3148 qum
697 3083 758 3132 de
778 3083 877 3132 hoc
899 3095 1007 3133 toto
1025 3084 1140 3134 loco
1164 3082 1382 3134 consule.
1401 3083 1549 3130 Nunc

530 3178 649 3211 vero
678 3162 812 3212 eliud
836 3161 1172 3232 argumentum
1201 3161 1419 3227 victoriae
1448 3175 1549 3208 suae

522 3243 693 3307 sperit.

597 3323 650 3371 6.
672 3321 903 3376 Celer-icas
920 3321 1188 3371 reditionis.
1202 3320 1368 3381 Quum
1390 3328 1543 3366 totam

527 3400 740 3450 Siciliam
768 3402 1118 3465 quinquaginta
1146 3397 1318 3446 diebus
1347 3395 1543 3445 obierit.

604 3497 652 3542 7.
680 3479 767 3526 Ad
789 3478 1002 3543 hospites
1022 3494 1169 3527 meos.
1194 3477 1264 3524 Ut
1290 3491 1352 3523 ne
1376 3474 1548 3523 umbre

526 3556 723 3620 quidem
740 3556 1035 3621 suspicionis
1050 3557 1104 3606 in
1130 3571 1235 3602 mes
1257 3552 1356 3601 fide
1377 3553 1550 3602 reside-

527 3647 600 3683 ret
622 3669 636 3693 ,
671 3651 794 3692 neve
819 3651 897 3683 me
927 3635 1079 3699 gratis
1117 3644 1202 3682 sut
1243 3633 1445 3697 pecunia
1485 3632 1550 3681 sd

526 3713 854 3762 accusandum
875 3717 1075 3761 Verrem
1100 3712 1357 3762 inductum
1384 3712 1552 3764 crede-

525 3803 672 3841 retur.

602 3872 651 3919 8.
696 3871 809 3918 Non
837 3881 1091 3934 quantam.
1120 3871 1349 3921 Ostendit
1374 3872 1550 3920 Cicero

531 3967 581 3997 se
621 3965 725 4002 non
772 3949 926 3998 nimio
964 3949 1134 4000 studio
1182 3962 1267 3999 aut
1314 3962 1553 4014 apparatu

528 4029 579 4076 in
610 4033 811 4078 Verrem
845 4029 1136 4096 inquisisse,
1176 4030 1261 4080 sed
1294 4041 1548 4082 accusato-

1638 3096 1749 3143 ergs
1768 3080 1956 3128 Simlos
1983 3093 2246 3147 patronum
2273 3081 2541 3140 exstitisse,
2558 3092 2662 3129 tum

1636 3159 1781 3207 etism
1802 3175 1903 3207 non
1930 3160 2152 3224 iniquum
2179 3161 2230 3208 in
2249 3163 2451 3209 Verrem
2470 3176 2664 3208 accuss-

1639 3247 1808 3287 torem.
1845 3239 1897 3287 si
1937 3238 2065 3287 enim
2107 3240 2282 3288 Siculis
2319 3241 2520 3301 injurias
2553 3257 2663 3289 suas

1639 3317 1807 3366 ulcisci
1829 3317 2138 3382 cupientibus
2158 3335 2263 3367 mos
2290 3319 2529 3384 gerendus
2554 3320 2663 3367 fuis-

1632 3408 1705 3445 set
1720 3431 1734 3455 ,
1756 3396 1912 3444 multo
1931 3395 2069 3461 plura
2086 3414 2113 3444 s
2129 3398 2409 3446 volentibus
2431 3398 2659 3461 colligere

1634 3476 1893 3541 potuisset.
1916 3475 2044 3524 Vide
2066 3477 2187 3541 quid
2214 3477 2275 3525 de
2297 3479 2445 3525 nimis
2468 3493 2661 3524 secusn-

1635 3568 1799 3605 torum
1836 3556 2086 3605 severitate
2129 3557 2284 3620 dicat,
2326 3572 2418 3622 pro
2463 3557 2663 3619 Flacco,

1635 3650 1788 3699 quum
1814 3633 2014 3681 Laelium
2041 3635 2200 3683 Flacci
2229 3646 2556 3684 accusatorem
2595 3637 2662 3683 its

1640 3712 1872 3762 describit
1900 3730 1913 3763 :
1959 3736 1985 3756 ιι
2003 3716 2103 3777 Qui
2132 3715 2397 3763 comitatus
2422 3715 2475 3763 in
2502 3716 2662 3779 inqui·

1640 3793 1829 3842 tendo?
1861 3793 2159 3844 comitatum
2191 3794 2304 3843 dico
2322 3795 2345 3841 Ρ
2387 3794 2488 3841 imo
2513 3810 2662 3852 vero,

1639 3874 1810 3935 quanti
1856 3874 2094 3923 exercitus
2109 3877 2131 3922 Ρ
2168 3889 2278 3938 quae
2313 3875 2503 3934 ¹iactura
2521 3874 2544 3920 ?
2576 3873 2662 3936 qui

1639 3961 1861 4015 sumptus
1875 3955 1897 4000 Ξ)
1922 3965 2020 4002 ete.
2041 3975 2065 3994 ι·

1711 4048 1765 4094 9.
1787 4032 1950 4081 Lauri.
1971 4033 2060 4080 His
2079 4031 2238 4080 verbis
2255 4031 2504 4096 praecipue
2523 4029 2665 4095 signi·
