3044 4788
666 428 801 499 106
1301 431 1399 499 M.
1449 431 1526 496 T.
1582 430 2144 500 CICERONIS

657 554 1007 649 stringere
1026 561 1087 595 ¹⁰
1120 575 1714 650 unamquamque
1748 578 1899 623 rem
1919 606 1939 640 ‚
1971 566 2054 622 ut
2076 576 2332 623 omnes
2357 553 2803 649 intelligant,

657 688 773 733 me
813 686 962 731 non
996 660 1240 732 studio
1260 672 1317 705 ¹¹
1356 686 1691 734 accusare
1713 715 1733 749 ‚
1761 661 1890 734 sed
1925 659 2170 733 officio
2204 659 2616 733 defendere.

751 774 1080 842 XXXIII.
1129 770 1360 842 Video
1394 774 1639 868 igitur,
1676 796 1923 843 causas
1964 797 2117 843 esse
2146 773 2582 870 permultaS‚
2634 798 2804 870 quae

655 885 876 953 istum
905 880 1378 978 impellerent.
1399 882 1789 953 Videamus
1818 907 2041 970 nunc,
2065 907 2294 979 ecqua
2319 882 2621 954 facultas
2646 908 2808 954 sus-

661 987 979 1085 cipiendi
1024 989 1358 1062 maleficii
1400 989 1640 1063 fuerit.
1667 991 1812 1064 Ubi
1836 995 2118 1064 occisus
2146 1008 2255 1064 est
2275 998 2434 1065 Sex.
2450 995 2807 1065 Roscius?

660 1103 926 1168 Romae.
953 1100 1193 1190 Quid?
1229 1116 1342 1187 tu,
1370 1105 1616 1189 Rosci,
1641 1101 1769 1172 ubi
1795 1117 1972 1173 tunc
2000 1101 2202 1172 eras?
2227 1106 2499 1171 Romoe.
2525 1107 2804 1173 Verum

654 1206 834 1306 quid
862 1208 956 1279 ad
981 1212 1174 1280 rem?
1198 1225 1269 1280 et
1290 1212 1411 1281 alii
1442 1214 1650 1282 multi
1670 1224 1717 1283 ¹.
1744 1216 1970 1303 Quasi
1998 1237 2200 1284 nunc
2225 1212 2301 1283 id
2332 1227 2616 1309 agatur,
2637 1213 2809 1308 quis

663 1343 751 1389 ex
783 1334 981 1390 tanta
1019 1319 1486 1393 multitudine
1528 1322 1912 1411 occiderit,
1943 1346 2028 1393 ac
2064 1322 2386 1393 nomhoc
2414 1337 2811 1419 quaeratur,

666 1453 835 1499 eum
863 1482 882 1515 ,
914 1432 1041 1525 qui
1071 1435 1314 1500 Romae
1346 1433 1438 1500 sit
1469 1434 1752 1501 occisus
1771 1485 1792 1519 ,
1824 1446 2075 1501 utrum
2103 1432 2565 1502 verisimilius
2595 1433 2689 1499 sit
2713 1428 2811 1499 ab

667 1562 756 1608 eo
779 1564 932 1610 esse
959 1543 1304 1627 occisum,
1322 1543 1450 1636 qui
1471 1539 1804 1611 assiduus
1826 1566 1915 1612 eo
1941 1555 2270 1637 tempore
2296 1545 2543 1610 Romae
2566 1539 2816 1624 fuerit,

665 1673 760 1718 an
814 1648 906 1719 ab
954 1673 1080 1736 e0‚
1111 1652 1240 1745 qui
1283 1649 1530 1720 multis
1566 1651 1777 1718 annis
1819 1653 2124 1720 Romam
2156 1651 2466 1720 omnino
2496 1673 2653 1719 non
2687 1672 2811 1719 ac-

674 1761 988 1831 cesserit.
1551 1792 1574 1820 ·.

768 1873 920 1965 Age
941 1922 962 1955 ,
989 1892 1189 1940 nunc
1217 1884 1486 1940 ceteras
1513 1865 1886 1939 facultates
1913 1855 2213 1963 quoque
2241 1865 2813 1938 consideremus.

673 1982 844 2049 Erat
867 1992 1023 2047 tum
1056 1978 1445 2049 multitudo
1472 1981 1894 2049 sicariorum
1914 2032 1933 2065 ,
1960 1976 2038 2048 id
2060 1975 2265 2075 quod
2295 2000 2822 2047 commemora-

677 2091 782 2157 vit
807 2091 1148 2175 Eruciu5‚
1185 2102 1258 2158 et
1289 2087 1624 2161 homines
1654 2092 1952 2187 impune
1997 2086 2539 2159 occidebantur.
2577 2086 2824 2177 Quid?

680 2221 764 2268 ea
794 2196 1189 2268 multitudo
1223 2224 1386 2295 quae
1417 2202 1613 2272 erat?
1639 2203 1927 2297 opinor,
1951 2214 2080 2270 aut
2106 2224 2360 2269 eorum
2377 2253 2397 2287 ‚
2424 2200 2553 2294 qui
2586 2201 2666 2266 in
2691 2197 2827 2267 bo-

594 2384 597 2389 ,
682 2310 841 2378 nis²
872 2323 1077 2379 erant
1108 2312 1440 2408 occupati
1465 2336 1483 2399 ;
1510 2325 1639 2380 aut
1666 2334 1956 2398 eorum,
1984 2313 2111 2406 qui
2144 2307 2237 2379 ab
2269 2309 2427 2378 aliis
2459 2304 2828 2378 conduce-

683 2417 978 2506 bantur,
1017 2435 1101 2490 ut
1131 2422 1450 2518 aliquem
1480 2420 1916 2492 occiderent.
1951 2423 2018 2492 Si
2055 2446 2178 2491 eos
2209 2435 2446 2518 putas,
2484 2422 2612 2516 qui
2645 2419 2826 2488 alie-

687 2553 867 2599 num
885 2531 1347 2629 appetebant,
1363 2547 1443 2602 tu
1463 2557 1539 2602 es
1558 2535 1634 2601 in
1654 2556 1743 2602 eo
1763 2534 2235 2627 numer0,qui
2257 2545 2500 2601 nostra
2514 2532 2832 2625 pecunia

684 2637 889 2710 dives
916 2665 992 2710 es
1023 2665 1038 2708 ε
1071 2644 1183 2711 sin
1217 2666 1339 2712 eos
1356 2695 1375 2728 ,
1398 2666 1586 2739 quos
1604 2697 1623 2730 ,
1647 2643 1776 2738 qui
1806 2642 2075 2712 leviore
2100 2645 2398 2711 nomine
2424 2638 2828 2736 appellant,

689 2749 1194 2846 percussores³
1240 2767 1543 2840 vocant3
1579 2777 1857 2849 quaere,
1901 2754 1978 2821 in
2021 2752 2229 2847 cujus
2272 2748 2472 2820 fidel*
2522 2752 2714 2835 sint,
2757 2761 2833 2819 et

686 2860 1060 2931 clientela:
1097 2861 1275 2931 mihi
1308 2861 1553 2950 crede,
1597 2863 1914 2958 aliquem
1953 2859 2045 2931 de
2072 2863 2413 2931 societate
2445 2873 2570 2929 tua
2617 2882 2831 2954 repe·

687 2972 847 3041 ries.
878 2976 993 3057 Et,
1015 2970 1377 3068 quidquid
1401 2986 1481 3041 tu
1509 2987 1763 3041 contra
1785 2971 2075 3058 dixeris,
2097 2970 2173 3041 id
2205 2995 2372 3041 cum
2401 2965 2834 3041 defensione

692 3096 941 3152 nostra
972 3081 1437 3153 contendito:
1472 3085 1571 3153 ita
1604 3080 1940 3153 facillime
1967 3106 2180 3173 causa
2206 3087 2361 3153 Sex.
2385 3082 2626 3151 Roscii
2661 3101 2834 3149 cum

695 3206 818 3262 tua
846 3187 1283 3261 conferetur.

791 3305 1003 3374 Dices
1024 3328 1039 3369 ε
1069 3299 1266 3391 Quid
1288 3315 1541 3400 postea
1555 3297 1611 3390 ⁵,
1634 3302 1691 3371 si
1712 3307 1959 3372 Romae
1976 3297 2306 3371 assiduus
2326 3297 2433 3368 fui
2454 3298 2484 3367 Ρ
2505 3300 2846 3393 Respon«

772 3468 853 3500 ιο.
874 3452 1222 3517 Persa-ingere.
1240 3453 1433 3501 Leviter
1449 3453 1722 3516 attingere,
1806 3452 1928 3500 bant
1948 3465 2259 3516 percussores
2283 3448 2346 3496 ad
2373 3447 2578 3505 cadem,
2613 3446 2844 3495 mercede

698 3540 756 3578 ut
778 3533 920 3578 Ἴσι-τ.
950 3533 1039 3588 lv,
1069 3539 1122 3588 4,
1147 3548 1195 3590 7.
1808 3532 2082 3596 proposita.

775 3626 854 3657 11.
889 3609 1080 3658 Studio.
1118 3610 1234 3657 Nou
1274 3608 1434 3657 dedita
1469 3624 1648 3673 opera,
1675 3621 1724 3658 et
1884 3612 1933 3658 3.
1965 3614 2288 3658 percussores.
2326 3608 2482 3664 Istos,
2512 3605 2617 3668 lege
2652 3619 2739 3650 sua
2780 3602 2846 3651 de

698 3705 803 3738 mea
825 3688 1017 3748 indole;
1036 3688 1124 3736 sed
1150 3688 1336 3736 ratione
1364 3687 1518 3736 officii
1543 3704 1603 3736 ac
1633 3688 1723 3736 de·
1811 3689 2014 3748 sicariis,
2029 3703 2190 3753 poenae
2203 3695 2447 3734 exemerat
2464 3683 2614 3733 Sulla.
2633 3679 2845 3732 sueton.

700 3770 949 3818 fensionis.
1175 3752 1182 3774 ⁸
1809 3771 1843 3816 J
1846 3768 1912 3816 ul.
1936 3784 1956 3815 1
1970 3784 1990 3815 ι
2002 3804 2017 3816 .

769 3850 1018 3896 xxxm.
1041 3864 1085 3895 1.
1104 3849 1175 3895 Ee
1201 3848 1293 3895 alii
1317 3848 1472 3896 multi.
1506 3845 1722 3895 subaud.
1886 3853 1934 3903 4.
1972 3848 2034 3893 In
2060 3843 2200 3910 eujus
2211 3843 2341 3911 fide.
2367 3839 2681 3906 Chrysogoni
2711 3839 2853 3888 scili·

702 3938 822 3975 tunc
860 3937 996 3974 erant
1033 3928 1222 3973 Romae.
1254 3926 1577 3989 Dialogismus
1598 3924 1727 3971 inter
1814 3937 1908 3975 cet.
1927 3925 2056 3972 Vide
2081 3924 2168 3970 inf.
2193 3924 2277 3982 37.

702 4007 766 4055 T.
788 4006 1022 4054 Roscium
1043 4016 1094 4052 et
1120 4004 1421 4054 Ciceronem.
1887 4005 1938 4053 5.
1971 4002 2327 4067 Quidposeeaae’
2349 3996 2404 4048 Si
2432 4003 2604 4048 Romae
2626 3996 2857 4046 assiduus

777 4101 828 4133 2.
845 4087 903 4132 In
924 4084 1078 4133 bonis.
1104 4083 1394 4131 Occisorum
1418 4081 1722 4146 diripiendis.
1815 4084 1914 4145 fni,
1939 4082 2061 4148 quid
2081 4080 2198 4128 inde
2212 4081 2432 4144 sequitur
2445 4081 2469 4126 Ρ
2494 4094 2558 4126 ιιι
2580 4077 2857 4127 concludes

706 4165 859 4214 Iidem
888 4165 941 4214 hi
972 4176 1185 4214 sectores
1211 4164 1455 4214 bonorum
1485 4162 1727 4212 conduce-
1812 4163 2050 4211 Roscium
2083 4177 2110 4208 ι
2136 4176 2214 4207 me
2240 4158 2589 4207 intersectum?
2823 4171 2826 4174 ·
