<?xml version="1.0" encoding="UTF-8"?>
<!DOCTYPE html PUBLIC "-//W3C//DTD XHTML 1.0 Transitional//EN"
    "http://www.w3.org/TR/xhtml1/DTD/xhtml1-transitional.dtd">
<html xmlns="http://www.w3.org/1999/xhtml" xml:lang="en" lang="en">
 <head>
  <title>
</title>
<meta http-equiv="Content-Type" content="text/html;charset=utf-8" />
  <meta name='ocr-system' content='tesseract 3.04.00' />
  <meta name='ocr-capabilities' content='ocr_page ocr_carea ocr_par ocr_line ocrx_word'/>
</head>
<body>
  <div class='ocr_page' id='page_1' title='image "./mtciceronisquae09lemagoog/mtciceronisquae09lemagoog_0143.png"; bbox 0 0 3044 4788; ppageno 0'>
   <div class='ocr_carea' id='block_1_1' title="bbox 777 460 2432 532">
    <p class='ocr_par' dir='ltr' id='par_1_1' title="bbox 777 460 2432 532">
     <span class='ocr_line' id='line_1_1' title="bbox 777 460 2432 532; baseline -0.002 -2"><span class='ocrx_word' id='word_1_1' title='bbox 777 463 1155 532; x_wconf 86' lang='lat' dir='ltr'><strong>ORATIO</strong></span> <span class='ocrx_word' id='word_1_2' title='bbox 1203 463 1408 532; x_wconf 90' lang='lat' dir='ltr'><strong>PRO</strong></span> <span class='ocrx_word' id='word_1_3' title='bbox 1458 463 1524 529; x_wconf 91' lang='lat' dir='ltr'><strong>S.</strong></span> <span class='ocrx_word' id='word_1_4' title='bbox 1578 460 1991 531; x_wconf 87' lang='lat' dir='ltr'><strong>ROSCIO.</strong></span> <span class='ocrx_word' id='word_1_5' title='bbox 2309 480 2432 529; x_wconf 76' lang='lat'><strong>101</strong></span> 
     </span>
    </p>
   </div>
   <div class='ocr_carea' id='block_1_2' title="bbox 218 579 2454 3207">
    <p class='ocr_par' dir='ltr' id='par_1_2' title="bbox 303 579 2444 1113">
     <span class='ocr_line' id='line_1_2' title="bbox 317 579 2443 684; baseline -0.002 -29"><span class='ocrx_word' id='word_1_6' title='bbox 317 587 576 684; x_wconf 70' lang='lat' dir='ltr'><strong>potius»,</strong></span> <span class='ocrx_word' id='word_1_7' title='bbox 602 607 698 655; x_wconf 83' lang='lat' dir='ltr'><strong>ex</strong></span> <span class='ocrx_word' id='word_1_8' title='bbox 723 584 996 682; x_wconf 89' lang='lat' dir='ltr'><strong>quibus</strong></span> <span class='ocrx_word' id='word_1_9' title='bbox 1021 609 1310 683; x_wconf 84' lang='lat' dir='ltr'><strong>possem</strong></span> <span class='ocrx_word' id='word_1_10' title='bbox 1338 607 1657 655; x_wconf 83' lang='lat' dir='ltr'><strong>crescere</strong></span> <span class='ocrx_word' id='word_1_11' title='bbox 1678 592 1698 626; x_wconf 91' lang='lat'><em>¹</em></span> <span class='ocrx_word' id='word_1_12' title='bbox 1730 609 1748 651; x_wconf 90' lang='lat'><strong>:</strong></span> <span class='ocrx_word' id='word_1_13' title='bbox 1786 579 1991 678; x_wconf 88' lang='lat' dir='ltr'><strong>quod</strong></span> <span class='ocrx_word' id='word_1_14' title='bbox 2028 595 2307 652; x_wconf 81' lang='lat' dir='ltr'><strong>certum</strong></span> <span class='ocrx_word' id='word_1_15' title='bbox 2334 596 2443 651; x_wconf 84' lang='lat' dir='ltr'><strong>est</strong></span> 
     </span>
     <span class='ocr_line' id='line_1_3' title="bbox 314 689 2443 780; baseline -0.001 -18"><span class='ocrx_word' id='word_1_16' title='bbox 314 718 457 763; x_wconf 86' lang='lat' dir='ltr'><strong>non</strong></span> <span class='ocrx_word' id='word_1_17' title='bbox 482 691 748 780; x_wconf 85' lang='lat' dir='ltr'><strong>facere,</strong></span> <span class='ocrx_word' id='word_1_18' title='bbox 772 693 948 764; x_wconf 86' lang='lat' dir='ltr'><strong>dum</strong></span> <span class='ocrx_word' id='word_1_19' title='bbox 969 697 1325 764; x_wconf 83' lang='lat' dir='ltr'><strong>utrumvis</strong></span> <span class='ocrx_word' id='word_1_20' title='bbox 1347 692 1613 764; x_wconf 79' lang='lat' dir='ltr'><strong>licebit.</strong></span> <span class='ocrx_word' id='word_1_21' title='bbox 1640 695 1710 762; x_wconf 84' lang='lat' dir='ltr'><strong>Is</strong></span> <span class='ocrx_word' id='word_1_22' title='bbox 1732 694 1929 762; x_wconf 92' lang='lat' dir='ltr'><strong>enim</strong></span> <span class='ocrx_word' id='word_1_23' title='bbox 1953 689 2131 762; x_wconf 89' lang='lat' dir='ltr'><strong>mihi</strong></span> <span class='ocrx_word' id='word_1_24' title='bbox 2155 690 2443 762; x_wconf 83' lang='lat' dir='ltr'><strong>videtur</strong></span> 
     </span>
     <span class='ocr_line' id='line_1_4' title="bbox 305 801 2444 901; baseline -0.001 -28"><span class='ocrx_word' id='word_1_25' title='bbox 305 804 833 901; x_wconf 75' lang='lat' dir='ltr'><strong>amplissimu5‚</strong></span> <span class='ocrx_word' id='word_1_26' title='bbox 868 807 997 901; x_wconf 92' lang='lat' dir='ltr'><strong>qui</strong></span> <span class='ocrx_word' id='word_1_27' title='bbox 1035 829 1165 875; x_wconf 92' lang='lat' dir='ltr'><strong>sua</strong></span> <span class='ocrx_word' id='word_1_28' title='bbox 1205 806 1475 874; x_wconf 88' lang='lat' dir='ltr'><strong>virtute</strong></span> <span class='ocrx_word' id='word_1_29' title='bbox 1515 805 1592 872; x_wconf 86' lang='lat' dir='ltr'><strong>in</strong></span> <span class='ocrx_word' id='word_1_30' title='bbox 1629 802 1957 872; x_wconf 86' lang='lat' dir='ltr'><strong>altiorem</strong></span> <span class='ocrx_word' id='word_1_31' title='bbox 2001 801 2246 871; x_wconf 89' lang='lat' dir='ltr'><strong>locum</strong></span> <span class='ocrx_word' id='word_1_32' title='bbox 2282 825 2444 898; x_wconf 87' lang='lat' dir='ltr'><strong>per-</strong></span> 
     </span>
     <span class='ocr_line' id='line_1_5' title="bbox 304 909 2440 1011; baseline -0.001 -29"><span class='ocrx_word' id='word_1_33' title='bbox 304 916 547 1000; x_wconf 79' lang='lat' dir='ltr'><strong>venit3</strong></span> <span class='ocrx_word' id='word_1_34' title='bbox 579 937 779 999; x_wconf 89' lang='lat' dir='ltr'><strong>non,</strong></span> <span class='ocrx_word' id='word_1_35' title='bbox 817 916 947 1011; x_wconf 90' lang='lat' dir='ltr'><strong>qui</strong></span> <span class='ocrx_word' id='word_1_36' title='bbox 977 912 1356 985; x_wconf 82' lang='lat' dir='ltr'><strong>adscendit</strong></span> <span class='ocrx_word' id='word_1_37' title='bbox 1385 937 1517 1009; x_wconf 92' lang='lat' dir='ltr'><strong>per</strong></span> <span class='ocrx_word' id='word_1_38' title='bbox 1554 912 1846 983; x_wconf 87' lang='lat' dir='ltr'><strong>alterius</strong></span> <span class='ocrx_word' id='word_1_39' title='bbox 1887 909 2440 983; x_wconf 88' lang='lat' dir='ltr'><strong>incommodum</strong></span> 
     </span>
     <span class='ocr_line' id='line_1_6' title="bbox 303 1024 1513 1113; baseline 0 -19"><span class='ocrx_word' id='word_1_40' title='bbox 303 1038 377 1094; x_wconf 84' lang='lat' dir='ltr'><strong>et</strong></span> <span class='ocrx_word' id='word_1_41' title='bbox 416 1024 929 1095; x_wconf 85' lang='lat' dir='ltr'><strong>calamitatem.</strong></span> <span class='ocrx_word' id='word_1_42' title='bbox 1510 1108 1513 1113; x_wconf 9' lang='grc' dir='ltr'>ᾖ</span> 
     </span>
    </p>

    <p class='ocr_par' dir='ltr' id='par_1_3' title="bbox 301 1132 2449 1999">
     <span class='ocr_line' id='line_1_7' title="bbox 395 1132 2444 1232; baseline -0.002 -28"><span class='ocrx_word' id='word_1_43' title='bbox 395 1137 843 1205; x_wconf 83' lang='lat' dir='ltr'><strong>Desinamus</strong></span> <span class='ocrx_word' id='word_1_44' title='bbox 869 1132 1263 1232; x_wconf 90' lang='lat' dir='ltr'><strong>aliquando</strong></span> <span class='ocrx_word' id='word_1_45' title='bbox 1294 1157 1377 1205; x_wconf 87' lang='lat' dir='ltr'><strong>ea</strong></span> <span class='ocrx_word' id='word_1_46' title='bbox 1408 1134 1747 1219; x_wconf 86' lang='lat' dir='ltr'><strong>scrutari,</strong></span> <span class='ocrx_word' id='word_1_47' title='bbox 1779 1156 1941 1229; x_wconf 82' lang='lat' dir='ltr'><strong>quae</strong></span> <span class='ocrx_word' id='word_1_48' title='bbox 1969 1145 2142 1202; x_wconf 87' lang='lat' dir='ltr'><strong>sunt</strong></span> <span class='ocrx_word' id='word_1_49' title='bbox 2165 1134 2444 1202; x_wconf 88' lang='lat' dir='ltr'><strong>inania:</strong></span> 
     </span>
     <span class='ocr_line' id='line_1_8' title="bbox 302 1240 2441 1339; baseline -0 -28"><span class='ocrx_word' id='word_1_50' title='bbox 302 1266 754 1337; x_wconf 77' lang='lat' dir='ltr'><strong>quaeramu5‚</strong></span> <span class='ocrx_word' id='word_1_51' title='bbox 791 1241 919 1313; x_wconf 94' lang='lat' dir='ltr'><strong>ubi</strong></span> <span class='ocrx_word' id='word_1_52' title='bbox 954 1240 1386 1313; x_wconf 85' lang='lat' dir='ltr'><strong>maleficium</strong></span> <span class='ocrx_word' id='word_1_53' title='bbox 1427 1256 1501 1313; x_wconf 91' lang='lat' dir='ltr'><strong>et</strong></span> <span class='ocrx_word' id='word_1_54' title='bbox 1535 1256 1681 1328; x_wconf 86' lang='lat' dir='ltr'><strong>est,</strong></span> <span class='ocrx_word' id='word_1_55' title='bbox 1724 1255 1798 1312; x_wconf 88' lang='lat' dir='ltr'><strong>et</strong></span> <span class='ocrx_word' id='word_1_56' title='bbox 1828 1243 2136 1313; x_wconf 86' lang='lat' dir='ltr'><strong>inveniri</strong></span> <span class='ocrx_word' id='word_1_57' title='bbox 2181 1255 2441 1339; x_wconf 88' lang='lat' dir='ltr'><strong>potest.</strong></span> 
     </span>
     <span class='ocr_line' id='line_1_9' title="bbox 301 1349 2449 1449; baseline -0.002 -26"><span class='ocrx_word' id='word_1_58' title='bbox 301 1357 458 1423; x_wconf 85' lang='lat' dir='ltr'><strong>Jam</strong></span> <span class='ocrx_word' id='word_1_59' title='bbox 501 1352 903 1449; x_wconf 71' lang='lat' dir='ltr'><strong>intelliges»,</strong></span> <span class='ocrx_word' id='word_1_60' title='bbox 957 1354 1169 1427; x_wconf 85' lang='lat' dir='ltr'>Eruci</span> <span class='ocrx_word' id='word_1_61' title='bbox 1190 1406 1210 1440; x_wconf 88' lang='lat'>‚</span> <span class='ocrx_word' id='word_1_62' title='bbox 1248 1361 1578 1422; x_wconf 79' lang='lat' dir='ltr'><strong>certum²</strong></span> <span class='ocrx_word' id='word_1_63' title='bbox 1625 1352 1897 1421; x_wconf 82' lang='lat' dir='ltr'><strong>crimen</strong></span> <span class='ocrx_word' id='word_1_64' title='bbox 1931 1370 2152 1446; x_wconf 88' lang='lat' dir='ltr'><strong>quam</strong></span> <span class='ocrx_word' id='word_1_65' title='bbox 2200 1349 2449 1419; x_wconf 89' lang='lat' dir='ltr'><strong>multis</strong></span> 
     </span>
     <span class='ocr_line' id='line_1_10' title="bbox 304 1457 2444 1559; baseline -0.001 -28"><span class='ocrx_word' id='word_1_66' title='bbox 304 1461 856 1559; x_wconf 85' lang='lat' dir='ltr'>suspicionibus</span> <span class='ocrx_word' id='word_1_67' title='bbox 873 1476 1334 1557; x_wconf 78' lang='lat' dir='ltr'><strong>coarguatur:</strong></span> <span class='ocrx_word' id='word_1_68' title='bbox 1356 1462 1639 1550; x_wconf 79' lang='lat' dir='ltr'><strong>tametsi</strong></span> <span class='ocrx_word' id='word_1_69' title='bbox 1659 1484 1898 1557; x_wconf 89' lang='lat' dir='ltr'><strong>neque</strong></span> <span class='ocrx_word' id='word_1_70' title='bbox 1921 1462 2167 1530; x_wconf 90' lang='lat' dir='ltr'><strong>omnia</strong></span> <span class='ocrx_word' id='word_1_71' title='bbox 2183 1457 2444 1544; x_wconf 88' lang='lat' dir='ltr'><strong>dicam,</strong></span> 
     </span>
     <span class='ocr_line' id='line_1_11' title="bbox 308 1568 2444 1669; baseline -0.002 -25"><span class='ocrx_word' id='word_1_72' title='bbox 308 1586 389 1644; x_wconf 78' lang='lat' dir='ltr'><strong>et</strong></span> <span class='ocrx_word' id='word_1_73' title='bbox 410 1572 666 1643; x_wconf 85' lang='lat' dir='ltr'><strong>leviter</strong></span> <span class='ocrx_word' id='word_1_74' title='bbox 690 1570 1270 1669; x_wconf 90' lang='lat' dir='ltr'><strong>unumquodque</strong></span> <span class='ocrx_word' id='word_1_75' title='bbox 1293 1586 1605 1669; x_wconf 86' lang='lat' dir='ltr'><strong>tangam.</strong></span> <span class='ocrx_word' id='word_1_76' title='bbox 1633 1572 1890 1669; x_wconf 74' lang='lat' dir='ltr'><strong>Neque</strong></span> <span class='ocrx_word' id='word_1_77' title='bbox 1921 1573 2116 1641; x_wconf 86' lang='lat' dir='ltr'><strong>enim</strong></span> <span class='ocrx_word' id='word_1_78' title='bbox 2150 1568 2225 1640; x_wconf 89' lang='lat' dir='ltr'><strong>id</strong></span> <span class='ocrx_word' id='word_1_79' title='bbox 2261 1568 2444 1640; x_wconf 89' lang='lat' dir='ltr'><strong>face-</strong></span> 
     </span>
     <span class='ocr_line' id='line_1_12' title="bbox 314 1680 2441 1799; baseline -0.001 -48"><span class='ocrx_word' id='word_1_80' title='bbox 314 1704 518 1768; x_wconf 84' lang='lat' dir='ltr'><strong>rem,</strong></span> <span class='ocrx_word' id='word_1_81' title='bbox 566 1683 699 1751; x_wconf 91' lang='lat' dir='ltr'><strong>nisi</strong></span> <span class='ocrx_word' id='word_1_82' title='bbox 733 1706 1024 1754; x_wconf 86' lang='lat' dir='ltr'><strong>necesse</strong></span> <span class='ocrx_word' id='word_1_83' title='bbox 1062 1695 1285 1770; x_wconf 88' lang='lat' dir='ltr'><strong>esset;</strong></span> <span class='ocrx_word' id='word_1_84' title='bbox 1322 1695 1394 1752; x_wconf 91' lang='lat' dir='ltr'><strong>et</strong></span> <span class='ocrx_word' id='word_1_85' title='bbox 1434 1680 1509 1751; x_wconf 89' lang='lat' dir='ltr'><strong>id</strong></span> <span class='ocrx_word' id='word_1_86' title='bbox 1552 1684 1690 1752; x_wconf 89' lang='lat' dir='ltr'><strong>erit</strong></span> <span class='ocrx_word' id='word_1_87' title='bbox 1691 1683 1943 1799; x_wconf 89' lang='lat' dir='ltr'><strong>signi,</strong></span> <span class='ocrx_word' id='word_1_88' title='bbox 1976 1704 2093 1750; x_wconf 91' lang='lat' dir='ltr'><strong>me</strong></span> <span class='ocrx_word' id='word_1_89' title='bbox 2132 1682 2441 1750; x_wconf 86' lang='lat' dir='ltr'><strong>invitum</strong></span> 
     </span>
     <span class='ocr_line' id='line_1_13' title="bbox 312 1770 2442 1889; baseline -0 -30"><span class='ocrx_word' id='word_1_90' title='bbox 312 1786 573 1875; x_wconf 83' lang='lat' dir='ltr'><strong>facere,</strong></span> <span class='ocrx_word' id='word_1_91' title='bbox 599 1789 803 1888; x_wconf 89' lang='lat' dir='ltr'><strong>quod</strong></span> <span class='ocrx_word' id='word_1_92' title='bbox 821 1813 972 1860; x_wconf 90' lang='lat' dir='ltr'><strong>non</strong></span> <span class='ocrx_word' id='word_1_93' title='bbox 999 1814 1398 1889; x_wconf 86' lang='lat' dir='ltr'><strong>prosequar</strong></span> <span class='ocrx_word' id='word_1_94' title='bbox 1426 1770 1739 1887; x_wconf 85' lang='lat' dir='ltr'><strong>longius,</strong></span> <span class='ocrx_word' id='word_1_95' title='bbox 1769 1814 1991 1889; x_wconf 87' lang='lat' dir='ltr'><strong>quam</strong></span> <span class='ocrx_word' id='word_1_96' title='bbox 2011 1789 2200 1860; x_wconf 88' lang='lat' dir='ltr'><strong>salus</strong></span> <span class='ocrx_word' id='word_1_97' title='bbox 2223 1788 2442 1885; x_wconf 87' lang='lat' dir='ltr'><strong>hujus</strong></span> 
     </span>
     <span class='ocr_line' id='line_1_14' title="bbox 310 1897 1252 1999; baseline -0.001 -27"><span class='ocrx_word' id='word_1_98' title='bbox 310 1913 387 1972; x_wconf 85' lang='lat' dir='ltr'><strong>et</strong></span> <span class='ocrx_word' id='word_1_99' title='bbox 415 1923 581 1971; x_wconf 90' lang='lat' dir='ltr'><strong>mea</strong></span> <span class='ocrx_word' id='word_1_100' title='bbox 616 1897 803 1971; x_wconf 81' lang='lat' dir='ltr'><strong>fides</strong></span> <span class='ocrx_word' id='word_1_101' title='bbox 837 1900 1252 1999; x_wconf 88' lang='lat' dir='ltr'><strong>postulabit.</strong></span> 
     </span>
    </p>

    <p class='ocr_par' dir='ltr' id='par_1_4' title="bbox 308 2009 2454 2768">
     <span class='ocr_line' id='line_1_15' title="bbox 404 2009 2440 2108; baseline -0.002 -26"><span class='ocrx_word' id='word_1_102' title='bbox 404 2014 718 2082; x_wconf 86' lang='lat' dir='ltr'><strong>Causam</strong></span> <span class='ocrx_word' id='word_1_103' title='bbox 750 2022 832 2081; x_wconf 85' lang='lat' dir='ltr'><strong>tu</strong></span> <span class='ocrx_word' id='word_1_104' title='bbox 856 2011 1127 2081; x_wconf 84' lang='lat' dir='ltr'><strong>nullam</strong></span> <span class='ocrx_word' id='word_1_105' title='bbox 1155 2009 1614 2108; x_wconf 79' lang='lat' dir='ltr'><strong>reperiebas</strong></span> <span class='ocrx_word' id='word_1_106' title='bbox 1596 2036 1671 2080; x_wconf 80' lang='grc' dir='ltr'><strong>ιιι</strong></span> <span class='ocrx_word' id='word_1_107' title='bbox 1696 2013 1852 2083; x_wconf 85' lang='lat' dir='ltr'><strong>Sex.</strong></span> <span class='ocrx_word' id='word_1_108' title='bbox 1875 2012 2159 2081; x_wconf 85' lang='lat' dir='ltr'><strong>Roscio.</strong></span> <span class='ocrx_word' id='word_1_109' title='bbox 2188 2013 2282 2080; x_wconf 88' lang='lat' dir='ltr'><strong>At</strong></span> <span class='ocrx_word' id='word_1_110' title='bbox 2306 2032 2440 2104; x_wconf 84' lang='lat' dir='ltr'><strong>ego</strong></span> 
     </span>
     <span class='ocr_line' id='line_1_16' title="bbox 308 2119 2454 2217; baseline -0.001 -28"><span class='ocrx_word' id='word_1_111' title='bbox 308 2121 479 2190; x_wconf 84' lang='lat' dir='ltr'><strong>inT.</strong></span> <span class='ocrx_word' id='word_1_112' title='bbox 500 2123 769 2191; x_wconf 86' lang='lat' dir='ltr'><strong>Roscio</strong></span> <span class='ocrx_word' id='word_1_113' title='bbox 794 2123 1113 2217; x_wconf 87' lang='lat' dir='ltr'><strong>reperio:</strong></span> <span class='ocrx_word' id='word_1_114' title='bbox 1136 2134 1378 2191; x_wconf 89' lang='lat' dir='ltr'><strong>tecum</strong></span> <span class='ocrx_word' id='word_1_115' title='bbox 1396 2123 1591 2190; x_wconf 91' lang='lat' dir='ltr'><strong>enim</strong></span> <span class='ocrx_word' id='word_1_116' title='bbox 1607 2119 1784 2189; x_wconf 89' lang='lat' dir='ltr'><strong>mihi</strong></span> <span class='ocrx_word' id='word_1_117' title='bbox 1811 2144 1923 2191; x_wconf 88' lang='lat' dir='ltr'><strong>res</strong></span> <span class='ocrx_word' id='word_1_118' title='bbox 1950 2133 2080 2206; x_wconf 91' lang='lat' dir='ltr'><strong>est,</strong></span> <span class='ocrx_word' id='word_1_119' title='bbox 2104 2122 2181 2188; x_wconf 89' lang='lat' dir='ltr'><strong>T.</strong></span> <span class='ocrx_word' id='word_1_120' title='bbox 2203 2119 2454 2204; x_wconf 79' lang='lat' dir='ltr'><strong>Rosci,‘</strong></span> 
     </span>
     <span class='ocr_line' id='line_1_17' title="bbox 310 2228 2444 2329; baseline -0.001 -30"><span class='ocrx_word' id='word_1_121' title='bbox 310 2232 668 2325; x_wconf 87' lang='lat' dir='ltr'><strong>quoniam</strong></span> <span class='ocrx_word' id='word_1_122' title='bbox 697 2232 856 2300; x_wconf 87' lang='lat' dir='ltr'><strong>istic</strong></span> <span class='ocrx_word' id='word_1_123' title='bbox 883 2228 1110 2317; x_wconf 79' lang='lat' dir='ltr'><strong>sedeS‚</strong></span> <span class='ocrx_word' id='word_1_124' title='bbox 1126 2253 1211 2301; x_wconf 88' lang='lat' dir='ltr'><strong>ac</strong></span> <span class='ocrx_word' id='word_1_125' title='bbox 1240 2245 1309 2300; x_wconf 86' lang='lat' dir='ltr'><strong>te</strong></span> <span class='ocrx_word' id='word_1_126' title='bbox 1337 2229 1572 2329; x_wconf 90' lang='lat' dir='ltr'><strong>palam</strong></span> <span class='ocrx_word' id='word_1_127' title='bbox 1590 2229 2076 2307; x_wconf 85' lang='lat' dir='ltr'><strong>adversarium</strong></span> <span class='ocrx_word' id='word_1_128' title='bbox 2094 2252 2251 2299; x_wconf 84' lang='lat' dir='ltr'><strong>esse</strong></span> <span class='ocrx_word' id='word_1_129' title='bbox 2277 2251 2444 2325; x_wconf 88' lang='lat' dir='ltr'><strong>pro-</strong></span> 
     </span>
     <span class='ocr_line' id='line_1_18' title="bbox 312 2336 2443 2440; baseline -0 -31"><span class='ocrx_word' id='word_1_130' title='bbox 312 2336 560 2411; x_wconf 75' lang='lat' dir='ltr'><strong>fiteris.</strong></span> <span class='ocrx_word' id='word_1_131' title='bbox 603 2345 714 2412; x_wconf 88' lang='lat' dir='ltr'><strong>De</strong></span> <span class='ocrx_word' id='word_1_132' title='bbox 745 2338 1138 2439; x_wconf 77' lang='lat' dir='ltr'><strong>Capitone³</strong></span> <span class='ocrx_word' id='word_1_133' title='bbox 1168 2355 1335 2440; x_wconf 89' lang='lat' dir='ltr'><strong>post</strong></span> <span class='ocrx_word' id='word_1_134' title='bbox 1377 2338 1770 2412; x_wconf 80' lang='lat' dir='ltr'><strong>viderimus</strong></span> <span class='ocrx_word' id='word_1_135' title='bbox 1791 2394 1810 2428; x_wconf 89' lang='lat'>,</span> <span class='ocrx_word' id='word_1_136' title='bbox 1838 2343 1934 2428; x_wconf 86' lang='lat' dir='ltr'><strong>si,</strong></span> <span class='ocrx_word' id='word_1_137' title='bbox 1966 2337 2443 2437; x_wconf 89' lang='lat' dir='ltr'><strong>quemadmo-</strong></span> 
     </span>
     <span class='ocr_line' id='line_1_19' title="bbox 317 2446 2447 2548; baseline 0 -30"><span class='ocrx_word' id='word_1_138' title='bbox 317 2446 491 2519; x_wconf 85' lang='lat' dir='ltr'><strong>dum</strong></span> <span class='ocrx_word' id='word_1_139' title='bbox 539 2465 876 2548; x_wconf 89' lang='lat' dir='ltr'><strong>paratum</strong></span> <span class='ocrx_word' id='word_1_140' title='bbox 915 2475 1066 2521; x_wconf 86' lang='lat' dir='ltr'><strong>esse</strong></span> <span class='ocrx_word' id='word_1_141' title='bbox 1108 2450 1365 2538; x_wconf 85' lang='lat' dir='ltr'><strong>audio,</strong></span> <span class='ocrx_word' id='word_1_142' title='bbox 1424 2453 1624 2521; x_wconf 83' lang='lat' dir='ltr'><strong>testis</strong></span> <span class='ocrx_word' id='word_1_143' title='bbox 1654 2449 2006 2548; x_wconf 84' lang='lat' dir='ltr'><strong>prodierit</strong></span> <span class='ocrx_word' id='word_1_144' title='bbox 2038 2464 2246 2520; x_wconf 81' lang='lat' dir='ltr'><strong>:tum</strong></span> <span class='ocrx_word' id='word_1_145' title='bbox 2276 2449 2447 2519; x_wconf 79' lang='lat' dir='ltr'><strong>alias</strong></span> 
     </span>
     <span class='ocr_line' id='line_1_20' title="bbox 320 2559 2440 2658; baseline -0 -30"><span class='ocrx_word' id='word_1_146' title='bbox 320 2582 617 2656; x_wconf 86' lang='lat' dir='ltr'><strong>quoque</strong></span> <span class='ocrx_word' id='word_1_147' title='bbox 645 2584 809 2631; x_wconf 86' lang='lat' dir='ltr'><strong>suas</strong></span> <span class='ocrx_word' id='word_1_148' title='bbox 848 2562 1117 2658; x_wconf 86' lang='lat' dir='ltr'><strong>palmas</strong></span> <span class='ocrx_word' id='word_1_149' title='bbox 1134 2565 1166 2615; x_wconf 75' lang='lat'>⁴</span> <span class='ocrx_word' id='word_1_150' title='bbox 1196 2575 1606 2658; x_wconf 83' lang='lat' dir='ltr'><strong>cognoscet,</strong></span> <span class='ocrx_word' id='word_1_151' title='bbox 1633 2559 1723 2631; x_wconf 92' lang='lat' dir='ltr'><strong>de</strong></span> <span class='ocrx_word' id='word_1_152' title='bbox 1746 2559 2015 2656; x_wconf 89' lang='lat' dir='ltr'><strong>quibus</strong></span> <span class='ocrx_word' id='word_1_153' title='bbox 2043 2583 2159 2629; x_wconf 91' lang='lat' dir='ltr'><strong>me</strong></span> <span class='ocrx_word' id='word_1_154' title='bbox 2187 2581 2280 2628; x_wconf 92' lang='lat' dir='ltr'><strong>ne</strong></span> <span class='ocrx_word' id='word_1_155' title='bbox 2312 2581 2440 2628; x_wconf 87' lang='lat' dir='ltr'><strong>au·</strong></span> 
     </span>
     <span class='ocr_line' id='line_1_21' title="bbox 323 2663 1293 2768; baseline 0.008 -32"><span class='ocrx_word' id='word_1_156' title='bbox 323 2663 505 2738; x_wconf 86' lang='lat' dir='ltr'><strong>disse</strong></span> <span class='ocrx_word' id='word_1_157' title='bbox 534 2667 836 2765; x_wconf 89' lang='lat' dir='ltr'><strong>quidem</strong></span> <span class='ocrx_word' id='word_1_158' title='bbox 869 2674 1293 2768; x_wconf 88' lang='lat' dir='ltr'><strong>suspicatur.</strong></span> 
     </span>
    </p>

    <p class='ocr_par' dir='ltr' id='par_1_5' title="bbox 218 2775 2447 3207">
     <span class='ocr_line' id='line_1_22' title="bbox 296 2775 2442 2880; baseline 0 -34"><span class='ocrx_word' id='word_1_159' title='bbox 296 2775 305 2782; x_wconf 71' lang='grc'><strong><em>’</em></strong></span> <span class='ocrx_word' id='word_1_160' title='bbox 416 2780 491 2848; x_wconf 93' lang='lat' dir='ltr'><strong>L.</strong></span> <span class='ocrx_word' id='word_1_161' title='bbox 502 2776 835 2849; x_wconf 79' lang='lat' dir='ltr'><strong>Cassius⁵</strong></span> <span class='ocrx_word' id='word_1_162' title='bbox 858 2779 976 2850; x_wconf 92' lang='lat' dir='ltr'><strong>ille</strong></span> <span class='ocrx_word' id='word_1_163' title='bbox 995 2835 1014 2868; x_wconf 89' lang='lat'>,</span> <span class='ocrx_word' id='word_1_164' title='bbox 1037 2805 1257 2878; x_wconf 89' lang='lat' dir='ltr'><strong>quem</strong></span> <span class='ocrx_word' id='word_1_165' title='bbox 1280 2780 1596 2880; x_wconf 90' lang='lat' dir='ltr'><strong>populus</strong></span> <span class='ocrx_word' id='word_1_166' title='bbox 1623 2803 1965 2851; x_wconf 89' lang='lat' dir='ltr'><strong>romanus</strong></span> <span class='ocrx_word' id='word_1_167' title='bbox 1990 2781 2442 2851; x_wconf 81' lang='lat' dir='ltr'><strong>verissimum</strong></span> 
     </span>
     <span class='ocr_line' id='line_1_23' title="bbox 218 2887 2447 2987; baseline 0 -32"><span class='ocrx_word' id='word_1_168' title='bbox 218 2915 227 2926; x_wconf 83' lang='lat'><em>·</em></span> <span class='ocrx_word' id='word_1_169' title='bbox 323 2897 395 2955; x_wconf 84' lang='lat' dir='ltr'><strong>et</strong></span> <span class='ocrx_word' id='word_1_170' title='bbox 418 2889 1022 2984; x_wconf 84' lang='lat' dir='ltr'><strong>sapientissimum</strong></span> <span class='ocrx_word' id='word_1_171' title='bbox 1045 2888 1367 2985; x_wconf 86' lang='lat' dir='ltr'><strong>judicem</strong></span> <span class='ocrx_word' id='word_1_172' title='bbox 1400 2889 1727 2987; x_wconf 85' lang='lat' dir='ltr'><strong>putabat,</strong></span> <span class='ocrx_word' id='word_1_173' title='bbox 1758 2887 2157 2960; x_wconf 83' lang='lat' dir='ltr'><strong>identidem</strong></span> <span class='ocrx_word' id='word_1_174' title='bbox 2179 2891 2256 2957; x_wconf 92' lang='lat' dir='ltr'><strong>in</strong></span> <span class='ocrx_word' id='word_1_175' title='bbox 2281 2911 2447 2957; x_wconf 86' lang='lat' dir='ltr'><strong>cau-</strong></span> 
     </span>
     <span class='ocr_line' id='line_1_24' title="bbox 324 2995 2442 3091; baseline 0.002 -29"><span class='ocrx_word' id='word_1_176' title='bbox 324 2996 421 3063; x_wconf 83' lang='lat' dir='ltr'><strong>sis</strong></span> <span class='ocrx_word' id='word_1_177' title='bbox 435 3018 754 3091; x_wconf 68' lang='lat' dir='ltr'><strong>quaerere</strong></span> <span class='ocrx_word' id='word_1_178' title='bbox 778 2996 1076 3086; x_wconf 88' lang='lat' dir='ltr'><strong>solebat,</strong></span> <span class='ocrx_word' id='word_1_179' title='bbox 1099 3002 1215 3069; x_wconf 91' lang='lat' dir='ltr'><strong>cui</strong></span> <span class='ocrx_word' id='word_1_180' title='bbox 1238 2998 1440 3070; x_wconf 91' lang='lat' dir='ltr'><strong>bono</strong></span> <span class='ocrx_word' id='word_1_181' title='bbox 1462 2997 1733 3070; x_wconf 87' lang='lat' dir='ltr'><strong>fuisset.</strong></span> <span class='ocrx_word' id='word_1_182' title='bbox 1760 3002 1872 3071; x_wconf 89' lang='lat' dir='ltr'><strong>Sic</strong></span> <span class='ocrx_word' id='word_1_183' title='bbox 1893 3002 2038 3070; x_wconf 86' lang='lat' dir='ltr'><strong>vita</strong></span> <span class='ocrx_word' id='word_1_184' title='bbox 2057 2995 2442 3069; x_wconf 88' lang='lat' dir='ltr'><strong>hominum</strong></span> 
     </span>
     <span class='ocr_line' id='line_1_25' title="bbox 325 3105 2446 3207; baseline 0.001 -33"><span class='ocrx_word' id='word_1_185' title='bbox 325 3118 467 3191; x_wconf 85' lang='lat' dir='ltr'><strong>est,</strong></span> <span class='ocrx_word' id='word_1_186' title='bbox 493 3120 577 3175; x_wconf 90' lang='lat' dir='ltr'><strong>ut</strong></span> <span class='ocrx_word' id='word_1_187' title='bbox 611 3105 708 3177; x_wconf 85' lang='lat' dir='ltr'><strong>ad</strong></span> <span class='ocrx_word' id='word_1_188' title='bbox 740 3106 1171 3180; x_wconf 85' lang='lat' dir='ltr'><strong>maleficium</strong></span> <span class='ocrx_word' id='word_1_189' title='bbox 1215 3134 1431 3181; x_wconf 89' lang='lat' dir='ltr'><strong>nemo</strong></span> <span class='ocrx_word' id='word_1_190' title='bbox 1475 3124 1781 3181; x_wconf 86' lang='lat' dir='ltr'><strong>conetur</strong></span> <span class='ocrx_word' id='word_1_191' title='bbox 1817 3112 1973 3181; x_wconf 90' lang='lat' dir='ltr'><strong>sine</strong></span> <span class='ocrx_word' id='word_1_192' title='bbox 2016 3106 2195 3207; x_wconf 78' lang='lat' dir='ltr'><strong>spe⁶</strong></span> <span class='ocrx_word' id='word_1_193' title='bbox 2225 3123 2446 3204; x_wconf 86' lang='lat' dir='ltr'><strong>atque</strong></span> 
     </span>
    </p>
   </div>
   <div class='ocr_carea' id='block_1_3' title="bbox 282 3320 2453 4261">
    <p class='ocr_par' dir='ltr' id='par_1_6' title="bbox 282 3320 2451 3549">
     <span class='ocr_line' id='line_1_26' title="bbox 396 3320 2451 3392; baseline 0.002 -25"><span class='ocrx_word' id='word_1_194' title='bbox 396 3320 566 3370; x_wconf 78' lang='lat' dir='ltr'><strong>m.</strong></span> <span class='ocrx_word' id='word_1_195' title='bbox 596 3338 642 3369; x_wconf 77' lang='grc' dir='ltr'><strong>ι.</strong></span> <span class='ocrx_word' id='word_1_196' title='bbox 671 3324 907 3375; x_wconf 78' lang='lat' dir='ltr'><strong>Crescere.</strong></span> <span class='ocrx_word' id='word_1_197' title='bbox 934 3326 1158 3392; x_wconf 80' lang='lat' dir='ltr'><strong>Quorum</strong></span> <span class='ocrx_word' id='word_1_198' title='bbox 1176 3341 1238 3378; x_wconf 80' lang='lat' dir='ltr'><strong>ex</strong></span> <span class='ocrx_word' id='word_1_199' title='bbox 1262 3325 1342 3374; x_wconf 83' lang='lat' dir='ltr'><strong>de-</strong></span> <span class='ocrx_word' id='word_1_200' title='bbox 1426 3339 1537 3391; x_wconf 80' lang='lat' dir='ltr'><strong>mp.</strong></span> <span class='ocrx_word' id='word_1_201' title='bbox 1562 3342 1670 3390; x_wconf 79' lang='lat' dir='ltr'><strong>cap.</strong></span> <span class='ocrx_word' id='word_1_202' title='bbox 1689 3325 1757 3384; x_wconf 65' lang='lat'><strong>⁸,</strong></span> <span class='ocrx_word' id='word_1_203' title='bbox 1797 3346 1820 3369; x_wconf 80' lang='grc' dir='ltr'>ι</span> <span class='ocrx_word' id='word_1_204' title='bbox 1842 3326 2162 3390; x_wconf 71' lang='lat' dir='ltr'><strong>plurimarum</strong></span> <span class='ocrx_word' id='word_1_205' title='bbox 2183 3324 2451 3389; x_wconf 69' lang='lat' dir='ltr'><strong>palmarum</strong></span> 
     </span>
     <span class='ocr_line' id='line_1_27' title="bbox 282 3399 2448 3469; baseline 0.001 -21"><span class='ocrx_word' id='word_1_206' title='bbox 282 3445 299 3466; x_wconf 43' lang='lat'><em>⁶</em></span> <span class='ocrx_word' id='word_1_207' title='bbox 323 3399 556 3449; x_wconf 65' lang='lat' dir='ltr'><strong>uinculo</strong></span> <span class='ocrx_word' id='word_1_208' title='bbox 591 3401 768 3458; x_wconf 80' lang='lat' dir='ltr'><strong>ditior.</strong></span> <span class='ocrx_word' id='word_1_209' title='bbox 805 3405 1072 3465; x_wconf 84' lang='lat' dir='ltr'><strong>potentior,</strong></span> <span class='ocrx_word' id='word_1_210' title='bbox 1094 3415 1179 3453; x_wconf 71' lang='lat' dir='ltr'><strong>aut</strong></span> <span class='ocrx_word' id='word_1_211' title='bbox 1211 3416 1342 3454; x_wconf 79' lang='lat' dir='ltr'><strong>certe</strong></span> <span class='ocrx_word' id='word_1_212' title='bbox 1427 3405 1670 3469; x_wconf 78' lang='lat' dir='ltr'><strong>gladiator</strong></span> <span class='ocrx_word' id='word_1_213' title='bbox 1688 3427 1736 3454; x_wconf 70' lang='grc' dir='ltr'><strong>ι.</strong></span> <span class='ocrx_word' id='word_1_214' title='bbox 1779 3403 1956 3453; x_wconf 65' lang='lat' dir='ltr'><strong>Palmae</strong></span> <span class='ocrx_word' id='word_1_215' title='bbox 2006 3402 2353 3469; x_wconf 69' lang='lat' dir='ltr'><strong>gladiatoribus</strong></span> <span class='ocrx_word' id='word_1_216' title='bbox 2394 3403 2448 3451; x_wconf 85' lang='lat' dir='ltr'><strong>in</strong></span> 
     </span>
     <span class='ocr_line' id='line_1_28' title="bbox 324 3478 2244 3549; baseline 0.002 -23"><span class='ocrx_word' id='word_1_217' title='bbox 324 3478 505 3527; x_wconf 70' lang='lat' dir='ltr'><strong>clarior</strong></span> <span class='ocrx_word' id='word_1_218' title='bbox 523 3479 664 3528; x_wconf 73' lang='lat' dir='ltr'><strong>reddi</strong></span> <span class='ocrx_word' id='word_1_219' title='bbox 691 3497 907 3544; x_wconf 74' lang='lat' dir='ltr'><strong>possem.</strong></span> <span class='ocrx_word' id='word_1_220' title='bbox 1427 3484 1645 3533; x_wconf 60' lang='lat' dir='ltr'><strong>victorin</strong></span> <span class='ocrx_word' id='word_1_221' title='bbox 1666 3485 1857 3549; x_wconf 75' lang='lat' dir='ltr'><strong>signum</strong></span> <span class='ocrx_word' id='word_1_222' title='bbox 1877 3483 1984 3532; x_wconf 70' lang='lat' dir='ltr'><strong>dari</strong></span> <span class='ocrx_word' id='word_1_223' title='bbox 2005 3483 2244 3531; x_wconf 73' lang='lat' dir='ltr'><strong>solebant.</strong></span> 
     </span>
    </p>

    <p class='ocr_par' dir='ltr' id='par_1_7' title="bbox 322 3558 2450 3785">
     <span class='ocr_line' id='line_1_29' title="bbox 399 3558 2449 3623; baseline 0.002 -17"><span class='ocrx_word' id='word_1_224' title='bbox 399 3572 447 3607; x_wconf 70' lang='lat' dir='ltr'><strong>a.</strong></span> <span class='ocrx_word' id='word_1_225' title='bbox 485 3558 711 3607; x_wconf 61' lang='lat' dir='ltr'><strong>laabin.</strong></span> <span class='ocrx_word' id='word_1_226' title='bbox 747 3560 871 3608; x_wconf 71' lang='lat' dir='ltr'><strong>male</strong></span> <span class='ocrx_word' id='word_1_227' title='bbox 918 3561 1050 3622; x_wconf 71' lang='lat' dir='ltr'><strong>conj.</strong></span> <span class='ocrx_word' id='word_1_228' title='bbox 1089 3560 1339 3610; x_wconf 71' lang='lat' dir='ltr'><strong>incernam.</strong></span> <span class='ocrx_word' id='word_1_229' title='bbox 1503 3565 1554 3612; x_wconf 78' lang='grc' dir='ltr'><strong>δ.</strong></span> <span class='ocrx_word' id='word_1_230' title='bbox 1577 3566 1630 3613; x_wconf 80' lang='lat' dir='ltr'><strong>L.</strong></span> <span class='ocrx_word' id='word_1_231' title='bbox 1654 3563 1869 3621; x_wconf 74' lang='lat' dir='ltr'><strong>Cassius,</strong></span> <span class='ocrx_word' id='word_1_232' title='bbox 1902 3561 2449 3623; x_wconf 37' lang='lat' dir='ltr'><strong>commanente,</strong></span> 
     </span>
     <span class='ocr_line' id='line_1_30' title="bbox 324 3634 2450 3704; baseline 0.002 -20"><span class='ocrx_word' id='word_1_233' title='bbox 324 3636 436 3685; x_wconf 67' lang='lat' dir='ltr'><strong>mni</strong></span> <span class='ocrx_word' id='word_1_234' title='bbox 458 3638 585 3685; x_wconf 73' lang='lat' dir='ltr'><strong>forte</strong></span> <span class='ocrx_word' id='word_1_235' title='bbox 615 3640 855 3686; x_wconf 78' lang='lat' dir='ltr'><strong>contraria</strong></span> <span class='ocrx_word' id='word_1_236' title='bbox 878 3640 1079 3688; x_wconf 73' lang='lat' dir='ltr'><strong>velimus</strong></span> <span class='ocrx_word' id='word_1_237' title='bbox 1111 3634 1343 3689; x_wconf 66' lang='lat' dir='ltr'><strong>iuducere</strong></span> <span class='ocrx_word' id='word_1_238' title='bbox 1431 3643 1506 3690; x_wconf 83' lang='lat' dir='ltr'><strong>vir</strong></span> <span class='ocrx_word' id='word_1_239' title='bbox 1528 3658 1726 3691; x_wconf 79' lang='lat' dir='ltr'><strong>eummae</strong></span> <span class='ocrx_word' id='word_1_240' title='bbox 1750 3643 2016 3691; x_wconf 70' lang='lat' dir='ltr'><strong>severitatis</strong></span> <span class='ocrx_word' id='word_1_241' title='bbox 2030 3678 2046 3704; x_wconf 87' lang='lat'><strong>,</strong></span> <span class='ocrx_word' id='word_1_242' title='bbox 2077 3644 2217 3704; x_wconf 71' lang='lat' dir='ltr'><strong>cujus</strong></span> <span class='ocrx_word' id='word_1_243' title='bbox 2235 3641 2450 3690; x_wconf 71' lang='lat' dir='ltr'><strong>tribunal</strong></span> 
     </span>
     <span class='ocr_line' id='line_1_31' title="bbox 322 3717 2449 3785; baseline 0.003 -20"><span class='ocrx_word' id='word_1_244' title='bbox 322 3717 415 3774; x_wconf 73' lang='lat'>1⁸3⁸,</span> <span class='ocrx_word' id='word_1_245' title='bbox 440 3733 552 3781; x_wconf 66' lang='lat' dir='ltr'><strong>qut</strong></span> <span class='ocrx_word' id='word_1_246' title='bbox 572 3729 745 3766; x_wconf 70' lang='lat' dir='ltr'><strong>ment</strong></span> <span class='ocrx_word' id='word_1_247' title='bbox 761 3729 943 3766; x_wconf 71' lang='lat' dir='ltr'><strong>auctor.</strong></span> <span class='ocrx_word' id='word_1_248' title='bbox 1430 3722 1655 3785; x_wconf 69' lang='lat' dir='ltr'><strong>scopulus</strong></span> <span class='ocrx_word' id='word_1_249' title='bbox 1679 3736 1872 3769; x_wconf 79' lang='lat' dir='ltr'><strong>reorum</strong></span> <span class='ocrx_word' id='word_1_250' title='bbox 1897 3719 2166 3770; x_wconf 76' lang='lat' dir='ltr'><strong>dicebatur.</strong></span> <span class='ocrx_word' id='word_1_251' title='bbox 2180 3721 2288 3770; x_wconf 74' lang='lat' dir='ltr'><strong>Val.</strong></span> <span class='ocrx_word' id='word_1_252' title='bbox 2313 3722 2449 3771; x_wconf 74' lang='lat' dir='ltr'><strong>Max.</strong></span> 
     </span>
    </p>

    <p class='ocr_par' dir='ltr' id='par_1_8' title="bbox 320 3795 2453 4186">
     <span class='ocr_line' id='line_1_32' title="bbox 398 3795 2448 3865; baseline 0.002 -23"><span class='ocrx_word' id='word_1_253' title='bbox 398 3797 449 3843; x_wconf 81' lang='lat'><strong>3.</strong></span> <span class='ocrx_word' id='word_1_254' title='bbox 472 3798 545 3843; x_wconf 83' lang='lat' dir='ltr'><strong>De</strong></span> <span class='ocrx_word' id='word_1_255' title='bbox 567 3797 824 3861; x_wconf 78' lang='lat' dir='ltr'><strong>Capitone.</strong></span> <span class='ocrx_word' id='word_1_256' title='bbox 852 3795 1220 3846; x_wconf 76' lang='lat' dir='ltr'><strong>Observandum</strong></span> <span class='ocrx_word' id='word_1_257' title='bbox 1246 3809 1345 3857; x_wconf 79' lang='lat' dir='ltr'><strong>est,</strong></span> <span class='ocrx_word' id='word_1_258' title='bbox 1430 3803 1525 3858; x_wconf 90' lang='lat'>111,</span> <span class='ocrx_word' id='word_1_259' title='bbox 1549 3817 1573 3861; x_wconf 86' lang='lat'><strong>7</strong></span> <span class='ocrx_word' id='word_1_260' title='bbox 1592 3835 1607 3858; x_wconf 83' lang='lat'>‚</span> <span class='ocrx_word' id='word_1_261' title='bbox 1635 3816 1684 3864; x_wconf 87' lang='lat'><strong>9.</strong></span> <span class='ocrx_word' id='word_1_262' title='bbox 1708 3802 1768 3849; x_wconf 84' lang='grc' dir='ltr'><strong>Τ.</strong></span> <span class='ocrx_word' id='word_1_263' title='bbox 1796 3801 1903 3848; x_wconf 83' lang='lat' dir='ltr'><strong>Liv.</strong></span> <span class='ocrx_word' id='word_1_264' title='bbox 1923 3800 2055 3865; x_wconf 77' lang='lat' dir='ltr'><strong>Epit.</strong></span> <span class='ocrx_word' id='word_1_265' title='bbox 2073 3801 2231 3850; x_wconf 79' lang='lat' dir='ltr'><strong>va.</strong></span> <span class='ocrx_word' id='word_1_266' title='bbox 2253 3800 2448 3849; x_wconf 72' lang='lat' dir='ltr'><strong>Sallust.</strong></span> 
     </span>
     <span class='ocr_line' id='line_1_33' title="bbox 322 3873 2077 3942; baseline 0.003 -21"><span class='ocrx_word' id='word_1_267' title='bbox 322 3875 380 3921; x_wconf 77' lang='lat' dir='ltr'><strong>in</strong></span> <span class='ocrx_word' id='word_1_268' title='bbox 416 3873 616 3934; x_wconf 72' lang='lat' dir='ltr'><strong>indiciis</strong></span> <span class='ocrx_word' id='word_1_269' title='bbox 650 3875 888 3939; x_wconf 75' lang='lat' dir='ltr'><strong>publicis,</strong></span> <span class='ocrx_word' id='word_1_270' title='bbox 921 3887 1107 3924; x_wconf 79' lang='lat' dir='ltr'><strong>tantum</strong></span> <span class='ocrx_word' id='word_1_271' title='bbox 1144 3877 1344 3941; x_wconf 83' lang='lat' dir='ltr'><strong>prodire</strong></span> <span class='ocrx_word' id='word_1_272' title='bbox 1428 3877 1928 3942; x_wconf 73' lang='lat' dir='ltr'><strong>Jug.32.v1d01nd.</strong></span> <span class='ocrx_word' id='word_1_273' title='bbox 1949 3879 2077 3928; x_wconf 72' lang='lat' dir='ltr'><strong>nist.</strong></span> 
     </span>
     <span class='ocr_line' id='line_1_34' title="bbox 320 3956 2446 4022; baseline 0.002 -22"><span class='ocrx_word' id='word_1_274' title='bbox 320 3963 498 4011; x_wconf 66' lang='lat' dir='ltr'><strong>testa,</strong></span> <span class='ocrx_word' id='word_1_275' title='bbox 521 3970 672 4017; x_wconf 82' lang='lat' dir='ltr'><strong>quum</strong></span> <span class='ocrx_word' id='word_1_276' title='bbox 707 3966 958 4018; x_wconf 63' lang='lat' dir='ltr'><strong>accusator</strong></span> <span class='ocrx_word' id='word_1_277' title='bbox 983 3966 1032 4004; x_wconf 81' lang='lat' dir='ltr'><strong>et</strong></span> <span class='ocrx_word' id='word_1_278' title='bbox 1061 3970 1170 4003; x_wconf 67' lang='lat' dir='ltr'><strong>reus</strong></span> <span class='ocrx_word' id='word_1_279' title='bbox 1193 3972 1343 4020; x_wconf 84' lang='lat' dir='ltr'><strong>pero·</strong></span> <span class='ocrx_word' id='word_1_280' title='bbox 1500 3959 1555 4006; x_wconf 84' lang='lat'><strong>6.</strong></span> <span class='ocrx_word' id='word_1_281' title='bbox 1601 3956 1713 4005; x_wconf 80' lang='lat' dir='ltr'><strong>Sine</strong></span> <span class='ocrx_word' id='word_1_282' title='bbox 1768 3973 1853 4022; x_wconf 79' lang='lat' dir='ltr'><strong>spe</strong></span> <span class='ocrx_word' id='word_1_283' title='bbox 1911 3969 2063 4022; x_wconf 79' lang='lat' dir='ltr'><strong>aeque</strong></span> <span class='ocrx_word' id='word_1_284' title='bbox 2115 3959 2446 4007; x_wconf 75' lang='lat' dir='ltr'><strong>emolumento.</strong></span> 
     </span>
     <span class='ocr_line' id='line_1_35' title="bbox 324 4035 2453 4108; baseline 0.003 -29"><span class='ocrx_word' id='word_1_285' title='bbox 324 4042 526 4081; x_wconf 63' lang='lat' dir='ltr'><strong>ranem.</strong></span> <span class='ocrx_word' id='word_1_286' title='bbox 542 4035 601 4080; x_wconf 79' lang='lat' dir='ltr'><strong>In</strong></span> <span class='ocrx_word' id='word_1_287' title='bbox 618 4035 994 4098; x_wconf 78' lang='lat' dir='ltr'><strong>repetundarum</strong></span> <span class='ocrx_word' id='word_1_288' title='bbox 1017 4036 1175 4084; x_wconf 68' lang='lat' dir='ltr'><strong>causis</strong></span> <span class='ocrx_word' id='word_1_289' title='bbox 1208 4037 1344 4108; x_wconf 50' lang='lat' dir='ltr'><strong>aliter</strong></span> <span class='ocrx_word' id='word_1_290' title='bbox 1430 4039 1620 4101; x_wconf 84' lang='lat' dir='ltr'><strong>Nempe</strong></span> <span class='ocrx_word' id='word_1_291' title='bbox 1641 4036 1980 4102; x_wconf 70' lang='lat' dir='ltr'><strong>pervulgatum</strong></span> <span class='ocrx_word' id='word_1_292' title='bbox 2002 4048 2077 4087; x_wconf 75' lang='lat' dir='ltr'><strong>est</strong></span> <span class='ocrx_word' id='word_1_293' title='bbox 2099 4053 2113 4088; x_wconf 73' lang='grc' dir='ltr'><strong><em>ε</em></strong></span> <span class='ocrx_word' id='word_1_294' title='bbox 2146 4053 2321 4089; x_wconf 82' lang='lat' dir='ltr'><strong>-nemo</strong></span> <span class='ocrx_word' id='word_1_295' title='bbox 2349 4052 2453 4099; x_wconf 62' lang='lat' dir='ltr'><strong>grn-</strong></span> 
     </span>
     <span class='ocr_line' id='line_1_36' title="bbox 324 4109 2449 4186; baseline 0.002 -28"><span class='ocrx_word' id='word_1_296' title='bbox 324 4122 446 4159; x_wconf 65' lang='grc' dir='ltr'><strong>σοι.</strong></span> <span class='ocrx_word' id='word_1_297' title='bbox 456 4111 590 4159; x_wconf 74' lang='lat' dir='ltr'><strong>vide</strong></span> <span class='ocrx_word' id='word_1_298' title='bbox 608 4115 749 4168; x_wconf 81' lang='lat' dir='ltr'><strong>Vert,</strong></span> <span class='ocrx_word' id='word_1_299' title='bbox 764 4109 793 4161; x_wconf 64' lang='lat'><strong>‘1</strong></span> <span class='ocrx_word' id='word_1_300' title='bbox 808 4148 823 4171; x_wconf 90' lang='lat'>‚</span> <span class='ocrx_word' id='word_1_301' title='bbox 845 4130 952 4177; x_wconf 81' lang='lat' dir='ltr'><strong>cap.</strong></span> <span class='ocrx_word' id='word_1_302' title='bbox 973 4113 1064 4163; x_wconf 86' lang='lat' dir='ltr'><strong>ult.</strong></span> <span class='ocrx_word' id='word_1_303' title='bbox 1432 4117 1495 4163; x_wconf 75' lang='lat' dir='ltr'><strong>tis</strong></span> <span class='ocrx_word' id='word_1_304' title='bbox 1517 4127 1593 4164; x_wconf 75' lang='lat' dir='ltr'><strong>est</strong></span> <span class='ocrx_word' id='word_1_305' title='bbox 1615 4116 1868 4181; x_wconf 79' lang='lat' dir='ltr'><strong>improbus</strong></span> <span class='ocrx_word' id='word_1_306' title='bbox 1890 4138 1936 4165; x_wconf 73' lang='grc' dir='ltr'><strong>ο.</strong></span> <span class='ocrx_word' id='word_1_307' title='bbox 1962 4117 2108 4166; x_wconf 86' lang='lat' dir='ltr'><strong>Conf.</strong></span> <span class='ocrx_word' id='word_1_308' title='bbox 2133 4117 2299 4182; x_wconf 71' lang='lat' dir='ltr'><strong>Lysias</strong></span> <span class='ocrx_word' id='word_1_309' title='bbox 2323 4113 2449 4186; x_wconf 64' lang='grc' dir='ltr'><strong>λόγῳ</strong></span> 
     </span>
    </p>

    <p class='ocr_par' dir='ltr' id='par_1_9' title="bbox 403 4191 1926 4261">
     <span class='ocr_line' id='line_1_37' title="bbox 403 4191 1926 4261; baseline 0.005 -24"><span class='ocrx_word' id='word_1_310' title='bbox 403 4199 454 4246; x_wconf 68' lang='lat'><strong>4.</strong></span> <span class='ocrx_word' id='word_1_311' title='bbox 482 4191 702 4240; x_wconf 78' lang='lat' dir='ltr'><strong>Palmas.</strong></span> <span class='ocrx_word' id='word_1_312' title='bbox 722 4194 1023 4244; x_wconf 68' lang='lat' dir='ltr'><strong>Successus:</strong></span> <span class='ocrx_word' id='word_1_313' title='bbox 1051 4193 1251 4242; x_wconf 82' lang='lat' dir='ltr'><strong>ironice.</strong></span> <span class='ocrx_word' id='word_1_314' title='bbox 1267 4194 1347 4244; x_wconf 81' lang='lat' dir='ltr'><strong>Sic</strong></span> <span class='ocrx_word' id='word_1_315' title='bbox 1436 4192 1618 4261; x_wconf 80' lang='grc' dir='ltr'><strong>ἀριιοπ.</strong></span> <span class='ocrx_word' id='word_1_316' title='bbox 1648 4200 1729 4245; x_wconf 81' lang='grc' dir='ltr'><strong>τοῦ</strong></span> <span class='ocrx_word' id='word_1_317' title='bbox 1767 4193 1926 4246; x_wconf 63' lang='lat' dir='ltr'><strong>erineo.</strong></span> 
     </span>
    </p>
   </div>
  </div>
 </body>
</html>
