3044 4788
632 442 716 489 10
1271 421 1366 485 Μ.
1418 419 1494 486 Τ.
1552 420 2110 489 CICERONIS

618 543 732 611 cio
759 553 997 639 partes
1027 540 1463 617 accusatoris
1490 537 1806 625 obtinet,
1836 554 2089 611 contra
2116 564 2232 610 me
2266 542 2360 610 sit
2391 536 2767 623 dicturus;

537 690 546 699 ·
617 652 735 721 cui
760 671 1120 720 summam
1144 650 1428 746 copiam
1452 646 2017 747 facultatemque
2036 649 2330 722 dicendi
2358 665 2617 721 natura
2636 651 2775 721 lar-

616 764 764 857 gita
793 773 922 830 est.
957 762 1066 828 Ita
1091 755 1199 845 fit,
1227 772 1310 828 ut
1337 783 1499 855 eg0,
1525 763 1654 858 qui
1689 761 1827 831 tela
1856 760 2219 860 depellere
2243 775 2319 833 et
2338 761 2771 833 vulneribus

618 868 893 941 mederi
922 866 1266 955 debeam,
1312 883 1470 939 tum
1508 869 1585 940 id
1617 868 1852 942 facere
1885 895 2129 969 cogar,
2161 895 2396 969 quum
2426 874 2642 942 etiam
2671 887 2773 942 te-

616 981 771 1051 lum
802 978 1252 1049 adversarius
1290 978 1576 1049 nullum
1604 981 1900 1075 jecerit:
1935 981 2073 1053 illis
2098 996 2343 1053 autem
2376 979 2451 1051 id
2485 993 2775 1079 tempus

617 1088 1098 1187 impugnandi
1134 1088 1375 1176 detur,
1416 1115 1651 1187 quum
1684 1104 1761 1161 et
1792 1091 2065 1162 vitandi
2112 1091 2404 1162 illorum
2455 1093 2774 1188 impetus

612 1212 930 1298 potestas
956 1197 1296 1298 adempta
1328 1199 1543 1271 nobis
1576 1204 1744 1288 erit;
1777 1214 1882 1291 et,
1924 1206 1983 1274 si
2017 1226 2163 1301 qua
2196 1205 2273 1273 in
2307 1226 2421 1290 re,
2454 1199 2532 1272 id
2566 1200 2772 1299 quod

612 1312 840 1408 parati
878 1323 1052 1382 sunt
1077 1308 1350 1397 facere,
1391 1309 1654 1383 falsum
1700 1316 2002 1402 crimen,
2042 1317 2291 1413 quasi⁷
2320 1328 2771 1385 venenatum

613 1420 916 1519 aliquod
948 1422 1201 1510 telum,
1221 1424 1562 1519 jecerint,
1591 1423 1974 1496 medicina:
2007 1421 2353 1496 faciendae
2380 1424 2588 1495 locus
2610 1446 2766 1493 non

611 1533 769 1603 erit.
794 1531 878 1603 Id
901 1533 1165 1604 accidit
1190 1536 1514 1630 praetoris
1545 1531 1971 1633 iniquitate⁸
2001 1550 2076 1607 et
2099 1536 2365 1632 injuria
2392 1559 2409 1603 ε
2438 1536 2770 1632 primum

613 1641 841 1739 quod,
870 1659 1123 1715 contra
1149 1646 1482 1713 omnium
1517 1644 2152 1731 consuetudinem,
2174 1642 2541 1741 judicium
2562 1645 2773 1740 prius

614 1749 706 1822 de
749 1751 1025 1850 probro
1041 1762 1100 1839 9,
1139 1775 1362 1850 quam
1391 1750 1483 1825 de
1518 1778 1637 1841 re,
1671 1754 1926 1825 maluit
1956 1753 2157 1840 fieri;
2208 1750 2512 1841 deinde,
2563 1753 2771 1850 quod

619 1862 718 1930 ita
765 1864 1144 1933 constituit
1189 1861 1264 1932 id
1298 1866 1540 1960 ipsum
1575 1863 1970 1960 judicium,
2003 1879 2089 1934 ut
2130 1888 2337 1952 reus,
2374 1877 2772 1961 antequam

613 1972 922 2044 verbum
946 1978 1382 2046 accusatoris
1405 1974 1748 2062 audisset,
1776 2000 2065 2047 causam
2090 1975 2332 2047 dicere
2361 1989 2772 2072 cogeretur3

617 2082 821 2181 quod
849 2108 1105 2154 eorum
1132 2088 1358 2181 gratia
1391 2101 1464 2156 et
1487 2088 1817 2183 potentia
1847 2084 2121 2157 factum
2160 2099 2306 2173 est,
2346 2087 2516 2182 qui,
2560 2086 2771 2182 quasi

617 2215 748 2262 sua
778 2216 914 2278 res,
931 2207 1059 2263 aut
1086 2192 1321 2266 honos
1348 2210 1628 2291 agatur,
1655 2199 1753 2266 ita
1786 2195 2171 2292 diligenter
2191 2200 2346 2266 Sex.
2366 2196 2588 2266 Naevii
2621 2208 2778 2264 stu-

614 2300 739 2371 dio
771 2315 845 2373 et
877 2302 1255 2402 cupiditati
1290 2330 1570 2378 morem
1604 2321 1906 2404 gerunt,
1938 2320 2014 2377 et
2044 2309 2120 2375 in
2151 2303 2512 2403 ejusmodi
2549 2302 2775 2375 rebus

613 2434 792 2508 opes
841 2436 1004 2484 suas
1046 2416 1546 2511 experiuntur,
1582 2419 1659 2486 in
1698 2416 2010 2514 quibus,
2072 2440 2224 2514 quo
2266 2416 2433 2515 plus
2467 2430 2775 2513 propter

612 2524 957 2593 virtutem
990 2521 1592 2622 nobilitatemque
1619 2541 1962 2624 possunt,
1997 2550 2086 2597 eo
2112 2529 2383 2612 minim,
2407 2539 2773 2622 quantum

614 2636 930 2731 possint,
970 2632 1245 2704 debent
1285 2635 1691 2706 ostendere.
1735 2638 1985 2726 Quum
2020 2649 2131 2706 tot
2163 2638 2528 2731 tantisque
2576 2627 2776 2703 diffi-

617 2742 1012 2815 cultatibus
1042 2742 1348 2816 affectus
1379 2760 1601 2842 atque
1633 2743 1966 2832 afflictuS,
1996 2749 2072 2817 in
2100 2759 2298 2816 tuam
2318 2799 2338 2831 ,
2364 2748 2441 2815 C.
2461 2743 2733 2840 Aquilli
2752 2798 2773 2829 ,

619 2851 865 2941 fidem,
881 2857 1029 2925 veri
1038 2855 1933 2943 tatem¹⁰‚misericordiam
1949 2860 2025 2927 P.
2043 2857 2389 2947 Quintius
2417 2849 2771 2949 confuge-

619 2965 1009 3060 rit3quum
1041 2964 1282 3036 adhuc
1311 2969 1416 3053 ei,
1447 2981 1750 3065 propter
1782 2970 1929 3036 vim
1962 2965 2576 3049 adversariorum,
2611 2987 2771 3033 non

609 3075 731 3170 jus
753 3085 912 3172 par¹
929 3084 979 3162 ¹,
995 3099 1145 3146 non
1160 3075 1419 3173 agendi
1436 3092 1754 3176 potestas
1774 3075 2049 3165 eadem,
2067 3101 2219 3147 non
2241 3077 2729 3172 magistratus¹
2742 3083 2770 3116 ²

614 3209 868 3282 aequus
894 3189 1193 3283 reperiri
1224 3191 1587 3285 potuerit;
1627 3212 1859 3284 quum
1895 3189 1998 3274 ei,
2022 3208 2378 3257 summam
2412 3207 2544 3283 per
2575 3183 2775 3277 inju-

696 3391 743 3435 7.
762 3374 876 3422 Tria
901 3373 1007 3421 haec
1036 3372 1214 3434 verba,
1240 3384 1297 3422 ut
1324 3375 1487 3438 spuria
1505 3407 1524 3435 ‚
1560 3374 1644 3422 de·
1735 3373 2029 3440 constituta)
2050 3408 2065 3432 ‚
2101 3385 2150 3422 et
2176 3388 2396 3439 possessa
2433 3388 2495 3420 ne
2523 3371 2627 3419 dut
2660 3372 2773 3433 ejus

619 3452 738 3501 levit
760 3452 1039 3500 Lambinus.
1069 3452 1118 3499 J.
1133 3454 1197 3501 V.
1225 3455 1278 3500 L.
1735 3452 1864 3501 bona
1886 3469 1948 3500 ex
1967 3452 2147 3502 edictu.
2177 3454 2333 3515 Quam
2361 3450 2425 3498 de
2450 3466 2527 3507 re,
2565 3450 2598 3499 i.
2628 3466 2672 3498 e.
2704 3450 2772 3498 de

692 3533 744 3580 8.
770 3530 1062 3594 Iniquitate.
1102 3531 1331 3579 miranda
1358 3547 1463 3579 non
1501 3532 1644 3578 semel
1730 3531 1943 3597 pecnnia
1979 3547 2124 3595 quam
2158 3531 2253 3579 sihi
2276 3529 2475 3578 Navius
2497 3545 2523 3578 ι
2550 3529 2768 3591 Quintio

620 3610 836 3659 occurrit
856 3611 1064 3658 oratoris
1090 3609 1242 3658 libera
1259 3610 1550 3674 indignatio,
1561 3610 1647 3674 qui
1736 3607 1904 3658 deberi
1927 3609 2134 3658 dicebat.
2157 3609 2277 3657 Vid.
2305 3609 2396 3659 ins.
2420 3624 2532 3672 cap.
2565 3608 2618 3655 8.

620 3706 727 3738 non
781 3689 832 3736 in
882 3688 1249 3752 magistratuum
1304 3690 1530 3752 injuriam
1575 3690 1646 3736 in-
1815 3704 1895 3739 10.
1955 3687 2236 3735 Veritatem.
2284 3687 2595 3751 AEqnitatem.
2638 3686 2768 3736 vid.

620 3767 730 3817 vohi
775 3766 999 3828 dubitat,
1054 3767 1324 3818 dummodo
1376 3768 1544 3818 officio
1589 3785 1645 3816 ac
1733 3767 1942 3834 Longol.
1963 3767 2025 3815 ad
2054 3767 2181 3815 Plin.
2204 3761 2510 3832 Episnvm,
2535 3782 2584 3815 a.

621 3846 738 3896 fidei
764 3848 1013 3897 inserviat.
1370 3845 1379 3850 ⁶
1813 3864 1832 3894 x
1849 3864 1868 3895 1
1883 3882 1895 3895 .
1923 3851 2011 3894 Im
2025 3863 2143 3910 par.
2160 3846 2275 3895 Non
2292 3862 2429 3910 equa
2455 3845 2769 3908 disceptandi

693 3944 743 3991 9.
772 3930 848 3976 De
873 3929 1083 3992 probro.
1118 3931 1287 3991 Quaeri
1318 3932 1447 3979 enim
1489 3930 1647 3977 voluit
1731 3926 1855 3987 juris
1881 3925 2124 3974 conditio.

618 4018 817 4072 pretor,
847 4007 983 4072 prius
1026 4024 1089 4055 an
1135 4008 1377 4057 desertum
1419 4008 1566 4055 fuerit
1616 4023 1645 4054 ι
1814 4021 1892 4053 12.
1930 4004 2272 4070 Magistratus.
2310 4007 2500 4052 Praetor
2532 4003 2769 4052 But-rhie-

618 4086 828 4150 Quintio
858 4086 1190 4136 vadimonium
1225 4085 1528 4149 (vadimonii
1555 4103 1646 4135 au·
1735 4099 1853 4145 nus,
1877 4086 1962 4149 qui
1980 4083 2238 4149 Quintium
2260 4084 2395 4149 prior
2416 4083 2690 4142 damnavit,
2713 4096 2768 4130 et

622 4178 717 4214 tem
759 4164 1083 4217 desertoribus
1127 4167 1338 4215 infamia
1369 4183 1514 4232 poem
1545 4176 1646 4215 erat
1735 4164 2005 4226 Dolabella,
2018 4164 2410 4230 <wichmannum
2424 4163 2604 4212 iterum
2625 4162 2766 4211 velit.
