3044 4788
616 357 756 431 258
1265 358 1364 425 Μ.
1417 356 1495 424 Τ.
1550 355 2105 426 CICERONIS

611 478 1138 564 commovebat.
1191 476 1598 574 Cupiebam
1652 477 2105 564 dissimulare
2160 498 2280 546 me
2328 474 2404 547 id
2455 473 2776 548 'moleste

611 591 830 680 ferre3
870 586 1256 687 cupiebam
1287 590 1508 657 animi
1551 587 1881 658 dolorem
1914 586 2125 657 vultu
2154 601 2433 684 tegere,
2473 601 2547 658 et
2582 591 2775 659 taci-

612 704 958 774 turnitate
995 697 1250 770 celare.
1293 702 1477 770 Ecce
1513 711 1758 769 autem
1798 697 1939 769 illis
1979 700 2156 795 ipsis
2192 696 2483 788 diebus,
2526 723 2769 795 quum

610 826 956 911 praetores
989 806 1339 904 designati
1373 811 1847 896 sortirentur,
1903 822 1976 879 et
2000 813 2098 880 M.
2128 808 2428 881 Metello
2460 808 2774 907 obtigis-

613 937 722 995 set
739 975 758 1010 ‚
787 936 872 992 ut
895 923 956 990 is
982 917 1074 989 de
1100 921 1432 1016 pecuniis
1458 918 1887 1016 repetundis
1918 934 2280 1015 quaereret
2297 925 2356 1009 ⁴3
2384 923 2777 992 nuntiatur

612 1032 819 1120 mihi,
852 1043 1126 1102 tantam
1155 1029 1268 1100 isti
1290 1028 1848 1125 gratulationem
1882 1052 2037 1100 esse
2066 1027 2355 1118 factam,
2377 1043 2460 1100 ut
2493 1034 2552 1100 is
2572 1054 2775 1127 quo·

613 1168 759 1242 que
810 1136 1158 1214 domum⁵
1216 1142 1566 1226 mitteret,
1635 1140 1766 1235 qui
1825 1142 2034 1209 uxori
2101 1162 2246 1210 suae
2312 1141 2771 1211 nuntiarent.

615 1259 800 1325 Sane
833 1273 927 1321 ne
957 1249 1110 1349 hzec
1136 1248 1437 1345 quidem
1462 1273 1581 1321 res
1604 1248 1784 1318 mihi
1820 1248 2187 1347 placebat:
2214 1273 2459 1346 neque
2484 1264 2732 1321 tamen
2752 1305 2772 1336 ,

615 1362 794 1462 quid
834 1373 1214 1460 tantopere
1253 1357 1329 1429 in
1368 1357 1503 1429 hac
1536 1371 1730 1428 sorte
1751 1355 1784 1403 ⁶
1818 1358 2301 1429 metuendum
2336 1358 2513 1428 mihi
2543 1374 2773 1444 esset,

615 1470 1131 1568 intelligebam.
1185 1471 1435 1539 Unum
1491 1466 1672 1537 illud
1730 1493 1819 1539 ex
1880 1466 2309 1540 hominibus
2371 1472 2583 1541 certis
2608 1523 2628 1556 ,
2675 1495 2775 1541 ex

615 1581 887 1681 quibus
905 1580 1150 1652 omnia
1173 1580 1520 1676 comperi,
1548 1577 2040 1677 reperiebam:
2065 1578 2278 1651 fiscos
2297 1592 2323 1637 7
2351 1580 2775 1679 complures

617 1719 786 1769 cum
816 1694 1130 1792 pecunia
1171 1683 1522 1761 Siciliensi
1570 1713 1610 1759 a
1645 1688 1968 1787 quodam
2007 1686 2387 1762 senatore⁸
2426 1689 2521 1760 ad
2556 1696 2775 1788 equi-

619 1820 767 1876 tem
802 1824 1188 1875 romanum
1216 1822 1372 1871 esse
1411 1799 1825 1888 translatos3
1852 1825 1942 1871 ex
1968 1800 2077 1871 his
2113 1800 2320 1898 quasi
2344 1806 2412 1871 X
2439 1798 2652 1872 fiscos
2676 1801 2776 1872 ad

619 1923 1031 1987 senatorem
1075 1910 1277 1981 illum
1313 1911 1604 1983 relictos
1640 1936 1827 2000 esse,
1869 1915 2337 1983 comitiorum
2381 1936 2718 1984 meorum
2738 1926 2776 1972 9

619 2028 962 2108 nomine;
1009 2020 1440 2092 divisores¹⁰
1476 2025 1811 2092 omnium
1862 2021 2192 2094 tribuum
2248 2037 2480 2094 noctu
2528 2022 2620 2095 ad
2670 2028 2777 2096 is-

622 2151 781 2208 tum
825 2144 1138 2204 vocatos.
1195 2134 1300 2200 Ex
1337 2129 1604 2226 quibus
1641 2133 1980 2230 quidam,
2030 2136 2158 2230 qui
2201 2156 2279 2203 se
2326 2136 2573 2204 omnia
2611 2157 2776 2204 mea

625 2266 840 2315 causa
887 2239 1154 2313 debere
1180 2251 1235 2284 ¹¹
1282 2239 1796 2327 arbitrabatur,
1833 2242 2087 2315 eadem
2125 2242 2244 2314 illa
2278 2256 2494 2315 nocte
2532 2244 2622 2315 ad
2652 2268 2780 2316 me

622 2352 853 2441 venit;
885 2349 1367 2440 demonstrat,
1402 2375 1548 2448 qua
1578 2352 1710 2424 iste
1739 2355 2070 2426 oratione
2104 2377 2280 2427 usus
2316 2369 2544 2428 esset:
2574 2378 2776 2428 com-

698 2582 750 2630 4.
775 2572 1037 2634 Quaereree.
1061 2567 1308 2630 Quaetitot
1326 2578 1478 2629 esset,
1500 2569 1554 2617 in
1575 2585 1656 2619 an-

627 2669 744 2702 num
768 2660 1064 2714 sequentem.
1093 2647 1344 2711 Designati
1376 2648 1506 2695 enim
1530 2664 1656 2712 prae-

1743 2570 1877 2620 mitia
1898 2570 2098 2620 odilina
2125 2567 2490 2636 significantur,
2524 2587 2640 2636 qun
2666 2584 2779 2637 poet

1743 2651 2015 2699 consularia
2045 2662 2092 2699 et
2120 2654 2351 2717 praitoria
2381 2651 2781 2701 fiebant.Verreo

625 2744 782 2788 tores,
803 2740 1062 2791 antequam
1089 2726 1421 2790 magistratum
1446 2726 1625 2776 inirent
1642 2761 1657 2785 ‚

627 2810 794 2860 sortiri
819 2806 1071 2865 nolebant,
1108 2804 1169 2852 de
1197 2803 1401 2854 diversis
1427 2808 1657 2870 quatio-

626 2890 774 2938 nibus
817 2887 870 2933 in
905 2884 1041 2932 Urbe
1085 2885 1398 2942 exercendis3
1441 2885 1556 2933 vide
1592 2885 1657 2933 ad

628 2969 907 3018 calc.Verr.
922 2968 946 3012 1
966 3000 983 3027 ,
1013 2962 1074 3011 de
1095 2965 1237 3013 Praet.
1259 2964 1438 3012 urban.

704 3049 752 3096 5.
773 3048 952 3093 Pueros
970 3042 1021 3092 d.
1035 3059 1104 3091 m.
1123 3042 1220 3091 Sed
1236 3042 1373 3091 abest
1391 3059 1418 3090 a
1434 3041 1659 3107 pluribus

627 3128 766 3177 MSS.
803 3127 836 3174 J
842 3161 855 3172 .
878 3126 944 3173 V.
962 3124 1016 3171 1..

700 3208 754 3255 6.
799 3207 952 3252 Sorte.
990 3203 1051 3249 In
1090 3200 1187 3250 hoc
1232 3217 1435 3250 munere
1458 3235 1473 3260 ‚
1521 3200 1660 3265 quod

627 3287 703 3336 M.
728 3284 934 3333 Metello
959 3281 1158 3347 praetori
1186 3290 1317 3327 sorte
1341 3280 1596 3343 obtigerat.

705 3381 752 3425 7.
775 3363 954 3411 Fiscus.
973 3363 1194 3424 sportas,
1219 3358 1427 3423 pecnnia
1445 3358 1663 3418 referta,

628 3460 775 3508 quam
798 3445 976 3491 Verre·
1001 3456 1064 3489 ex
1091 3439 1270 3487 siciliae
1306 3438 1449 3485 furtis
1479 3436 1661 3487 confla-

630 3532 785 3570 verat.

700 3601 753 3648 8.
774 3600 1024 3645 Senator-e.
1055 3595 1371 3660 Smpimntnr
1387 3607 1663 3645 senatorem

629 3678 712 3727 alii
739 3678 963 3726 Crassum
980 3709 995 3733 ,
1033 3673 1114 3722 alii
1145 3673 1488 3733 Hortensium
1528 3675 1663 3740 equi·

632 3771 727 3805 tem
750 3770 867 3803 vero
892 3752 1166 3801 Publicium
1193 3752 1453 3816 quemdam
1475 3765 1663 3817 tempo-

630 3837 765 3889 ribus
794 3834 894 3881 illis
919 3833 972 3880 in
1000 3830 1267 3881 dividenda
1295 3833 1484 3897 populo
1513 3848 1663 3897 pecu·

630 3918 708 3965 nia
738 3916 991 3962 famosum.

703 4012 752 4059 9.
777 3993 858 4041 Sic
877 4001 1005 4040 recte
1023 3991 1208 4043 moon.
1230 3999 1282 4039 et
1298 3989 1660 4054 ManutNulgo

627 4077 763 4125 abest
783 4086 1015 4122 meorum.
1033 4069 1228 4118 —Hoc
1251 4077 1413 4118 nutem
1435 4069 1549 4118 loco
1575 4084 1659 4116 co-

1741 2731 2002 2795 pecuniam
2032 2731 2161 2780 hanc
2190 2730 2390 2779 dederat
2410 2764 2426 2788 ,
2468 2741 2560 2792 ut,
2605 2748 2782 2796 nempe

1743 2811 1991 2874 corruptis
2024 2811 2296 2875 suffragiis,
2333 2811 2568 2861 aedilitate
2596 2812 2784 2875 dejice·

1745 2901 1879 2938 retur
1896 2890 2090 2949 Cicero,
2114 2908 2261 2956 quam
2281 2891 2498 2956 petebat.

1826 2985 1903 3017 10.
1924 2970 2183 3019 Diviseres.
2212 2974 2288 3019 Ex
2320 2972 2371 3021 h.
2404 2971 2447 3021 1.
2473 2982 2612 3035 patet
2639 2988 2781 3020 nuum

1748 3048 1925 3111 cuique
1960 3048 2116 3097 tribui
2154 3051 2307 3098 fuisse
2341 3050 2624 3105 divisorem,
2660 3051 2695 3101 i.
2732 3068 2781 3099 e.

1746 3126 1993 3176 hominem
2029 3130 2117 3193 qni
2154 3129 2411 3192 pecuniam
2426 3163 2444 3189 ,
2480 3145 2635 3194 quum
2674 3130 2787 3194 quiz

1748 3206 2038 3255 candidatus
2070 3207 2327 3271 largitione
2352 3203 2406 3255 in
2434 3208 2679 3272 populum
2711 3209 2788 3256 nti

1750 3285 1919 3347 vellet,
1940 3286 1993 3332 in
2026 3285 2161 3334 tribu
2195 3302 2281 3334 sua
2318 3287 2503 3333 viritim
2533 3286 2783 3337 divideret.

1748 3365 1899 3414 Initio
1928 3382 2015 3430 per
2039 3382 2091 3415 se
2117 3382 2220 3417 non
2246 3367 2404 3431 mrpie
2437 3383 2515 3414 res
2545 3379 2672 3426 eran
2701 3368 2787 3415 be·

1748 3445 1987 3508 algnitnte
2013 3446 2143 3495 enim
2169 3446 2412 3511 populum
2439 3447 2694 3494 conciliari
2720 3447 2786 3494 le-

1749 3538 1833 3587 gen
1870 3524 2113 3574 sinebant.
2142 3524 2237 3573 Sed
2271 3536 2533 3588 postquam
2567 3541 2659 3590 per
2692 3525 2785 3574 ho·

1750 3612 1997 3665 corrupta
2041 3612 2156 3653 eunt
2202 3604 2392 3665 tribus,
2436 3620 2541 3652 eam
2588 3603 2784 3652 tandem

1750 3681 1818 3729 ob
1847 3696 2037 3729 canum
2069 3681 2249 3730 infame
2274 3692 2323 3730 et
2361 3692 2644 3747 suspectum
2664 3682 2783 3731 diui-

1749 3759 1872 3809 soris
1892 3775 2075 3809 nomen
2099 3760 2284 3809 factum
2307 3771 2399 3821 ent,
2414 3772 2563 3825 atque
2585 3761 2640 3810 in
2662 3778 2786 3811 con·

1751 3838 1867 3887 vicii
1916 3839 2033 3888 loco
2081 3838 2286 3889 dictum.
2336 3842 2485 3889 Verr.
2523 3841 2597 3887 111
2618 3874 2635 3898 ‚
2690 3841 2781 3903 69.

1751 3919 1946 3969 Mareu.
1969 3918 2062 3979 ²6,
2087 3928 2182 3968 etc.

1826 4006 1844 4035 ι
1861 4006 1908 4039 ι.
1935 3989 2035 4037 Alii
2052 4022 2067 4046 ,
2088 3988 2286 4039 «facere
2313 3988 2543 4040 debet-en.
2574 3989 2782 4040 locutio

1749 4067 1987 4119 Ciceroni
1996 4066 2264 4127 familiaris,
2273 4083 2367 4131 qua
2381 4065 2778 4133 subaud-faeere.
