3044 4788
740 412 1126 480 ORATIO
1175 411 1374 480 PRO
1424 411 1489 480 S.
1544 413 1938 485 ROSCIO.

2303 447 2400 519 99

279 537 411 611 tibi
457 533 842 607 videbatur
887 556 1260 603 servorum
1294 556 1604 619 nomen,
1640 559 1829 630 quo,
1873 543 2077 634 quasi
2114 544 2189 610 in
2228 567 2399 640 por-

278 664 465 735 tum,
509 648 822 742 rejectus
854 667 894 712 a
929 645 1184 712 ceteris
1220 641 1789 738 suspicionibu5‚
1826 646 2215 746 confugere
2241 678 2403 750 pos-

269 784 380 829 ses
414 784 432 825 :
478 755 609 827 ubi
649 752 1029 851 scopulum
1063 748 1380 821 offendis
1427 753 1829 846 ejusmodi,
1871 771 1954 826 ut
1986 783 2135 831 non
2180 763 2401 834 modo

263 866 358 937 ab
404 866 553 936 hoc
595 866 867 933 crimen
911 860 1183 930 resilire
1217 858 1459 929 videas
1485 914 1505 947 ‚
1547 885 1799 932 verum
1842 890 2136 940 omnem
2174 879 2405 971 suspi-

267 982 565 1048 cionem
598 978 675 1043 in
707 983 986 1042 vosmet
1020 972 1215 1067 ipsos
1242 968 1562 1040 recidere
1592 974 1966 1072 intelligas.

363 1085 572 1177 Quid
598 1098 707 1154 est
737 1106 942 1178 ergo,
973 1105 1123 1176 quo
1164 1077 1455 1150 tandem
1488 1098 1887 1173 accusator,
1919 1090 2168 1189 inopia
2197 1118 2407 1191 argu-

269 1194 732 1281 mentorum,
768 1189 1225 1286 confugerit?
1277 1190 1651 1285 Ejusmodi
1689 1207 1974 1294 tempus
1997 1196 2026 1242 ³
2069 1218 2257 1291 erat,
2299 1209 2406 1275 in-

270 1311 469 1405 quit,
519 1320 601 1377 ut
634 1304 969 1373 homines
1003 1299 1221 1393 vulgo
1253 1301 1558 1396 impune
1589 1301 2094 1379 occiderentur
2131 1336 2147 1379 :
2185 1337 2409 1409 quare

274 1434 361 1487 tu
392 1417 570 1503 hoc,
608 1427 909 1512 propter
953 1407 1496 1479 multitudinem
1542 1412 2004 1504 sicariorum,
2037 1421 2241 1491 nullo
2291 1449 2415 1495 ne-

282 1530 487 1622 gotio
516 1526 741 1596 facere
769 1521 1090 1621 potuisti.
1126 1520 1425 1588 Interim
1460 1518 1638 1589 mihi
1675 1521 1962 1613 videri5‚
1994 1532 2233 1619 Eruci,
2265 1529 2413 1605 una

285 1634 667 1706 mercede‘·
694 1632 872 1702 duas
901 1654 1010 1700 res
1043 1630 1325 1723 assequi
1358 1627 1542 1698 velle
1573 1654 1589 1696 ε
1630 1654 1764 1701 nos
1797 1633 2077 1728 judicio
2117 1640 2416 1736 perfun-

286 1745 463 1816 dere
484 1743 549 1833 ⁵;
578 1767 906 1815 accusare
938 1754 1178 1809 autem
1217 1761 1341 1807 eos
1376 1740 1605 1834 iPSOS‚
1631 1764 1674 1810 a
1702 1741 1974 1838 quibus
2006 1750 2416 1824 mercedem

280 1858 642 1953 accepisti.
675 1851 871 1944 Quid
901 1848 1045 1920 ais?
1071 1847 1310 1942 Vulgo
1342 1848 1886 1925 occidebantur.
1923 1861 2056 1927 Per
2082 1864 2317 1956 quos?
2345 1879 2417 1934 et

277 1993 320 2038 a
342 1965 660 2063 quibus?
681 1968 942 2035 Nonne
967 1961 1259 2055 cogitaS‚
1277 1970 1348 2028 te
1368 1979 1412 2026 a
1429 1961 1831 2033 sectoribus
1854 1964 2001 2037 huc
2015 1968 2413 2043 adductum

277 2075 482 2147 esse?
506 2071 706 2164 Quid
740 2064 1074 2170 posteass?
1094 2068 1469 2139 Nescimus
1487 2121 1506 2153 ‚
1533 2093 1666 2166 per
1692 2074 1824 2144 ista
1852 2089 2181 2175 tempora
2200 2135 2219 2169 ,
2261 2107 2417 2154 eos-

277 2310 509 2371 debatur‚
544 2319 602 2356 ut
628 2306 812 2354 diceres
838 2303 1069 2352 Roscium
1100 2314 1189 2363 per
1208 2312 1307 2345 ser-

277 2408 371 2438 vos
396 2389 525 2438 hanc
555 2385 743 2435 cadem
776 2382 961 2431 secisse.
990 2381 1058 2428 At
1096 2392 1188 2442 ego
1223 2390 1307 2423 cu-

278 2487 398 2534 pere
434 2467 674 2518 Roscium
711 2460 900 2511 ostendi
914 2495 929 2518 ‚
964 2469 1019 2507 nt
1057 2456 1118 2504 de
1154 2454 1305 2508 servis

277 2560 546 2612 quantur,
576 2562 670 2592 nec
705 2554 863 2592 tumen
896 2540 949 2587 id
992 2537 1163 2593 licere,
1193 2533 1306 2598 quis

279 2642 450 2674 servos
473 2625 824 2688 Chrysogonus
858 2618 990 2684 apud
1010 2632 1063 2665 sc
1085 2615 1304 2664 retineat.

282 2706 513 2768 Sequitur
536 2702 768 2765 allegoria
791 2710 980 2763 sumpta
1000 2697 1061 2744 de
1079 2695 1307 2757 navigan·

282 2785 434 2831 tibus.
457 2809 526 2819 -—
547 2781 628 2829 Ab
655 2779 773 2834 Ιιοσ,
812 2779 848 2826 i.
881 2794 924 2825 e.
956 2793 984 2822 ι
1022 2777 1074 2827 S.
1103 2774 1304 2821 Roscio.

282 2864 445 2911 mm.
468 2874 515 2909 et
541 2861 625 2908 alii
650 2859 727 2906 ad
752 2857 871 2912 hoc,
904 2855 1044 2903 male.

358 2943 409 2989 3.
434 2938 694 3004 Ejusmodi
710 2950 913 3000 tempus.
941 2936 1129 2997 Nempe
1152 2931 1306 2980 Sulla-

282 3037 457 3068 mrum
490 3017 938 3083 proscriptionum,
970 3012 1146 3077 quibus
1181 3027 1307 3076 prae-

282 3101 439 3148 mium
459 3097 827 3162 percussoribus
849 3104 951 3142 erat
978 3091 1173 3157 publice
1193 3106 1306 3154 pro-

282 3182 520 3244 positum.

363 3265 412 3313 4.
436 3259 547 3302 Una
566 3253 798 3303 mercede.
817 3254 982 3314 Quum
999 3266 1092 3315 pro
1110 3264 1207 3296 una
1226 3264 1307 3296 sc-

282 3338 543 3384 cus-tione
562 3335 805 3398 pecuniam
827 3329 1087 3393 acceperis,
1106 3327 1168 3375 ad
1187 3327 1308 3374 duas

279 3416 431 3464 simul
459 3430 538 3463 res
561 3415 827 3478 pervenire,
844 3422 893 3459 et
909 3407 1129 3457 mercede
1149 3408 1309 3472 Chry·

280 3497 464 3558 sogoni
490 3494 646 3557 ipsum
672 3492 1045 3555 Chrysogonum
1069 3503 1311 3536 accusare.

361 3577 409 3622 5.
435 3572 633 3620 Judc'cio
648 3569 960 3635 perfimdere.
987 3570 1027 3617 1.
1052 3584 1095 3616 e.
1121 3568 1309 3628 judicio

280 3653 525 3710 obscuro,
546 3652 599 3698 in
620 3665 723 3714 quo
738 3648 863 3696 nihil
883 3647 1011 3696 clare
1026 3647 1311 3711 liquidoque

280 3734 547 3797 probetur,
574 3731 800 3790 obruere,
833 3741 887 3778 ut
904 3728 955 3776 h.
981 3729 1017 3776 l.
1049 3727 1165 3775 facit
1188 3729 1312 3775 Eru-

280 3814 411 3872 cius,
436 3813 524 3875 qui
567 3811 670 3857 sine
711 3808 817 3855 ullo
857 3817 1168 3870 argumento,
1210 3807 1312 3854 Ro-

280 3893 445 3939 scium
469 3889 590 3937 dicit
621 3890 793 3937 Romae
820 3897 1006 3951 patrem
1032 3902 1121 3950 per
1149 3901 1313 3933 servos

281 3968 546 4017 occidisse.
571 3968 702 4014 Hinc
716 3965 989 4032 perfia-toric
1005 3965 1165 4012 dicere
1182 3965 1316 4029 apud

282 4050 460 4098 Jctm.
482 4047 752 4112 UlpianN,
779 4064 800 4094 ι
832 4061 845 4095 :
884 4067 906 4088 ι
923 4045 1158 4103 Debebit,
1176 4056 1226 4092 et
1250 4045 1316 4092 its

288 4128 482 4189 hbeo,
511 4137 561 4176 et
597 4125 727 4175 diem
770 4135 822 4173 ct
852 4124 1020 4173 horam
1062 4123 1317 4171 denuntia-

1394 2297 1531 2347 tione
1552 2301 1840 2366 complecti,
1862 2316 1912 2353 et
1934 2306 2023 2356 ubi
2058 2320 2107 2357 et
2142 2323 2266 2374 quot
2293 2331 2421 2380 opus

1392 2378 1473 2438 sit,
1498 2397 1657 2444 neque
1670 2381 1974 2448 perfusae-ie,
2009 2400 2095 2436 sut
2115 2389 2323 2442 obscure
2342 2394 2418 2444 di-

1394 2472 1521 2522 cere,
1537 2471 1631 2508 etc.
1644 2484 1668 2501 n·
1693 2462 1857 2510 Potest
1875 2480 2072 2528 quoque
2091 2485 2211 2528 esse,
2231 2483 2285 2518 ut
2303 2477 2417 2521 Fac-

1394 2538 1576 2586 ciolsto
1625 2539 1814 2603 placet,
1865 2563 1888 2586 ι
1909 2544 2121 2606 speciem
2158 2551 2417 2611 quamdam

1389 2616 1567 2676 judieii
1599 2620 1881 2680 ossundere,
1920 2639 2085 2673 revers
2127 2638 2289 2676 sutem
2333 2649 2417 2681 eos

1393 2712 1647 2757 accusare,
1705 2711 1801 2749 etc.
1836 2722 1861 2742 υ
1906 2704 2016 2765 Qua
2062 2706 2417 2769 significatione

1393 2787 1659 2838 usurpatur
1684 2777 1984 2842 perfiasorius
2022 2798 2050 2829 a
2086 2786 2266 2835 Seneca
2283 2823 2297 2847 ‚
2335 2807 2415 2856 ep.

1393 2855 1496 2901 23:
1531 2853 1678 2902 -haec
1703 2857 1883 2918 quibus
1924 2859 2191 2912 delectatur
2219 2868 2416 2932 vulgus,

1391 2943 1585 2980 tenuem
1624 2933 1804 2984 habeut
1839 2952 1894 2984 sc
1926 2939 2254 3004 perfluet-iam
2280 2952 2420 2999 volu.

1395 3022 1575 3075 putem
1594 3035 1638 3061 n.
1666 3015 1860 3078 Species
1890 3019 2042 3082 igitur
2069 3023 2245 3081 judicii
2271 3027 2417 3089 hujus

1393 3091 1745 3140 offundebatur
1769 3096 1821 3143 S.
1854 3097 2061 3159 Roscio,
2097 3104 2223 3150 ratio
2254 3119 2417 3157 autem

1394 3180 1444 3217 et
1470 3169 1546 3217 vis
1582 3172 1786 3220 interior
1820 3184 1922 3222 tots
1949 3175 2207 3227 videbatur
2243 3184 2297 3231 in
2321 3188 2418 3233 ad..

1394 3250 1634 3297 versarios
1665 3266 1922 3309 conversa3
1948 3269 2100 3316 quum
2128 3260 2256 3306 euim
2292 3263 2418 3312 Eru-

1395 3328 1499 3376 cius
1525 3328 1708 3375 crimen
1732 3330 1872 3390 cujus
1889 3346 1990 3378 non
2009 3331 2154 3397 louge
2171 3344 2421 3400 querendi

1395 3417 1618 3454 auctores
1635 3419 1789 3466 erant,
1811 3409 1862 3455 in
1880 3408 2133 3473 publicum
2161 3420 2420 3481 proferret,

1395 3495 1445 3533 et
1489 3486 1594 3550 ipse
1635 3503 1665 3534 ι
1699 3488 1883 3536 sicariis
1931 3492 2166 3542 Roscium
2202 3499 2417 3549 occisum

1395 3564 1655 3624 fateretur,
1699 3570 1802 3630 ipse
1829 3568 1983 3616 veluti
2011 3570 2167 3634 digito
2192 3575 2291 3624 duo
2319 3582 2421 3628 Ro·

1398 3644 1526 3691 scios
1551 3654 1600 3692 et
1625 3644 1998 3710 Chrysogonum
2023 3649 2274 3717 designare
2292 3658 2424 3707 vide·

1397 3724 1560 3774 hm·
2055 3751 2058 3754 .
2103 3733 2109 3756 ι
2145 3735 2148 3736 ’
2211 3719 2232 3758 J
2274 3718 2277 3722 ’
2315 3753 2320 3758 .

1472 3805 1521 3851 6.
1563 3801 1698 3866 Quid
1707 3809 1922 3867 postea?
1953 3807 2077 3855 Sunt
2096 3811 2426 3863 verbs'Erucii

1401 3883 1595 3931 fatentis
1631 3898 1682 3929 se
1718 3899 1744 3930 s
1787 3871 2059 3956 sectoribus
2093 3904 2423 3942 accusatorem

1403 3962 1664 4022 delectum,
1680 3963 1766 4011 sed
1793 3966 2070 4027 quaerentis,
2098 3971 2256 4033 «quid
2280 3971 2426 4030 inde,

1404 4041 1526 4106 quid
1576 4044 1724 4091 tum?
1765 4064 1788 4085 ι
1847 4046 2077 4108 Sequitur
2130 4051 2386 4113 responsio
2417 4063 2431 4097 ε

1408 4146 1433 4166 .-
1448 4122 1689 4169 nescimus
1707 4157 1725 4185 ,
1763 4132 1856 4168 etc.
1873 4143 1897 4162 v·

2163 4234 2227 4304 7.
