3044 4788
637 442 747 511 IN
797 440 1229 509 VERREM
1278 440 1496 508 ACT.
1554 441 1672 526 ΙΙ,
1722 443 1907 511 LIB.
1963 444 2018 510 1.
2248 439 2390 516 303

250 566 595 649 restitue,
633 586 781 658 qua
811 560 971 658 lege
1020 559 1231 632 multi
1281 559 1505 633 semel
1541 566 1893 651 accusati,
1937 564 2160 636 semel
2202 566 2394 639 dicta

254 700 503 761 causa,
547 673 769 745 semel
812 670 1078 743 auditis
1114 670 1459 759 testibus,
1505 671 1968 745 condemnati
2008 690 2220 763 sunt,
2263 703 2397 749 ne-

255 808 624 884 quaquam
672 798 819 855 tam
878 780 1312 871 manifestis,
1376 807 1618 879 neque
1666 786 1885 855 tantis
1929 785 2354 860 criminibus
2375 843 2395 878 ,

255 898 551 994 quantis
585 908 667 967 tu
705 896 1178 969 convinceris.
1218 898 1401 965 Puta
1448 907 1518 964 te
1564 918 1718 964 non
1754 893 1892 965 hac
1936 910 2082 966 tam
2121 902 2402 987 atroci,

256 1006 382 1078 sed
417 1006 536 1077 illa
565 1006 720 1103 lege
761 1007 1139 1101 mitissima
1181 1027 1472 1075 causam
1508 1001 1773 1076 dicere.
1811 1006 2185 1078 Accusabo
2223 1034 2239 1079 ε
2277 1033 2394 1081 re-

257 1115 656 1214 spondebis
682 1144 699 1187 ε
730 1114 1035 1187 testibus
1059 1113 1304 1201 editis,
1329 1116 1428 1184 ita
1462 1116 1743 1184 mittam
1781 1117 1857 1184 in
1885 1111 1949 1158 ¹⁵
1984 1116 2399 1206 consilium,

258 1241 374 1313 ut,
420 1228 701 1298 etiamsi
733 1223 849 1295 lex
880 1219 1355 1323 ampliandi¹⁶
1393 1222 1606 1296 faciat
1645 1237 2109 1321 potestatem,
2155 1242 2398 1301 tamen

258 1338 374 1407 isti
401 1350 615 1433 turpe
661 1332 796 1405 sibi
834 1337 1283 1420 existiment,
1320 1358 1474 1404 non
1506 1336 1746 1431 primo
1766 1332 2091 1428 judicare
2117 1347 2201 1407 ¹⁷.

357 1450 445 1516 X.
479 1448 796 1530 Verum,
833 1448 892 1515 si
931 1468 1221 1515 causam
1259 1446 1598 1540 cognosci
1642 1467 1829 1540 opus
1863 1459 2006 1531 est,
2044 1469 2402 1543 parumne

262 1558 554 1651 cognita
581 1555 729 1624 est?
764 1554 1354 1639 Dissimulamus,
1388 1552 1763 1639 Hortensi,
1800 1551 2001 1649 quod
2045 1578 2229 1653 saepe
2274 1581 2399 1628 ex·

265 1667 458 1763 perti
493 1660 896 1735 indicendo
930 1687 1206 1733 sumus.
1241 1662 1425 1753 Quis
1450 1686 1587 1732 nos
1621 1685 2061 1760 magnopere
2096 1666 2406 1739 attendit

266 1796 657 1871 umquam,
718 1775 794 1842 in
829 1772 969 1844 hoc
1008 1773 1306 1869 quidem
1339 1797 1606 1869 genere
1647 1797 2062 1862 causarum,
2109 1773 2236 1845 ubi
2272 1777 2401 1846 ali-

268 1882 456 1981 quid
479 1895 811 1978 ereptum
830 1937 850 1969 ‚
877 1896 1002 1953 aut
1027 1882 1348 1955 ablatum
1372 1907 1413 1953 a
1433 1886 1783 1980 quopiam
1812 1881 2079 1955 dicitur
2096 1884 2140 1967 Ρ,
2157 1910 2405 1958 nonne

267 2009 393 2066 aut
422 1995 497 2064 iu
528 1990 792 2063 tabulis
812 2047 830 2077 ,
863 2006 992 2063 aut
1026 1996 1100 2063 in
1131 1992 1437 2065 testibus
1474 1997 1715 2063 omnis
1744 1999 2185 2091 exspectatio
2204 1996 2403 2091 judi-

268 2128 437 2175 cum
451 2106 777 2177 est?Dixi
812 2107 1044 2201 prima
1065 2106 1373 2191 actione,
1393 2128 1509 2175 me
1529 2103 1828 2201 planum
1848 2128 2002 2176 esse
2017 2102 2401 2198 facturum,

270 2220 655 2289 C.Verrem
679 2221 821 2287 H-S
840 2214 1432 2312 quadringenties
1457 2227 1710 2285 contra
1738 2212 1972 2311 legem
2002 2211 2406 2290 abstulisse.

270 2327 515 2418 Quid?
537 2328 680 2400 hoc
707 2326 992 2426 planius
1022 2328 1322 2425 egissem
1342 2377 1361 2412 ‚
1387 2327 1445 2397 si
1483 2325 1583 2396 ita
1610 2326 2054 2397 narrassem?
2078 2329 2220 2398 Dio
2247 2331 2409 2424 qui-

271 2438 439 2509 dam
468 2434 609 2508 fuit
633 2437 1039 2524 HalesinuS,
1083 2438 1248 2533 qui,
1285 2459 1518 2532 quum
1549 2436 1702 2530 ejus
1729 2433 1917 2523 filio,
1952 2451 2260 2533 praetore
2292 2443 2409 2510 Sa-

271 2547 596 2618 cerdote¹
610 2545 987 2634 ,hereditas
1002 2571 1044 2616 a
1059 2549 1479 2643 propinquo
1493 2570 1884 2643 permagna
1898 2549 2413 2634 venisset,nihil

275 2654 537 2726 habuit
555 2680 793 2753 neque
809 2658 1344 2753 negotii‚neque
1361 2658 2173 2743 controversiaeverres,
2193 2659 2412 2729 simul

274 2790 361 2837 ac
396 2768 628 2862 tetigit
656 2767 1101 2863 provinciam
1123 2820 1143 2853 ‚
1188 2768 1427 2839 statim
1457 2769 1857 2837 Messanam
1894 2765 2134 2838 literas
2171 2767 2411 2857 dedit;

275 2878 590 2946 Dionem
609 2877 962 2963 evocavit3
986 2876 1539 2949 calumniatores
1555 2901 1642 2948 ex
1666 2879 1831 2947 sinu
1855 2887 2022 2948 suo²
2039 2884 2406 2976 apposuit,

280 2990 412 3084 qui
466 2985 653 3056 illam
711 2985 1186 3059 hereditatem
1223 2991 1491 3060 Veneri
1538 2985 1906 3084 Erycinae³
1957 2993 2410 3063 commissam

278 3218 460 3281 corrigi
491 3217 638 3278 jussit
653 3251 668 3275 ,
707 3239 732 3258 ι-
746 3216 878 3264 illam
926 3217 1176 3279 antiquam
1226 3216 1301 3263 le·

282 3314 452 3362 gem»,
471 3297 547 3344 vel
573 3295 741 3344 «illam
763 3295 1063 3344 Caeciliam».
1090 3296 1138 3344 J.
1154 3297 1217 3342 V.
1240 3297 1300 3343 L.

1467 3231 1547 3282 17.
1585 3215 1833 3264 Iudicat-e.
1877 3216 2008 3278 Quia
2040 3233 2145 3265 non
2190 3230 2416 3283 poterant

1390 3297 1577 3343 causari
1608 3313 1709 3343 rem
1743 3311 1844 3344 nou
1870 3313 1974 3344 esse
2003 3298 2118 3345 satis
2141 3299 2412 3362 cognitam,

282 3404 353 3414 --
371 3379 581 3424 Frustra.
606 3376 680 3422 De
706 3386 812 3424 toto
838 3377 937 3424 hoc
961 3376 1076 3424 loco
1103 3374 1303 3422 consule

281 3455 391 3504 ind.
412 3458 527 3518 Lag.

362 3536 440 3582 15.
465 3534 662 3582 Mittam
698 3532 749 3580 in
787 3533 1058 3583 eonsilium.
1098 3534 1303 3582 Senten-

284 3615 400 3671 tias,
428 3629 571 3661 causa
595 3624 850 3678 perorata,
873 3614 999 3664 ferre
1021 3613 1211 3676 judIces
1228 3613 1307 3674 ju·

362 3774 440 3823 ιδ.
455 3769 759 3836 Ampliandi.
781 3772 884 3819 Lex
899 3770 1058 3818 Acilia
1074 3772 1307 3836 amplian-

286 3853 339 3900 di
358 3852 565 3900 faciebat
580 3862 890 3916 potestatem‚
900 3852 939 3899 si
958 3866 1060 3898 non
1076 3850 1303 3914 liqueret;

283 3931 472 3996 alioqu-i
494 3931 572 3978 vel
596 3931 923 3979 condemnare
952 3928 1031 3977 vel
1057 3928 1309 3978 absolvere

288 4025 424 4059 reum
458 4025 651 4057 neeesse
687 4022 809 4059 erat.
845 4008 1309 4073 comperendinatio

183 4098 192 4107 ⁸
285 4100 449 4136 autem
486 4088 706 4136 nondum
740 4088 903 4137 locum
946 4086 1182 4147 babebat,
1222 4103 1309 4151 per

289 4184 434 4233 quam
460 4168 537 4217 bis
562 4183 706 4216 causa
731 4167 1000 4216 dicebatur.

1390 3386 1488 3423 tam
1506 3375 1769 3424 manifestis
1786 3375 2095 3437 criminibus,
2119 3388 2193 3424 tot
2209 3379 2415 3427 testibus

1390 3454 1661 3518 probatam.

1461 3535 1531 3580 X.
1564 3549 1608 3582 1.
1635 3533 1910 3581 Sacerdote.
1931 3535 1980 3580 Is
2005 3550 2135 3581 anno
2160 3545 2273 3584 ante
2291 3539 2411 3585 Ver-

1390 3629 1495 3660 rem
1512 3613 1740 3676 proximo
1756 3624 1938 3678 praetor
1954 3615 2047 3661 fuit
2064 3614 2117 3660 in
2134 3614 2314 3665 Sicilia.

1466 3707 1515 3739 2.
1533 3693 1618 3739 Ex
1636 3692 1745 3740 sinu
1771 3708 1873 3740 seeo.
1906 3693 2201 3742 subornavit
2230 3711 2293 3743 ex
2320 3695 2415 3745 do-

1392 3771 1606 3820 mesticis
1621 3806 1636 3830 ,
1661 3787 1786 3835 quos
1809 3771 2021 3821 habebat
2041 3772 2249 3821 maxime
2275 3774 2416 3823 sami-

1393 3851 1561 3910 liares,
1591 3850 1679 3915 qui
1714 3867 1824 3899 eum
1863 3863 2161 3900 accusarent.
2196 3852 2276 3900 Sic
2310 3855 2418 3904 Cat.

1395 3932 1472 3980 11:
1498 3953 1525 3972 ιι
1543 3930 1604 3978 de
1630 3929 1745 3977 sinu
1768 3941 1818 3978 et
1844 3931 2104 3995 complexu
2123 3930 2394 3980 Catilinae».

1468 4011 1521 4058 3.
1556 4009 1734 4057 Veneri
1770 4009 2014 4072 Erycina.
2040 4009 2156 4057 Vid.
2187 4009 2304 4060 Div.
2337 4028 2415 4072 ¹7·

1395 4114 1467 4126 -—·
1492 4088 1825 4136 Commissum.
1851 4088 2115 4136 Addictum
2141 4084 2277 4151 (gall.
2305 4106 2421 4138 con-

1390 4166 1579 4234 fisque'e
1604 4182 1669 4214 au
1688 4164 1845 4232 profit
1862 4163 1961 4231 de).
1979 4165 2061 4213 Sic
2078 4166 2224 4213 Verr.
2244 4168 2312 4230 11,
2331 4174 2390 4222 ¹4
2406 4199 2421 4226 ,
