3044 4788
750 434 1135 511 ORATIO
1183 443 1384 510 PRO
1428 443 1498 510 P.
1547 439 2045 528 QUINTlo.
2368 463 2456 533 27

324 560 640 659 ponere?
662 566 823 633 Imo
840 616 859 649 ,
890 566 1131 659 inquit
1147 618 1166 651 ,
1191 562 1320 634 abs
1345 578 1416 634 te
1443 566 1613 634 satis
1639 564 2025 660 accipiam,
2050 582 2187 656 ego
2208 575 2449 631 autem
2501 618 2508 627 .

328 670 453 741 tibi
485 696 640 742 non
676 670 1061 743 satisdabO.

412 785 611 852 XIV.
649 784 831 873 Quis
875 781 1168 853 tandem
1220 783 1437 854 nobis
1478 786 1614 854 ista
1651 784 1816 879 jura
1861 797 2007 853 tam
2050 790 2298 877 aequa¹
2334 779 2459 852 de-

318 890 623 961 scribit?
649 895 814 988 quis
839 892 982 963 hoc
1006 897 1254 965 statuit
1270 947 1289 980 ,
1307 894 1511 991 quod
1532 919 1821 991 aequum
1843 897 2030 964 sitin
2049 894 2463 984 Quintium,

216 1013 236 1024 “
322 1001 397 1071 id
421 1005 767 1099 iniquum
800 1028 952 1074 esse
984 1006 1060 1074 in
1089 1006 1410 1075 Naevium
1437 1007 1466 1075 Ξ)
1497 1007 1776 1096 Quintii
1808 1004 2001 1075 bona
2025 1060 2044 1091 ,
2073 1006 2350 1100 inquit,
2374 1028 2462 1073 ex

320 1111 565 1182 edicto
600 1116 926 1209 praetoris
961 1139 1287 1211 possessa
1320 1130 1509 1201 sunt.
1564 1119 1756 1211 Ergo
1780 1169 1799 1202 ,
1850 1114 1923 1185 id
1965 1129 2048 1184 ut
2097 1111 2465 1199 confitear,

319 1222 682 1318 postulas;
717 1237 801 1292 ut
822 1277 841 1309 ‚
872 1222 1074 1318 quod
1107 1248 1508 1322 numquam
1545 1221 1814 1294 factum
1849 1248 2001 1294 esse
2031 1221 2308 1319 judicio
2333 1220 2459 1291 de-
2533 1320 2536 1325 .

321 1329 729 1417 sendimus,
777 1333 884 1418 id,
931 1333 1282 1430 proinde,
1331 1337 1540 1431 quasi
1588 1333 1859 1404 factum
1893 1336 2018 1419 sit,
2058 1346 2309 1402 nostro
2339 1332 2459 1426 ju-

319 1440 520 1512 dicio
576 1441 1112 1515 confirmemus,
1176 1448 1543 1515 Inveniri²
1579 1446 1802 1529 ratiO,
1849 1447 1929 1514 C.
1965 1434 2267 1539 Aquini,
2305 1465 2454 1510 non

324 1565 598 1648 potest,
625 1566 705 1622 ut
731 1552 824 1623 ad
856 1578 1072 1623 suum
1096 1558 1410 1651 quisque
1439 1578 1660 1652 quam
1687 1557 2004 1651 primum
2034 1555 2187 1621 sine
2227 1553 2339 1645 cuj
2351 1575 2465 1619 us-

330 1686 558 1757 quam
590 1660 962 1746 dedecore,
996 1664 1310 1752 infamia‚
1341 1667 1811 1762 pernicieque
1839 1660 2258 1761 perveniat?
2289 1665 2463 1730 Pro-

326 1768 551 1855 seem,
577 1775 634 1841 si
656 1772 836 1869 quid
865 1772 1291 1861 deberetur,
1328 1788 1651 1871 peteret:
1688 1797 1838 1842 non
1874 1768 2152 1841 omnia³
2188 1768 2461 1865 judicia

323 1877 485 1950 fieri
520 1882 763 1952 mallet
784 1935 803 1968 ,
837 1907 1059 1980 quam
1092 1908 1325 1953 unum
1357 1882 1579 1969 illud,
1612 1881 1809 1954 unde
1843 1882 1993 1952 haec
2043 1884 2290 1951 omnia
2335 1904 2478 1949 na-,

319 2004 655 2059 scuntur.
707 1991 853 2078 Qui
903 1995 1092 2062 inter
1139 2006 1248 2062 tot
1291 1995 1556 2062 annos‘*
1611 2017 1703 2063 ne
1752 1992 2130 2090 appellarit
2166 1989 2463 2087 quidem

322 2099 716 2187 Quintium
734 2155 753 2187 ,
784 2126 1015 2197 quum
1041 2116 1355 2199 potestas
1383 2118 1571 2173 esset
1598 2102 1858 2199 agendi
1887 2101 2257 2200 quotidie3
2293 2103 2420 2197 qui
2446 2155 2466 2183 ‚

319 2234 476 2305 quo
515 2224 844 2308 tempore
877 2215 1197 2309 primum
1236 2213 1419 2284 male
1451 2209 1699 2309 agere⁵
1733 2216 1990 2310 coepit,
2034 2216 2109 2283 in
2149 2210 2465 2304 {adimo-

321 2321 464 2389 niis
492 2317 917 2392 differendis
941 2336 1229 2420 tempus
1261 2347 1483 2394 omne
1510 2327 2076 2422 consumpserit3
2100 2326 2225 2421 qui
2259 2335 2459 2421 post—

321 2428 449 2501 ea⁶
489 2430 990 2503 vadimonium
1039 2459 1336 2531 quoque
1385 2429 1687 2505 missum
1743 2433 2034 2522 fecerit,
2082 2433 2283 2503 hunc
2332 2456 2462 2529 per

320 2540 626 2612 insidias
654 2544 726 2612 vi
750 2541 839 2613 de
865 2567 1037 2640 agro
1072 2550 1442 2615 communi
1471 2544 1851 2641 dejecerit3
1884 2549 2050 2642 qui,
2094 2568 2326 2641 quum
2368 2540 2458 2611 de

324 2674 402 2719 re
435 2649 741 2747 agendi,
767 2653 970 2722 nullo
1010 2669 1422 2743 recusante,
1462 2669 1778 2752 potestas
1810 2654 2094 2741 fuisset,
2138 2654 2465 2750 sponsio—

324 2784 495 2830 nem
527 2760 624 2831 de
657 2761 927 2857 probro
959 2762 1192 2834 facere
1225 2765 1596 2849 maluerit3
1629 2767 1786 2860 qui,
1813 2789 2045 2859 quum
2084 2774 2463 2832 revocetur

322 2868 412 2940 ad
445 2870 521 2940 id
550 2870 951 2966 judicium,
989 2873 1184 2944 unde
1214 2873 1368 2944 haec
1396 2889 1564 2944 nata
1596 2889 1769 2943 sunt
1793 2876 2075 2960 omnia,
2109 2869 2464 2941 conditio-

328 3005 493 3050 nem
541 2983 1023 3077 aequissimam
1049 2995 1074 3040 ⁷
1112 2984 1496 3082 repudiet3
1544 2982 1874 3069 fateatur,
1920 3010 1994 3054 se
2042 3008 2191 3053 non
2237 3005 2461 3080 pecu-

328 3094 522 3160 niam
544 3145 565 3174 ,
598 3090 725 3161 sed
762 3095 977 3162 vitam
1011 3108 1083 3163 et
1114 3097 1542 3190 sanguinem
1580 3110 1848 3193 petere.
1880 3100 1948 3165 Is
1982 3119 2132 3164 non
2167 3093 2310 3162 hoc
2341 3115 2464 3188 pa-

330 3199 472 3269 lam
494 3199 711 3272 dicit?
737 3202 916 3273 mihi
944 3207 1001 3273 si
1028 3204 1207 3300 quid
1231 3203 1644 3292 deberetur,
1667 3219 2014 3304 peterem,
2035 3218 2255 3299 atque
2278 3200 2460 3271 adeo

403 3386 544 3433 xtv.
578 3403 620 3435 ι.
643 3391 764 3435 lura
800 3400 901 3436 eam
936 3406 1100 3453 (equa.
1141 3393 1347 3439 Ironiee.
1436 3404 1576 3457 cepta
1601 3392 1692 3440 uti.
1731 3392 1961 3448 Naevius,
1989 3388 2075 3437 ubi
2106 3387 2372 3444 intellexit,
2409 3404 2460 3435 se

401 3480 455 3512 α.
499 3468 718 3514 Inveniri.
761 3468 928 3516 anb.
965 3469 1169 3530 conjicit
1207 3470 1347 3519 Ιηίνί.
1437 3488 1577 3519 causa
1601 3470 1734 3535 apud
1761 3480 2017 3534 praetorem
2046 3483 2294 3526 casurum,
2328 3466 2368 3514 si
2394 3468 2458 3514 ita

322 3546 449 3594 LV·
467 3546 524 3592 L·
1230 3568 1237 3576 ·
1436 3561 1614 3614 ageret,
1634 3549 1962 3598 vadimonium
1979 3548 2183 3596 distulit.
2198 3546 2328 3594 Male
2345 3547 2461 3609 agit,

395 3626 445 3673 3.
492 3626 667 3674 Omnia
701 3627 909 3690 judicia.
952 3630 1027 3676 De
1062 3627 1345 3677 vadimonio
1435 3628 1596 3693 inquit
1617 3629 1790 3678 Cicero
1823 3629 1878 3676 in
1912 3629 2083 3676 Partit.
2122 3627 2208 3691 qui
2235 3624 2344 3690 plus
2371 3641 2459 3689 pe-

322 3703 540 3767 deserto,
570 3706 632 3753 de
657 3707 990 3756 satisdatione.
1012 3734 1081 3744 —-·
1103 3708 1254 3755 Illud.
1274 3709 1348 3756 De
1436 3708 1521 3766 tit,
1546 3708 1630 3771 qui
1657 3724 1766 3756 sero
1789 3708 1938 3771 petit,
1980 3708 2064 3771 qui
2092 3723 2193 3753 uon
2217 3706 2308 3752 bac
2330 3704 2460 3767 lege,

322 3798 374 3829 re
400 3785 697 3846 pecuniaria.
1432 3786 1531 3835 hoe
1551 3786 1740 3847 judicio
1762 3820 1780 3845 ‚
1810 3785 1887 3833 his
1908 3785 2067 3833 verbis
2091 3785 2270 3848 quibu·
2292 3794 2460 3847 petere

392 3871 443 3918 4.
472 3865 740 3914 Paccium.
777 3866 908 3926 conj.
938 3867 1101 3914 «inter
1124 3865 1228 3914 duo
1257 3883 1348 3914 nu·
1434 3876 1657 3931 oportet,
1682 3867 1831 3929 petit,
1855 3876 1950 3914 etc.
1989 3865 2065 3914 Cf.
2095 3865 2207 3913 infr.
2228 3865 2315 3912 31.

319 3957 473 4000 nou,
502 3943 579 3989 vel
611 3945 850 4007 -integro
874 3960 1005 3993 anno
1023 3968 1066 3992 ιο.
1111 3946 1207 3993 Sed
1242 3947 1345 3994 fm-
1500 3945 1551 3993 6.
1593 3948 1652 3993 In
1698 3944 1814 3993 cod.
1849 3947 2011 3992 Oxou.
2048 3944 2248 3992 additur
2285 3958 2452 4006 quam.

319 4028 417 4066 stra
443 4021 639 4068 turbate
658 4034 828 4071 monet
854 4025 1080 4073 Gerena.
1098 4025 1162 4074 ad
1190 4026 1342 4074 Acad.
1435 4025 1571 4073 Idem
1597 4024 1827 4073 suadebat
1851 4024 2042 4072 Manut-
2062 4035 2114 4071 et
2133 4022 2303 4072 lamb.

320 4101 362 4152 1·
383 4115 431 4158 7·
456 4101 571 4148 J,v,
593 4104 650 4147 L·
1511 4123 1557 4166 7.
1597 4102 1960 4169 AEqm'ssimam.
2003 4104 2072 4149 Ut
2108 4111 2193 4149 aut
2228 4109 2458 4161 uterque,

392 4178 443 4224 5.
485 4178 625 4227 Male
646 4195 806 4243 agere.
831 4182 1052 4230 For-muln
1084 4183 1206 4231 mle
1237 4199 1350 4230 con·
1438 4195 1521 4240 ent
1549 4193 1721 4231 uenter
1744 4180 1966 4230 eatisdet.
