3044 4788
611 445 638 490 ι
662 420 743 489 18
1141 467 1151 478 .
1242 420 1339 486 M.
1391 420 1469 486 T.
1521 417 2094 487 CICERONIS

601 566 910 637 rumque
940 541 1172 612 socios
1187 592 1206 626 ,
1231 538 1521 610 induxit
1538 593 1558 627 ,
1581 536 1866 636 decepit
1882 593 1903 625 ,
1926 538 2281 626 destituit,
2304 536 2733 608 adversariis

601 650 926 737 tradidit,
971 651 1170 721 omni
1206 646 1456 719 fraude
1496 663 1572 720 et
1614 646 1916 746 perfidia
1946 646 2241 719 fefellit:
2276 651 2401 744 qui
2437 648 2528 718 de
2569 650 2734 745 ejus

599 761 864 836 scelere
911 762 1252 855 suspicari
1299 757 1483 829 nihil
1516 772 1958 857 potuerunt;
1999 760 2277 828 socium
2317 755 2536 827 officii
2570 781 2728 827 mea

602 885 805 941 tuere
854 894 1005 939 non
1046 867 1496 956 debuerunt3
1554 871 1710 964 ejus
1752 867 2091 939 malitiam
2140 890 2291 937 non
2343 865 2728 952 viderunt;

599 983 908 1051 orationi
950 1003 1147 1048 vanae
1185 977 1671 1049 crediderunt.
1706 983 1958 1074 Itaque
1996 1000 2197 1047 nunc
2241 975 2343 1046 illi
2389 975 2731 1045 homines

597 1087 1083 1164 honestissimi
1135 1102 1434 1185 propter
1477 1089 1683 1157 istius
1732 1086 2026 1158 insidias
2073 1108 2329 1184 parum
2375 1098 2730 1181 putantur

599 1197 790 1282 cauti
836 1194 1265 1293 providique
1297 1193 1515 1267 fuisse
1542 1222 1559 1264 ε
1589 1199 1757 1279 iste,
1788 1199 1916 1291 qui
1952 1199 2161 1266 initio
2193 1193 2526 1292 proditor
2553 1192 2730 1279 fuit,

600 1302 864 1376 deinde
892 1303 1224 1402 perfuga,
1251 1307 1379 1401 qui
1411 1308 1648 1401 primo
1680 1307 2043 1375 sociorum
2075 1304 2375 1374 consilia
2403 1303 2734 1374 adversa-

604 1416 725 1484 riis
744 1416 1179 1500 enuntiavit,
1199 1411 1463 1484 deinde
1485 1417 1897 1484 societatem
1919 1439 2085 1484 cum
2110 1416 2284 1511 ipsis
2309 1413 2733 1485 adversariis

601 1527 796 1610 coiit,
824 1537 1043 1594 terret
1068 1525 1282 1595 etiam
1316 1531 1450 1594 nos'
1467 1577 1486 1609 ,
1512 1547 1596 1594 ac
1625 1527 1962 1611 minatur,
1988 1523 2221 1595 tribus
2245 1523 2559 1623 pra-diis,
2587 1523 2736 1594 hoc

600 1648 710 1712 est
728 1687 748 1720 ,
773 1636 1077 1731 praemiis
1096 1634 1381 1704 sceleris
1404 1648 1721 1704 ornatus.
1747 1638 1833 1704 In
1859 1635 2216 1730 ejusmodi
2240 1640 2408 1720 vita,
2420 1634 2731 1730 judices,

601 1746 675 1812 in
711 1741 822 1812 his
855 1756 964 1813 tot
1000 1745 1360 1840 tantisque
1388 1740 1704 1839 flagitiis,
1731 1742 1871 1813 hoc
1899 1750 2243 1842 quoque‘*
2275 1742 2733 1830 maleficium,

602 1852 692 1924 de
724 1878 876 1950 quo
906 1852 1261 1948 judicium
1294 1868 1435 1941 est,
1469 1857 1861 1952 reperietis,

698 1966 982 2034 Etenim
1010 1988 1329 2060 quaerere
1352 1961 1484 2034 ita⁵
1505 1964 1785 2035 debetis
1809 1991 1824 2032 ε
1852 1963 1980 2034 ubi
2004 1965 2228 2035 multa
2247 1988 2481 2050 avare,
2504 1964 2729 2033 multa

599 2072 963 2159 audacter,
996 2075 1222 2144 multa
1259 2072 1628 2171 improbe,
1649 2075 1874 2145 multa
1905 2073 2288 2173 perfidiose
2315 2073 2500 2145 facta
2530 2073 2730 2144 vide-

604 2187 735 2270 tis,
780 2182 883 2253 ibi
929 2181 1004 2252 id
1058 2184 1289 2254 scelus
1326 2210 1624 2282 quoque
1666 2186 1885 2256 latere
1930 2189 2119 2254 inter
2158 2186 2276 2255 illa
2323 2199 2433 2255 tot
2468 2183 2734 2279 flagitia

601 2305 952 2390 putatote.
987 2297 1292 2365 Tametsi
1325 2294 1465 2364 hoc
1507 2295 1803 2391 quidem
1838 2299 2133 2365 minime
2166 2294 2370 2380 latet,
2406 2293 2607 2390 quod
2636 2297 2733 2364 ita

604 2417 1029 2500 promptum
1062 2420 1134 2475 et
1154 2408 1606 2502 propositum
1634 2421 1766 2493 est,
1787 2421 1869 2476 ut
1897 2431 2046 2476 non
2076 2431 2165 2476 ex
2187 2407 2325 2477 illis
2346 2404 2738 2489 maleficiis,

607 2540 768 2612 quae
792 2517 866 2584 in
890 2514 1012 2586 illo
1041 2531 1322 2587 constat
1342 2542 1521 2603 esse,
1548 2516 1690 2587 hoc
1713 2517 2187 2612 intelligatur3
2214 2542 2461 2587 verum
2485 2541 2571 2585 ex
2595 2514 2740 2586 hoc

604 2628 845 2714 etiam,
877 2629 934 2696 si
969 2625 1169 2721 quod
1201 2627 1490 2696 illorum
1525 2625 1707 2698 forte
1734 2626 2214 2713 dubitabitur,
2241 2630 2737 2699 convincatur.

602 2734 797 2825 Quid
824 2734 1113 2806 tandem
1132 2789 1151 2822 ,
1173 2760 1415 2831 quaeso
1431 2790 1450 2821 ,
1465 2761 1490 2830 J
1501 2734 1790 2806 udices?
1815 2761 1993 2806 num
2014 2751 2141 2806 aut
2164 2737 2280 2806 ille
2309 2736 2561 2806 lanista
2585 2762 2741 2806 om-

605 2848 783 2921 nino
795 2847 942 2940 jam
962 2869 1003 2915 a
1024 2843 1274 2939 gladiis
1300 2848 1672 2916 recessisse
1692 2844 2002 2933 videtur,
2025 2861 2152 2916 aut
2178 2850 2309 2916 iste
2338 2846 2740 2943 discipulus

608 2957 946 3050 magistro
982 2956 1341 3026 tantulum
1380 2955 1471 3026 de
1511 2970 1667 3026 arte
1717 2955 2161 3027 concedere?
2208 2961 2344 3025 Par
2379 2973 2486 3027 est
2515 2960 2742 3026 avari-

608 3067 741 3149 tia,
776 3064 1024 3134 similis
1059 3063 1482 3161 improbitas
1506 3118 1527 3151 ,
1589 3063 1836 3135 eadem
1871 3064 2361 3163 impudentia,
2406 3063 2740 3162 gemina⁶

603 3170 920 3244 audacia.

705 3288 884 3355 XLI.
933 3285 1255 3369 Etenim,
1305 3286 1650 3378 quoniam
1697 3280 1916 3354 fidem
1961 3285 2278 3379 magistri
2335 3285 2742 3379 cognostis,

605 3397 1015 3490 cognoscite
1057 3415 1256 3462 nunc
1289 3390 1624 3488 discipuli
1655 3394 2086 3487 aequitatem.
2118 3395 2282 3464 Dixi
2307 3393 2456 3486 jam
2485 3407 2693 3463 antea
2715 3446 2739 3479 ,

604 3526 1096 3601 saepenumero
1132 3500 1529 3599 postulatos
1574 3525 1728 3571 esse
1772 3500 1863 3571 ab
1912 3503 2104 3569 istis¹
2156 3499 2341 3570 duos
2379 3525 2623 3570 servos
2656 3503 2737 3569 in

600 3675 711 3711 vere
736 3656 876 3705 nullo
910 3657 1060 3707 modo
1098 3674 1370 3722 possumus.
1396 3658 1619 3706 Transla-
1777 3659 1827 3707 5.
1852 3659 2081 3720 Quaerm
2103 3655 2196 3705 ita.
2238 3658 2377 3703 Hane
2413 3655 2553 3718 sequi
2592 3670 2742 3719 regn-

599 3741 673 3785 tio
700 3754 727 3784 a
754 3736 1102 3800 gladiatoribus
1129 3738 1275 3786 ducta
1291 3772 1306 3796 ‚
1340 3737 1428 3785 nbi
1454 3736 1515 3785 de
1540 3738 1615 3785 in·
1704 3735 1799 3784 lam
1818 3737 1869 3785 in
1890 3735 2171 3800 querendo.
2342 3750 2352 3761 “

598 3815 734 3864 sidiis
753 3814 982 3864 cavendi·
1001 3816 1175 3877 agitur.
1773 3818 1822 3866 6.
1848 3817 2075 3866 Gemina.
2109 3819 2219 3872 Par,
2246 3813 2438 3862 similis.
2457 3813 2540 3862 Sic
2553 3811 2741 3878 gemel-

670 3903 718 3949 4.
756 3895 861 3940 Hoc
898 3908 1106 3955 quoque.
1137 3897 1193 3942 ln
1227 3895 1326 3943 vita
1361 3896 1617 3958 Capitonis
1704 3896 1777 3943 Ius
1802 3895 1935 3959 apud
1954 3899 2131 3946 Horat.
2153 3897 2331 3949 san,
2358 3895 2410 3951 3,
2442 3901 2564 3950 ²4⁴·

483 4034 490 4045 .
597 3986 697 4023 tam
720 3972 985 4036 flagitiosa,
1020 3972 1267 4034 reperietis
1289 3974 1434 4021 etiam
1460 3974 1616 4022 scelus
1773 3975 1906 4021 xm.
1947 3988 1992 4023 1.
2020 3975 2098 4021 Ab
2135 3973 2254 4021 iscis.
2295 3971 2375 4020 Ab
2412 3970 2740 4027 adversariis,

597 4054 739 4113 illud,
775 4052 836 4099 de
863 4065 965 4114 quo
990 4066 1121 4099 nunc
1138 4052 1311 4115 agitur,
1333 4069 1505 4116 nempe
1522 4069 1613 4100 ςε-
1704 4052 1742 4103 ῐ.
1771 4068 1817 4101 e.
1844 4068 1935 4099 nos
1963 4069 1988 4099 a
2008 4052 2201 4101 duobus
2232 4052 2426 4101 Rosciis
2450 4050 2741 4131 postulasse:

596 4133 706 4187 dem
732 4135 778 4183 S.
803 4130 984 4181 Roscii.
1706 4131 1822 4180 Vid.
1844 4148 1951 4197 sup.
1978 4133 2061 4180 28.
