3044 4788
652 383 791 457 352
1301 382 1397 450 M.
1451 383 1530 449 T.
1585 376 2146 449 CICERONIS

650 512 837 580 sint*
892 531 982 578 eo
1043 530 1204 591 reo,
1258 505 1376 574 eui
1419 526 1725 600 parvum
1778 525 1862 571 ae
1918 499 2280 572 mediocre
2325 500 2547 597 objici
2615 503 2828 573 nihil

648 631 1010 717 oporteat.

745 726 928 800 Nam
964 741 1048 797 ut
1083 737 1351 823 praetor
1387 719 1621 793 factus
1666 735 1810 807 est,
1848 723 1977 817 qui
2013 718 2427 819 auspicato⁵
2466 746 2506 792 a
2545 721 2825 794 Ghe'li-

647 838 838 910 done
865 834 1313 919 surrexisset,
1329 845 1600 903 sortem
1629 844 1882 902 nactus
1917 845 2024 901 est
2050 829 2348 900 urbanae
2379 834 2825 930 provinciae,

647 947 873 1044 magis
911 968 1002 1016 ex
1041 966 1169 1013 sua
1209 956 1283 1013 et
1323 940 1777 1028 Chelidonis,
1830 965 2049 1037 quam
2089 965 2178 1010 ex
2210 941 2470 1038 populi
2506 945 2828 1012 romani

646 1059 1023 1128 voluntate
1072 1081 1088 1122 :
1138 1054 1266 1150 qui
1309 1053 1712 1150 principi0‚
1773 1050 2005 1149 qualis
2057 1052 2132 1121 in
2187 1038 2477 1122 e'dictoss
2521 1055 2823 1123 consti-

649 1162 925 1237 tuendo
961 1161 1220 1246 fuerit,
1265 1163 1703 1257 cognoscite.

744 1279 927 1345 XLI.
972 1279 1050 1344 P.
1094 1275 1376 1344 Annius
1416 1272 1690 1343 Asellus
1734 1284 2067 1341 mortuus
2105 1286 2249 1358 est,
2286 1275 2361 1343 C.
2403 1272 2821 1345 Sacerdote

650 1401 975 1484 praetore.
1004 1390 1075 1456 Is
1109 1409 1340 1481 quum
1380 1382 1681 1454 haberet
1719 1384 2005 1453 unicam
2035 1379 2258 1452 filiam
2280 1438 2299 1465 ,
2339 1406 2583 1480 neque
2616 1391 2820 1455 'cen-

651 1507 801 1567 sus¹
832 1510 1052 1582 esset3
1076 1492 1278 1592 quod
1303 1517 1470 1564 eum
1503 1506 1763 1562 natura
1793 1489 2249 1577 hortabatur,
2278 1491 2394 1563 lex
2414 1493 2611 1565 nulla
2633 1519 2818 1592 pro—

651 1604 970 1689 hibebat,
995 1602 1161 1675 fecit
1182 1659 1201 1691 ‚
1229 1618 1312 1674 ut
1342 1602 1564 1672 filiam
1583 1601 1802 1673 bonis
1826 1602 1971 1672 suis
1994 1600 2338 1672 heredem
2364 1604 2811 1675 institueret.

650 1724 871 1790 Heres
902 1730 1056 1788 erat
1089 1713 1235 1785 filia
1266 1742 1281 1783 ε
1310 1711 1672 1784 faciebant
1709 1710 1954 1783 omnia
1981 1735 2146 1781 cum
2178 1711 2491 1809 pupilla,
2526 1711 2810 1810 leges²,

647 1958 783 2005 urbis
814 1955 994 2019 ‘templa
1011 1987 1026 2013 ,
1056 1953 1172 2010 viae,
1205 1951 1412 2001 aecuflcia
1448 1954 1641 2018 publieav
1658 1989 1673 2012 ,

647 2048 740 2085 etc.
767 2037 952 2097 integra
975 2042 1202 2096 praestent
1224 2031 1573 2096 redemptores,
1591 2034 1678 2095 qui

648 2133 703 2162 ea
731 2112 911 2162 tuenda
933 2123 982 2159 et
1002 2110 1233 2158 servanda
1257 2122 1394 2158 certo
1416 2111 1575 2174 pretio
1600 2111 1677 2157 lo·

648 2202 898 2240 caverunt.
932 2191 1002 2238 Ea
1029 2205 1145 2236 cura
1172 2188 1236 2235 ad
1269 2204 1492 2236 censores
1529 2191 1679 2253 perti-

648 2271 813 2318 nebat.
861 2269 966 2318 Cic.
1007 2269 1068 2316 de
1113 2270 1228 2331 Leg.
1266 2270 1377 2329 111,
1412 2267 1444 2332 S
1487 2284 1535 2329 7.
1581 2266 1677 2315 Sed

648 2365 800 2413 quum
817 2383 831 2407 ,
855 2348 1008 2396 Verre
1042 2359 1277 2414 praetore,
1319 2347 1445 2394 nulli
1482 2358 1643 2394 essent
1661 2384 1675 2409 ‚

646 2430 692 2476 ei
719 2428 906 2476 muneri
932 2428 1022 2476 iste
1049 2438 1184 2475 extra
1213 2426 1433 2474 ordinem
1463 2419 1676 2491 praefuit.

648 2511 722 2557 De
748 2508 895 2556 sartis
928 2506 1065 2556 tectis
1102 2506 1214 2554 vide
1256 2505 1559 2554 doctissimas
1602 2519 1682 2553 ex-

646 2588 947 2654 planationes
983 2586 1228 2634 Gronovii
1262 2586 1315 2632 in
1350 2589 1487 2634 Lect.
1522 2585 1678 2634 Plaut.

647 2667 1009 2716 Amstelaedami
1036 2674 1201 2727 1740,
1227 2682 1282 2729 p.
1310 2665 1404 2721 431
1426 2683 1500 2729 sq.

719 2756 771 2804 4.
787 2747 952 2810 Vulgo
977 2756 1108 2794 sune.
1144 2746 1224 2794 Sic
1261 2751 1420 2793 tamen
1447 2743 1678 2792 Priscian.

647 2844 701 2891 p.
719 2827 874 2873 1153.
903 2826 1035 2872 LV.
1065 2826 1126 2872 L.

721 2905 772 2954 5.
793 2902 1087 2966 Auspieato.
1116 2906 1287 2952 Facete
1322 2902 1582 2968 respicitur
1613 2901 1678 2949 ad

648 2997 833 3032 morem
851 2981 1216 3046 magistratuum
1236 2982 1522 3048 auspicandi
1539 2991 1676 3030 extra

648 3058 941 3128 pomoerium
959 3062 1012 3109 in
1030 3064 1269 3121 tentorio;
1296 3063 1383 3127 qui
1407 3061 1674 3126 auspicium

646 3152 993 3208 exspectantes,
1014 3157 1167 3205 quum
1187 3158 1358 3191 vocem
1377 3142 1480 3188 avis
1502 3141 1675 3187 faustae

643 3224 919 3284 audissent,
963 3221 1227 3285 surgebant
1266 3220 1429 3268 statim
1473 3229 1522 3266 et
1575 3217 1674 3265 abi·

645 3302 788 3361 baut;
832 3300 969 3365 quod
1017 3311 1119 3348 erat
1163 3298 1417 3364 auspicato
1461 3313 1673 3363 surgere.

644 3383 801 3428 Porro
825 3379 1048 3428 chelidon
1068 3380 1252 3427 Graecis
1267 3412 1281 3436 ,
1302 3376 1485 3425 Latinis
1501 3377 1674 3424 hirun-

646 3459 745 3518 do,
794 3471 869 3507 est
907 3459 1010 3506 avis
1055 3458 1264 3522 speeies,
1316 3467 1365 3505 et
1408 3455 1674 3505 meretricis

644 3537 813 3584 Verris
827 3536 1017 3593 amicae,
1036 3551 1238 3587 nomen.
1271 3536 1401 3582 Hine
1417 3535 1586 3599 jocus;
1625 3545 1674 3583 et

642 3614 814 3663 addito
865 3615 1019 3662 verbo
1061 3614 1377 3671 surrexi-uec,
1427 3613 1673 3662 invidiose

645 3692 864 3742 ostendit
903 3694 1050 3740 istum
1088 3709 1191 3741 non
1229 3709 1256 3739 a
1298 3693 1531 3756 religione
1550 3727 1565 3751 ,
1609 3692 1672 3741 de

642 3788 778 3820 more
792 3806 808 3832 ,
830 3781 1108 3834 praeturam,
1129 3770 1216 3818 sed
1238 3786 1266 3817 a
1292 3787 1345 3818 re
1373 3771 1669 3836 turpissima,

641 3849 1123 3914 annpicatumfuisse.

710 3931 765 3977 6.
793 3927 987 3975 Edicto.
1010 3928 1083 3975 De
1111 3928 1335 3991 praetoris
1361 3928 1538 3977 urbani
1564 3929 1669 3977 edi-

636 4021 722 4057 cto
740 4007 895 4073 ,plura
923 4006 1035 4056 vide
1070 4006 1122 4054 in
1152 4008 1370 4056 Excursu
1392 4009 1455 4056 ad
1486 4009 1665 4058 calcem

636 4087 896 4136 orationis.

1834 1953 1965 2000 xm.
2000 1970 2047 2003 1.
2078 1954 2270 2015 Census„
2286 1966 2420 2004 essee.
2450 1958 2516 2019 Q.
2535 1957 2809 2005 Voconius

1766 2032 1889 2079 Saxa
1927 2032 2042 2080 trib.
2061 2032 2132 2095 pl.
2153 2049 2285 2081 anno
2316 2035 2417 2089 584
2444 2035 2586 2103 tulit,
2623 2052 2685 2083 ne
2713 2037 2810 2098 qui

1766 2128 1938 2158 census
1960 2121 2112 2170 esset,
2141 2112 2196 2160 h.
2221 2130 2268 2162 e.
2292 2115 2378 2176 qui
2404 2114 2653 2176 professus
2673 2125 2809 2162 esset

1763 2191 2015 2237 facultates
2047 2198 2157 2238 suas
2178 2191 2312 2255 apud
2339 2194 2564 2240 censores
2581 2231 2598 2255 ‚
2624 2193 2806 2242 mulie-

1767 2276 1868 2316 'rem
1892 2268 1976 2335 (ne
2009 2268 2157 2317 filiam
2185 2271 2381 2334 quidem
2411 2273 2624 2331 unicam)
2666 2274 2804 2321 here-

1767 2347 1879 2396 dem
1915 2349 2015 2397 suis
2060 2348 2205 2397 bonis
2245 2366 2390 2415 supra
2436 2352 2763 2415 quadrantem
2787 2387 2802 2412 ,

1765 2425 1865 2486 au't,
1884 2440 1939 2476 nt
1960 2429 2216 2476 Perizonio
2235 2430 2411 2494 placet,
2431 2447 2577 2494 supra
2596 2443 2802 2479 centum

1766 2507 1917 2554 millia
1937 2509 2215 2556 sestertium
2238 2507 2444 2572 (20‚500
2471 2509 2552 2570 fr.)
2579 2511 2806 2559 institue·

1767 2596 1864 2644 ret;
1915 2603 1977 2633 ne
2021 2586 2136 2650 plus
2182 2588 2364 2651 legaret
2406 2587 2488 2634 alii
2530 2590 2766 2652 cuiquam
2786 2623 2804 2648 ,

1767 2680 1911 2728 quam
1938 2664 2000 2712 ad
2019 2665 2271 2726 heredem,
2287 2665 2549 2714 heredesve
2571 2670 2802 2732 perveni·

1767 2755 1855 2792 ret.
1886 2744 1981 2792 Sed
2000 2745 2205 2810 rigidam
2225 2745 2352 2792 hanc
2376 2744 2531 2809 legem
2559 2748 2704 2794 multi
2725 2747 2801 2795 sie

1767 2822 2056 2883 eludebant,
2094 2835 2150 2872 ut
2179 2825 2312 2889 apud
2342 2841 2570 2873 censores
2595 2827 2801 2875 nomina

1766 2901 1897 2949 haud
1923 2895 2286 2967 profiterentur,
2305 2916 2356 2952 et
2369 2939 2384 2962 ,
2406 2907 2520 2968 quia
2540 2921 2644 2953 non
2664 2907 2807 2954 censi

1765 2993 1950 3043 essent,
1984 2983 2067 3031 illa
2109 2982 2214 3048 lege
2259 2984 2414 3031 teneri
2448 3001 2500 3032 se
2548 2998 2802 3049 negarent.

1766 3061 1825 3109 P.
1867 3063 2060 3110 Annius
2100 3077 2273 3109 census
2314 3078 2417 3110 non
2452 3063 2609 3111 fuerat
2625 3098 2642 3121 ,
2693 3065 2802 3113 sive

1764 3139 1900 3203 quod
1924 3141 2077 3205 legem
2103 3141 2459 3204 subterfugerat
2479 3176 2495 3201 ,
2522 3143 2628 3191 sive
2657 3145 2799 3208 quod

1763 3219 1840 3267 his
1867 3223 2006 3268 annis
2030 3221 2302 3268 intermisso
2323 3238 2473 3270 censu
2495 3239 2598 3271 non
2618 3236 2799 3289 potue-

1765 3310 1838 3347 rat
1856 3301 2054 3359 censeri,
2075 3312 2222 3364 atque
2237 3301 2370 3363 ideo,
2397 3303 2531 3350 nulla
2551 3303 2659 3367 lege
2679 3321 2798 3370 pro·

1762 3378 1960 3427 hibente
1977 3411 1992 3438 ,
2025 3379 2254 3428 heredem
2303 3379 2452 3429 bonis
2495 3383 2597 3430 suis
2635 3382 2796 3430 filiam

1762 3459 1958 3506 unicam
1991 3458 2280 3508 instituerat.
2322 3462 2399 3508 De
2436 3461 2542 3525 lege
2566 3463 2796 3511 Voconia

1761 3535 1873 3584 vide
1892 3537 1994 3585 Cic.
2009 3536 2071 3585 de
2091 3539 2196 3587 Fin.
2215 3541 2286 3597 11,
2316 3554 2395 3598 17.
2415 3542 2478 3587 A.
2506 3540 2637 3588 Gell.
2659 3544 2794 3598 XX,

1770 3631 1816 3677 1,
1851 3626 1902 3663 et
1939 3617 2146 3664 maxime
2186 3615 2520 3665 doctissimam
2548 3619 2795 3667 Perizonii

1761 3693 2147 3743 dissertationem
2166 3730 2180 3754 ,
2208 3695 2296 3759 qui
2320 3695 2452 3744 hunc
2477 3697 2645 3745 locum
2674 3698 2795 3745 illu-

1759 3782 1905 3831 strat;
1931 3788 1987 3820 ac
1998 3774 2357 3838 Montesquieu,
2379 3775 2547 3839 Esprit
2561 3776 2646 3823 des
2662 3777 2790 3833 bois,

1758 3851 1849 3901 lib.
1869 3853 2091 3912 xxva,
2118 3854 2204 3917 qui
2231 3853 2327 3901 hoc
2367 3865 2513 3918 caput
2560 3866 2611 3902 et
2646 3872 2788 3919 seqq.

1758 3931 1942 3996 optime
1960 3932 2022 3981 de
2040 3948 2174 3981 more
2193 3934 2542 3997 interpretatur
2560 3943 2612 3980 et
2636 3935 2792 4000 expli·

1757 4022 1852 4059 cat.
1871 4010 1992 4059 Vid.
2014 4011 2124 4062 Ind.
2145 4015 2259 4077 Leg.

1824 4106 1871 4138 a.
1899 4091 1977 4138 Sic
2001 4091 2225 4140 Graevius
2249 4108 2276 4139 e
2299 4093 2567 4153 Prisciano,
2588 4094 2786 4155 xvm,
