3044 4788
979 445 1751 514 ARGUMENTUM.
2293 439 2433 538 395

364 563 520 623 bona
538 605 555 634 ,
583 580 714 640 quae
747 560 1281 641 restitui'possent,
1314 564 1585 625 restituit.
1631 562 1903 622 Attamen
1932 583 2112 641 quum
2141 564 2346 623 Cicero
2375 564 2438 622 in

368 660 619 722 Siciliam
650 659 930 732 venisset,
962 675 1200 739 repente
1231 675 1483 721 mutatus
1515 673 1639 734 est,
1670 659 1931 738 dixitque
1972 681 2034 719 se
2071 662 2264 720 omnia
2283 666 2437 720 Ver-

371 759 451 818 ris
474 777 648 816 causa
675 758 855 830 velle,
891 778 999 817 nec
1022 759 1279 837 Epicrati
1304 773 1362 818 et
1389 759 1658 818 Heraclio
1692 759 1954 837 permisit
1978 771 2045 816 ut
2080 762 2328 818 Romam
2359 759 2435 817 ad

374 855 765 915 testimonium
797 854 1108 914 dicendum
1140 855 1399 929 abirent,
1423 857 1519 913 26.
1545 858 1645 913 lv.
1668 855 1939 915 Heraclio
1962 856 2372 934 Centuripino,
2399 876 2434 913 a

374 972 495 1032 quo
522 956 656 1012 11-s
683 956 728 1012 C
752 953 931 1011 millia
959 952 1198 1032 (ao,5oo
1226 954 1321 1026 fr.)
1341 974 1449 1032 per
1474 953 1822 1011 calumniam
1848 952 2236 1031 malitiamque
2257 954 2441 1032 petita

374 1062 577 1122 erant,
624 1051 767 1109 CCC
794 1049 972 1107 millia
1000 1049 1239 1129 (61‚5oo
1271 1049 1363 1122 fr.)
1390 1048 1791 1127 extorquenda
1815 1049 2067 1120 curavit,
2092 1067 2186 1121 27·

453 1151 585 1206 Jam
622 1144 846 1217 accedit
877 1158 1077 1207 orator
1115 1144 1192 1204 ad
1233 1165 1429 1205 rerum
1470 1145 1805 1223 capitalium
1831 1145 2198 1224 quaestiones.
2229 1149 2318 1204 Ex
2351 1144 2443 1203 his

376 1248 424 1313 1,
457 1256 728 1301 narratur
764 1240 937 1301 causa
964 1243 1199 1321 Sopatri
1230 1241 1624 1320 Halicyensis,
1647 1261 1841 1319 ,quem
1888 1241 2215 1315 hominem,
2263 1243 2441 1301 inno-

374 1356 599 1402 centem
615 1385 632 1415 ,
666 1362 699 1400 a
726 1346 791 1402 C.
813 1342 1128 1403 Sacerdote
1153 1342 1514 1415 absolutum,
1552 1342 1772 1403 indicta
1795 1362 1968 1402 causa
1999 1344 2440 1417 condemnavit,

328 1507 336 1515 ¹
381 1440 586 1497 28-33.
635 1444 706 1499 11.
753 1439 980 1498 Deinde
1025 1439 1251 1501 sthenii
1286 1440 1688 1512 Thermitani,
1733 1440 1829 1499 cui
1868 1439 2087 1512 iratus,
2129 1439 2292 1519 quod
2331 1439 2443 1499 sibi

330 1602 335 1609 ,
381 1555 562 1613 quum
584 1549 960 1598 monumenta
979 1536 1142 1596 urbis
1165 1537 1369 1615 patriae
1398 1537 1604 1595 tollere
1621 1537 1840 1608 .vellet,
1865 1535 2098 1595 fortiter
2119 1537 2447 1609 restitisset,

352 1631 701 1711 ¹hospitium
745 1634 1127 1707 renuntiavit,
1167 1653 1416 1712 eumque
1440 1677 1457 1706 ,
1488 1616 1689 1710 ‚quum
1742 1632 2004 1713 pericula
2064 1635 2446 1692 confictorum

388 1729 691 1787 criminum
719 1731 1006 1789 vitaturus
1025 1736 1268 1789 Romam
1293 1731 1680 1809 profugisset,
1709 1730 2005 1791 absentem
2026 1730 2151 1790 sine
2174 1731 2413 1789 crimine
2432 1772 2449 1799 ‚

390 1825 514 1884 sine
546 1839 718 1899 teste,
746 1826 868 1885 sine
892 1841 1228 1887 accusatore
1256 1827 1581 1897 damnavit,
1607 1830 1812 1901 34-47.

472 1925 808 2001 Sequuntur
832 1926 1032 1984 Verris
1055 1926 1301 1984 crimina
1320 1946 1392 1984 ex
1425 1926 1554 1984 aliis
1581 1923 1907 2004 generibus.
1942 1929 1996 1983 A
2027 1925 2223 1983 multis
2254 1924 2334 1983 ob
2354 1923 2452 2002 jus

390 2020 709 2081 dicundum
745 2024 1022 2101 pecunias
1051 2024 1306 2101 accepit,
1344 2025 1438 2092 48.
1481 2028 1748 2083 Honores
1783 2021 2079 2094 vendidit,
2126 2035 2185 2081 et
2218 2033 2452 2080 senato-

389 2118 539 2176 rium
569 2139 781 2178 nomen
806 2139 873 2178 ac
905 2120 1098 2179 locum
1116 2163 1132 2190 ,
1161 2130 1269 2197 49,
1300 2120 1390 2178 50.
1419 2120 1794 2199 Magistratus
1821 2119 2151 2178 curationes
2175 2132 2233 2177 et
2262 2139 2452 2177 sacer-

391 2214 584 2288 dotia,
623 2216 830 2274 51-56.
875 2221 1148 2293 Magnam
1189 2217 1493 2294 pecuniam
1532 2237 1567 2275 a
1601 2214 1929 2275 civitatibus
1957 2228 2278 2274 statuarum
2308 2234 2452 2293 quas

394 2310 506 2370 sibi
533 2311 901 2371 collocandas
928 2310 1286 2391 imperabat,
1322 2313 1558 2370 nomine
1593 2312 1819 2390 exegit,
1845 2324 1920 2387 ‘et
1958 2331 2083 2370 eam
2113 2332 2229 2370 non
2261 2311 2320 2369 in
2347 2311 2454 2369 hos

394 2431 534 2469 usus
564 2423 851 2468 servatam
883 2411 942 2469 in
972 2411 1194 2469 loculos
1225 2409 1483 2483 demisit,
1524 2409 1617 2483 57.
1649 2415 2015 2486 Quamquam
2035 2451 2052 2479 ,
2101 2410 2147 2467 si
2180 2410 2309 2486 quis
2338 2421 2458 2467 sta-

350 2493 355 2500 ’
398 2520 629 2565 tuarum
670 2506 892 2565 honore
942 2505 1222 2579 ducatur,
1271 2519 1460 2565 tamen
1512 2526 1622 2563 nec
1677 2505 1916 2563 domum
1957 2516 2224 2562 avertere
2275 2525 2459 2582 pecu-

400 2603 556 2659 niam
609 2602 809 2673 liceat‚
861 2602 952 2661 58.
1016 2607 1088 2660 Et
1132 2603 1389 2681 ipsarum
1426 2615 1748 2660 statuarum
1793 2599 1999 2659 modus
2049 2599 2289 2678 quidam
2345 2601 2455 2658 ha-

404 2695 628 2755 bendus
664 2697 763 2768 sit,
795 2697 889 2774 59.
923 2699 1190 2776 Denique
1226 2697 1299 2757 ab
1336 2698 1534 2756 invitis
1569 2698 1724 2776 exigi
1765 2709 1982 2756 statuas
2010 2718 2128 2755 non
2169 2709 2458 2775 oporteat.

407 2799 551 2868 Quae
578 2794 638 2851 in
678 2795 787 2852 tria
818 2796 1080 2872 peccavit
1098 2801 1340 2864 Verres,
1373 2794 1533 2872 quod
1564 2807 1622 2852 et
1657 2795 1916 2852 omnium
1947 2794 2274 2853 Siculorum
2309 2794 2462 2852 testi-

406 2891 665 2949 monium
712 2904 773 2949 et
820 2911 975 2950 novo
1026 2912 1231 2950 eorum
1280 2891 1557 2970 postulati
1609 2893 1818 2969 genere
1868 2890 2311 2969 comprobatur,
2363 2892 2461 2949 60.

408 2993 650 3048 Verrem
681 2989 835 3047 enim
863 3002 1081 3047 statuas
1112 2987 1186 3047 ab
1217 2988 1409 3046 invitis
1447 2986 1807 3058 aratoribus,
1850 2988 2048 3046 60-62.
2095 2992 2168 3045 Et
2201 2986 2274 3046 ab
2304 2987 2466 3045 invi-

414 3087 484 3144 tis
509 3085 844 3145 civitatibus
875 3086 1085 3147 Siciliae
1115 3086 1370 3163 exegisse
1403 3084 1866 3156 demonstratur,
1909 3084 2110 3144 63-65.
2133 3084 2308 3158 Quod
2338 3087 2463 3143 fru-

411 3195 531 3240 stra
550 3188 764 3241 Verres
799 3181 1091 3254 defendit,
1126 3182 1291 3259 quasi
1319 3203 1353 3239 a
1378 3180 1714 3240 volentibus
1755 3180 1808 3239 ei
1845 3181 1960 3239 sint
2003 3195 2239 3254 erectae,
2282 3200 2463 3258 quum

413 3279 589 3338 iidem
636 3279 737 3337 vix
780 3299 814 3337 a
863 3278 1165 3357 provincia
1212 3277 1479 3337 abeuntis
1522 3292 1738 3337 statuas
1777 3297 1977 3335 omnes
2012 3296 2131 3335 uno
2180 3296 2464 3336 consensu

415 3379 757 3451 everterint,
786 3379 989 3455 66-69.
1031 3382 1235 3456 Neque
1259 3396 1399 3435 vero
1427 3382 1671 3435 Verrem
1699 3377 1808 3435 hac
1842 3377 2067 3434 ratione
2096 3395 2157 3433 se
2191 3395 2465 3434 excusare

376 3469 379 3472 Δ
419 3495 587 3553 posse
614 3475 966 3544 ostenditur,
990 3475 1150 3555 quod
1187 3477 1364 3534 nimio
1396 3475 1646 3553 publicae
1676 3475 1939 3534 utilitatis
1960 3473 2154 3533 studio
2178 3475 2461 3553 peccarit,

422 3587 480 3632 et
503 3573 635 3632 ideo
671 3575 731 3631 in
774 3575 976 3633 Siciliae
1016 3576 1213 3634 odium
1248 3576 1322 3633 sit
1357 3574 1679 3647 adductus,
1719 3574 1857 3653 quia
1889 3574 2240 3632 frumentum
2268 3593 2467 3633 severe

424 3670 696 3748 exigeret.
713 3671 774 3729 Si
795 3670 948 3729 enim
971 3671 1295 3749 publicanis
1323 3672 1607 3750 gratiosus
1629 3671 1767 3741 fuit,
1804 3671 1903 3728 illa
1926 3690 2097 3728 causa
2120 3685 2206 3729 est
2228 3670 2387 3748 quod
2408 3670 2469 3728 in

426 3766 594 3824 furtis
623 3787 755 3825 cum
784 3767 868 3824 eis
895 3768 1123 3827 collusit
1148 3790 1160 3824 ε
1187 3767 1447 3846 illudque
1477 3788 1551 3825 ex
1570 3767 1954 3826 familiaritate
1979 3778 2039 3825 et
2065 3766 2471 3845 conjunctione

424 3867 623 3925 Verris
651 3886 781 3924 cum
810 3866 1147 3944 Carpinatio
1176 3866 1429 3945 quodam
1459 3866 1774 3946 probatur,
1809 3867 1909 3946 qui
1952 3866 2276 3944 praedarum
2305 3866 2469 3924 istius

429 3964 650 4034 socius,
692 3963 786 4022 isti
813 3964 971 4021 omni
996 3964 1172 4022 modo
1206 3965 1400 4022 favere
1425 3965 1632 4043 coepit,
1665 3984 1914 4043 eumque
1942 3968 2137 4023 Romae
2164 3962 2319 4041 apud
2349 3983 2468 4041 pu-

430 4060 693 4120 blicanos
740 4058 1160 4118 commendare.
1199 4061 1370 4119 Unde
1418 4061 1544 4138 ejus
1585 4061 1668 4119 rei
1717 4062 1857 4119 falsa
1899 4061 2118 4137 species
2161 4059 2474 4137 Carpinatii

442 4157 646 4218 fraude
674 4158 747 4217 sit
774 4158 996 4216 effecta.
1024 4158 1239 4217 Ultimo
1265 4158 1395 4216 loco
1421 4156 1664 4215 docetur
1697 4163 1936 4215 Verrem
1966 4155 2293 4233 portorium
2320 4153 2476 4213 haud
