3044 4788
609 486 741 552 DE
789 485 1271 554 PRAETORE
1318 481 2023 553 PROVINCIALI.
2237 475 2370 573 537

251 606 565 694 peratoris
598 601 838 669 nomen
860 653 878 686 ,
936 628 1068 693 quo
1114 627 1310 669 sensu
1358 604 1466 667 hic
1504 603 1869 691 accepimus
1894 649 1912 682 ,
1975 600 2098 664 fuit
2148 601 2374 664 titulus

248 711 519 774 honoris
539 758 556 791 ,
585 710 1007 798 appellatione
1040 710 1292 773 militari
1326 708 1609 789 delatus,
1635 730 1768 795 quo
1802 727 2076 794 praesens
2110 728 2181 769 re
2207 705 2374 769 bene

250 832 425 904 gesta
454 813 588 878 dux
614 816 959 896 exercitus,
988 815 1264 879 militum
1294 813 1750 878 acclamatione
1781 812 1847 875 in
1878 812 2118 892 castris,
2141 809 2375 874 deinde

250 920 567 984 sententia
595 937 854 985 senatus
891 922 957 984 in
991 921 1200 1002 Urbe,
1232 936 1329 983 est
1361 919 1763 983 honestatuS.

336 1018 728 1115 Supplicatio
749 1076 767 1108 ,
788 1026 912 1089 fuit
930 1027 1142 1090 honos
1160 1073 1178 1106 ,
1211 1026 1324 1113 qui
1351 1047 1481 1087 una
1499 1048 1651 1089 cum
1676 1006 2079 1112 imperatoris
2107 1023 2375 1086 nomine

247 1130 499 1219 praesidi
527 1130 755 1195 victori
787 1130 1255 1195 decernebatur
1287 1152 1303 1194 ε
1339 1151 1573 1217 nempe
1601 1151 1808 1216 quum
1840 1144 2098 1193 senatus
2138 1127 2374 1215 templa

249 1235 447 1300 deum
475 1237 743 1324 aperiri,
781 1259 854 1299 ac
891 1233 1010 1299 diis
1047 1234 1277 1324 gratias
1309 1234 1716 1323 imperatoris
1754 1235 2020 1297 nomine
2058 1234 2159 1321 agi
2188 1233 2376 1312 jube-

248 1340 381 1405 bat.
430 1341 577 1404 Mos
613 1357 749 1405 erat
782 1341 956 1405 enim
990 1355 1066 1404 ut
1095 1339 1426 1429 praesides,
1474 1354 1819 1426 postquam
1853 1362 1890 1402 a
1928 1338 2238 1402 militibus
2270 1362 2376 1427 ap·

248 1447 464 1535 pellati
495 1446 913 1533 imperatores
945 1447 1232 1527 fuerant,
1266 1448 1464 1511 fasces
1497 1446 1817 1509 laureatos
1849 1443 1931 1508 ad
1966 1460 2263 1508 senatum
2291 1444 2371 1509 de
2427 1466 2433 1475 ‘

249 1574 323 1641 re
368 1551 535 1615 bene
585 1569 762 1640 gesta
799 1554 1165 1634 mitterent,
1224 1552 1466 1640 quibus
1518 1551 1927 1641 imperatoris
1972 1573 2251 1633 nomen,
2303 1576 2376 1616 ac

250 1658 750 1745 supplicationes
776 1682 814 1722 a
845 1674 1074 1723 senatu
1104 1658 1525 1748 postularent.

341 1763 573 1827 Primis
607 1765 1009 1852 temporibus
1042 1765 1423 1853 supplicatio
1450 1764 1517 1826 in
1548 1786 1757 1827 unum
1777 1811 1795 1844 ,
1829 1764 2181 1834 alterumve
2207 1758 2379 1821 diem

253 1891 418 1957 aegre
442 1868 925 1935 decernebatur.
943 1873 1137 1934 Anno
1160 1871 1308 1951 304,
1334 1870 1424 1933 M.
1450 1870 1707 1935 Valerio
1734 1886 1800 1933 et
1816 1869 1905 1933 M.
1930 1866 2199 1931 Horatio
2213 1886 2377 1928 coss.

253 1975 340 2038 ob
373 1974 659 2040 devictos
690 1977 961 2041 Sabinos
995 1978 1375 2066 supplicatio
1402 1977 1470 2040 in
1505 1999 1715 2040 unum
1757 1975 1929 2040 diem
1970 1974 2223 2038 decreta
2257 1986 2374 2036 est.

251 2080 380 2145 Sed
417 2079 669 2146 dierum
706 2103 1020 2145 numerus
1053 2083 1252 2146 crevit
1287 2098 1529 2169 postea.
1583 2080 1889 2162 Camillo,
1934 2079 2107 2143 Veiis
2152 2077 2380 2166 captis,

253 2202 563 2274 quatuor3
597 2188 910 2276 Pompeio
930 2237 948 2270 ,
982 2188 1422 2252 Mithridatico
1445 2189 1617 2253 bello
1642 2188 1937 2252 confecto
1958 2236 1976 2268 ,
1996 2172 2341 2249 duodecim
2362 2206 2380 2262 ;

252 2293 516 2373 Caesari,
565 2294 737 2381 bello
770 2294 1045 2383 Gallic0,
1088 2294 1372 2382 primurn
1407 2280 1812 2382 quindecim,
1848 2291 2083 2356 deinde
2115 2287 2380 2377 viginti3

252 2399 463 2462 Hirtio
508 2398 729 2464 Pansae
771 2417 835 2463 et
876 2401 1144 2464 Octavio
1190 2402 1453 2481 Caesari,
1494 2400 1750 2463 Mutina
1797 2398 2049 2462 colonia
2077 2396 2378 2475 liberata,

253 2502 722 2590 quinquaginta
771 2503 1025 2568 dierum
1073 2506 1576 2593 supplicationes
1631 2503 1901 2567 decretae
1964 2517 2137 2565 sunt.

343 2608 675 2688 Quoniam
706 2608 810 2687 jus
855 2611 1230 2674 universum
1269 2609 1338 2672 iu
1383 2609 1713 2696 provincia
1745 2606 2091 2696 praesidum
2125 2605 2379 2693 aperui-

253 2734 433 2793 mus,
476 2727 541 2776 et
581 2712 914 2799 quomodo
946 2714 1013 2777 in
1048 2736 1189 2778 eam
1221 2714 1514 2777 venirent
1545 2713 1985 2794 ostendimus3
2023 2726 2219 2774 restat
2246 2700 2378 2790 jam

255 2834 329 2882 ut
363 2817 917 2907 quemadmodum
955 2843 1032 2883 ex
1063 2844 1136 2883 ea
1171 2819 1580 2884 discesserint
1612 2842 2060 2907 exsequamur.

340 2924 544 2987 Moris
570 2946 727 3013 ergo
759 2923 884 2988 fuit
913 2940 988 2986 ut
1009 2946 1239 3011 praeses
1266 2947 1486 2989 annuo
1518 2924 1924 3012 provincialis
1953 2924 2205 3011 imperii
2234 2946 2379 2986 mu-

256 3054 410 3095 nere
441 3032 787 3095 termi‘nato
818 3053 1250 3093 successorem
1276 3079 1294 3112 ,
1351 3032 1404 3094 si
1442 3048 1693 3094 mature
1723 3048 2036 3095 venturus
2070 3047 2235 3094 esset
2255 3078 2273 3110 ,
2311 3030 2378 3092 in

256 3137 582 3225 provincia
611 3152 1038 3224 exspectaret3
1065 3151 1260 3223 atque
1291 3137 1349 3199 ei
1375 3136 1742 3200 advenienti
1776 3137 2030 3200 obviarn
2062 3135 2379 3224 prodiret,

257 3264 330 3305 ac
357 3242 654 3329 praesenti
695 3264 974 3329 praesens
1010 3242 1407 3328 provinciam
1444 3257 1640 3329 atque
1674 3242 2024 3305 exercitum
2071 3238 2380 3319 traderet3

258 3344 493 3410 deinde
524 3348 693 3410 inter
738 3346 996 3434 triginta
1033 3345 1167 3411 dies
1230 3347 1369 3433 (tot
1401 3348 1575 3410 enim
1609 3348 1711 3410 lex
1742 3347 2042 3411 Cornelia
2077 3346 2148 3410 L.
2189 3346 2380 3410 Sullae

258 3450 480 3539 dedit)
520 3450 858 3516 decederet
885 3475 900 3515 τ
933 3475 1159 3516 verum
1193 3454 1437 3516 interea
1468 3454 1709 3516 nullam
1738 3452 2144 3541 provincialis
2177 3450 2383 3515 admi-

260 3557 653 3620 nistrationis
674 3572 920 3646 partem
940 3559 1300 3647 attingeret.
1328 3558 1651 3640 Quocirca
1677 3559 1920 3646 Appius
1948 3580 2112 3646 aegre
2139 3556 2383 3620 ferebat

255 3658 436 3748 quod
466 3683 675 3748 quum
701 3663 1012 3725 Lentulus
1034 3663 1177 3743 sibi,
1197 3663 1333 3750 ipse
1347 3663 1624 3726 Lentulo
1651 3662 2061 3750 processisset
2083 3662 2149 3724 in
2169 3662 2384 3726 Cilicia

259 3766 511 3830 obviam
533 3815 550 3847 ‚
598 3767 822 3831 Cicero
859 3769 980 3832 sibi
1015 3768 1348 3833 decedenti
1386 3770 1697 3833 noluisset
1730 3792 1746 3833 :
1800 3767 1981 3858 quod
2025 3770 2250 3833 Cicero
2294 3769 2382 3830 ita
2452 3831 2457 3844 ff

258 3872 585 3962 purgavit,
615 3888 690 3935 ut
715 3895 977 3937 omnem
1004 3876 1139 3955 ejus
1172 3876 1262 3940 rei
1291 3875 1544 3963 culpam
1572 3878 1639 3939 in
1672 3877 1950 3964 Appium
1976 3876 2188 3963 ipsum
2219 3872 2378 3951 reje-

261 3979 437 4044 cerit.
471 3978 571 4044 Ad
601 3980 741 4044 Div.
772 3981 902 4061 111,
937 3983 1120 4071 epist.
1155 4005 1215 4069 7.

348 4084 548 4168 Quod
581 4087 633 4149 si
668 4085 966 4149 decessor
994 4103 1144 4178 ante
1171 4089 1559 4153 successoris
1590 4086 1939 4151 adventum
1974 4085 2346 4150 decessisset
2366 4132 2382 4164 ,

262 4207 400 4257 tum
430 4215 584 4257 vero
621 4192 898 4280 aliquem
922 4241 940 4274 ,
977 4194 1088 4281 qui
1120 4195 1463 4282 provinciae
1502 4211 1798 4281 praeesset
1819 4242 1836 4274 ‚
1879 4192 2077 4256 veluti
2106 4206 2387 4279 quaesto-
