3044 4788
635 420 718 501 14
1267 419 1361 484 Μ.
1416 417 1492 482 Τ.
1543 417 2110 487 clcERoms

621 541 695 607 P.
726 537 1008 626 Quintii
1044 531 1555 605 consobrinam
1583 532 1805 605 habet
1831 536 1908 603 in
1939 537 2401 608 matrimonio
2436 540 2765 626 NaeviuS,

619 662 693 718 et
717 672 806 717 ex
829 670 911 717 ea
939 643 1226 715 liberos,
1256 647 1470 735 Quia,
1489 642 1693 740 quod
1722 646 1958 714 virum
1984 643 2267 716 bonum
2286 644 2520 719 facere
2546 673 2766 747 opor-

620 756 848 839 tebat,
875 755 950 826 id
975 754 1413 852 loquebatur
1446 757 1769 841 Naevius3
1807 754 2113 826 credidit
2137 760 2520 847 Quintius,
2552 784 2762 847 eum,

616 854 745 968 qui
761 869 1163 937 orationem
1174 864 1546 937 bonorum
1561 867 1990 961 imitaretur,
2004 862 2188 936 facta
2208 890 2505 963 quoque
2524 870 2762 939 imita·

615 995 885 1050 turum.
913 979 1347 1048 Auctionem
1377 976 1562 1046 velle
1594 973 1829 1047 facere
1855 973 2177 1047 desistit:
2204 981 2510 1047 Romam
2538 977 2763 1075 profi-

613 1092 924 1160 ciscitur.
949 1087 1251 1160 Decedit
1272 1113 1356 1159 ex
1381 1087 1612 1159 Gallia
1627 1093 1933 1158 Romam
1952 1088 2167 1157 simul
2184 1092 2484 1160 Naevius.
2504 1092 2758 1181 Quum

610 1202 997 1297 pecuniam
1046 1203 1124 1269 C.
1159 1201 1503 1289 Quintius
1543 1202 1617 1268 P.
1655 1188 1975 1294 scapulae
2013 1196 2425 1287 debuisset3
2461 1225 2594 1298 per
2621 1215 2712 1273 ,te
2735 1256 2756 1290 ‚

609 1315 688 1382 C.
724 1310 1022 1406 Aquini,
1063 1307 1335 1381 decidit
1362 1313 1437 1379 P.
1472 1312 1854 1399 Quintius’,
1894 1308 2098 1405 quod
2133 1308 2375 1380 liberis
2409 1310 2567 1404 ejus
2600 1310 2753 1382 dis-

609 1420 941 1490 solveret.
980 1425 1135 1491 Hoc
1175 1445 1262 1490 eo
1313 1444 1446 1517 per
1483 1433 1554 1488 te
1595 1416 1965 1514 agebatur,
1999 1418 2200 1516 quod
2235 1435 2536 1518 propter
2576 1446 2756 1492 aera-

610 1534 788 1601 riam
819 1525 1215 1601 rationem⁵
1269 1553 1420 1599 non
1465 1531 1634 1597 satis
1677 1541 1831 1598 erat
1868 1530 1946 1597 in
2003 1527 2266 1599 tabulis
2312 1532 2753 1627 inspexisse,

605 1654 965 1737 quantum
988 1637 1400 1723 deberetur,
1431 1640 1571 1708 nisi
1594 1636 1686 1708 ad
1713 1635 2072 1709 Castoris⁶
2102 1643 2495 1736 quaesisset,
2522 1665 2758 1737 quan-

604 1766 761 1821 tum
795 1751 1217 1821 solveretur.
1246 1745 1561 1835 Decidis,
1588 1750 1988 1844 statuisque
2032 1762 2111 1818 tu
2128 1803 2147 1837 ,
2170 1763 2471 1846 propter
2495 1772 2754 1820 neces-

602 1861 1036 1961 situdinem,
1067 1883 1227 1954 quae
1266 1856 1400 1929 tibi
1434 1882 1604 1928 cum
1638 1859 1961 1956 Scapulis
1994 1873 2134 1946 est,
2167 1858 2350 1956 quid
2377 1862 2466 1930 iis
2498 1856 2592 1929 ad
2624 1858 2754 1931 de-

607 1974 930 2042 narium⁷
976 1967 1396 2038 solveretur.

698 2087 784 2152 V.
831 2087 997 2152 Haec
1033 2081 1278 2149 omnia
1301 2080 1649 2169 Quintius
1683 2076 1980 2174 agebat,
2004 2093 2301 2150 auctore
2335 2094 2409 2150 et
2440 2103 2752 2150 consua-

600 2215 763 2261 sore
811 2192 1075 2261 Naevio.
1130 2193 1280 2260 Nec
1334 2190 1648 2276 mirum,
1695 2191 1753 2259 si
1809 2190 1966 2283 ejus
2009 2188 2350 2260 utebatur
2401 2190 2750 2278 consili0,

597 2303 807 2398 cujus
833 2302 1185 2400 auxilium
1212 2299 1346 2371 sibi
1379 2315 1713 2399 paratum
1737 2298 2059 2399 putabat.
2089 2305 2256 2373 Non
2291 2299 2513 2371 modo
2542 2303 2748 2372 enim

599 2413 965 2511 pollicitus
994 2427 1148 2484 erat
1177 2415 1254 2482 in
1283 2412 1549 2499 Gallia3
1582 2410 1710 2483 sed
1736 2417 1982 2482 Romae
2008 2411 2364 2509 quotidie,
2394 2412 2610 2482 simul
2639 2427 2753 2484 at-

596 2549 743 2620 que
773 2521 908 2593 sibi
940 2522 1058 2593 hic
1084 2525 1481 2610 annuisset,
1510 2537 2059 2592 numeraturum
2086 2547 2161 2594 se
2183 2521 2489 2593 dicebat.
2508 2525 2751 2613 Quin-

597 2638 741 2705 tius
770 2658 993 2732 porro
1026 2637 1249 2704 istum
1286 2658 1498 2731 posse
1537 2630 1770 2704 facere
1802 2632 2095 2704 videbat
2123 2660 2141 2721 3
2179 2633 2446 2715 debere
2480 2635 2752 2706 intelli-

598 2746 852 2842 gebat3
885 2749 1214 2832 mentiri,
1242 2748 1413 2842 quia
1442 2768 1682 2831 causa,
1714 2768 1844 2815 cur
1872 2746 2328 2832 mentiretur,
2366 2769 2517 2815 non
2556 2760 2750 2834 erat,

596 2880 745 2925 non
776 2853 1126 2952 putabat:
1167 2857 1374 2951 quasi
1418 2853 1618 2924 domi
1659 2878 2004 2924 nummos
2043 2852 2382 2943 haberet,
2412 2857 2510 2925 ita
2556 2880 2742 2926 con-

594 2967 856 3036 stituit¹
892 2964 1215 3062 Scapulis
1252 2989 1327 3034 se
1350 2962 1714 3034 daturum.
1743 2965 2073 3036 Naevium
2101 2966 2484 3035 certiorem
2517 2961 2691 3034 facit
2719 2990 2740 3033 ε

595 3088 837 3171 rogat,
882 3087 967 3144 ut
990 3088 1233 3160 curet,
1276 3072 1481 3170 quod
1515 3072 1829 3144 dixisset.
1880 3076 2066 3143 Tum
2108 3077 2242 3144 iste
2274 3076 2384 3142 vir
2411 3076 2744 3170 optimus

592 3187 618 3281 (
651 3209 927 3271 vereor,
964 3208 1057 3255 ne
1084 3209 1158 3254 se
1187 3182 1501 3254 derideri
1535 3198 1781 3282 putet,
1818 3182 2021 3279 quod
2055 3185 2320 3253 iterum
2356 3184 2504 3277 jam
2532 3182 2740 3271 dico,

591 3293 991 3393 optimus),
1028 3295 1155 3390 qui
1202 3291 1403 3364 hunc
1451 3295 1527 3363 in
1569 3317 1887 3364 summas
1931 3296 2296 3389 angustias
2331 3290 2740 3365 adductum

666 3464 712 3512 5.
742 3459 993 3511 AErariam
1028 3459 1285 3508 rationem.
1319 3460 1447 3522 Quia
1484 3459 1622 3509 diffe.
1786 3476 1831 3521 7.
1871 3458 1959 3506 Ad
1994 3458 2267 3507 denarium.
2292 3437 2565 3523 Argenteus
2590 3476 2743 3508 num-

592 3542 731 3590 rebat
767 3541 979 3605 pretium
1007 3540 1241 3587 Romanae
1266 3538 1488 3603 pecnniae
1525 3556 1622 3602 qun
1709 3554 1818 3586 mus
1873 3548 1949 3585 est
1994 3535 2075 3584 hic
2128 3538 2398 3586 Romanam
2440 3539 2699 3603 pecuniam
2715 3574 2732 3600 ‚

593 3620 880 3670 solvendum
920 3628 1021 3665 erat
1039 3651 1055 3677 ‚
1095 3634 1123 3664 ι
1163 3616 1326 3682 pretio
1352 3617 1620 3666 Gallicane
1712 3617 1974 3666 Gallicane
2001 3617 2279 3681 oppositam
2307 3617 2740 3683 significans.Vid.

592 3716 740 3765 quam
765 3699 826 3748 C.
845 3695 1079 3761 Quintius
1114 3712 1141 3744 ι
1171 3699 1224 3745 P.
1252 3695 1459 3760 Scapula
1486 3712 1621 3744 acoe-
1709 3698 1932 3745 Gronov,
1963 3695 2023 3744 de
2049 3698 2288 3748 Pec.Vet.
2308 3701 2409 3757 111,
2439 3713 2518 3747 10.

594 3787 746 3844 perat.
1779 3776 1845 3824 V.
1871 3792 1917 3823 ι.
1943 3775 2214 3826 Constituit.
2255 3778 2584 3832 Constituere,
2623 3777 2739 3826 sub-

665 3859 716 3907 6.
746 3854 833 3904 Ad
859 3851 1088 3905 castor-is.
1121 3855 1181 3901 In
1218 3854 1346 3902 MSS
1382 3852 1615 3916 quibusd.
1703 3852 1820 3902 aud.
1839 3854 2121 3916 pecuniam,
2150 3867 2223 3906 est
2249 3855 2381 3921 apud
2401 3856 2735 3921 jurisconsul-

593 3963 618 3981 .
632 3936 696 3986 ad
714 3936 849 3984 Cast.
865 3931 1100 3996 templum
1115 3952 1162 3992 ι,
1185 3931 1398 3996 eglom.
1420 3935 1453 3981 J
1458 3934 1544 3979 .V.
1558 3935 1614 3980 1..
1702 3943 1782 3980 too
1799 3942 1985 3980 eertum
2013 3933 2143 3982 diem
2174 3945 2383 3982 statuere
2398 3968 2413 3991 ‚
2441 3951 2545 3997 quo
2566 3934 2735 3983 debita

590 4044 661 4055 --
686 4010 988 4067 Consulendi
1015 4011 1200 4059 scilicet
1233 4022 1372 4058 erant
1394 4021 1616 4074 argenta·
1701 4010 1931 4060 creditori
1981 4015 2185 4078 pecunia
2231 4012 2544 4062 dissolvatur.
2601 4015 2735 4062 Hinc

590 4098 667 4154 rii,
687 4095 771 4161 qui
793 4108 948 4159 prope
966 4091 1183 4140 Castoris
1201 4089 1435 4154 templum
1460 4090 1614 4138 taber-
1699 4092 1844 4152 jocus
1881 4104 1952 4141 at
1988 4091 2239 4141 Ciceronis
2267 4091 2332 4139 ad
2365 4092 2482 4140 Div.
2499 4095 2627 4156 vn,
2657 4101 2687 4149 4
2718 4112 2733 4142 :

590 4194 675 4225 uas
698 4173 954 4225 habebant.
1702 4169 1947 4235 «siquod
1974 4169 2291 4219 constitutum
2316 4170 2466 4220 habes
2501 4188 2614 4219 cum
2641 4189 2734 4237 po·
