3044 4788
602 462 711 531 IN
759 462 1202 529 VERREM
1245 459 1459 528 ACT.
1511 459 1632 544 ΙΙ,
1684 458 1869 526 LIB.
1921 456 2015 524 II.
2219 451 2356 526 505

239 581 673 678 intelligant,
733 581 876 652 hoc
910 605 1043 651 nos
1079 583 1231 652 sine
1268 577 1657 676 cupiditate
1679 574 1709 621 ⁵
1751 601 1993 674 agere,
2030 576 2140 646 his
2185 578 2356 673 ipsis

240 691 501 762 libellis
544 692 864 761 contenti
904 714 1171 761 sumus.

339 805 645 872 LXXVI.
703 806 914 873 Nunc
950 801 1037 871 ad
1080 804 1441 873 sociorum
1483 798 1764 870 tabulas
1804 800 2077 895 accepti
2121 813 2193 867 et
2235 823 2357 867 ex-

236 912 483 1008 pensi,
503 936 681 1008 quas
705 935 1076 982 removere
1110 911 1412 980 honeste
1444 909 1648 980 nullo
1678 909 1898 980 modo
1927 922 2358 1007 potuerunt,

238 1035 315 1091 et
358 1019 445 1090 ad
488 1025 796 1092 amicum
834 1036 1042 1091 tuum
1080 1021 1575 1116 Carpinatium
1621 1033 2080 1090 revertemur.
2128 1019 2359 1114 Inspi-

237 1126 604 1201 ciebamus
635 1132 995 1226 Syracusis
1020 1154 1061 1200 a
1093 1132 1506 1227 Carpinatio
1540 1128 1899 1200 confectas
1936 1128 2214 1199 tabulas
2252 1151 2362 1197 so-

236 1241 535 1327 cietatiS,
564 1265 725 1336 quae
761 1237 1324 1337 significabant¹‚
1355 1239 1600 1309 multis
1632 1239 2049 1310 nominibus
2077 1264 2201 1310 eos
2234 1238 2363 1307 bo-

237 1350 468 1419 mines
513 1372 876 1420 versuram
918 1375 961 1420 a
1005 1352 1415 1447 Carpinatio
1461 1348 1750 1435 fecisse,
1802 1350 1931 1445 qui
1979 1352 2361 1446 pecuniam

235 1461 447 1529 Verri
468 1458 852 1531 dedissent.
883 1462 1035 1530 Erit
1060 1460 1264 1531 vobis
1296 1462 1457 1531 luce
1487 1459 1769 1546 clarius,
1799 1457 2098 1552 judice5‚
2134 1483 2361 1553 quum

239 1591 369 1637 eos
391 1570 585 1665 ipsbs
609 1568 1026 1666 produxero
1044 1624 1063 1655 ‚
1102 1572 1227 1666 qui
1260 1569 1622 1640 dederunt
1649 1595 1663 1637 ε
1695 1568 2102 1664 intelligetis
2129 1568 2318 1637 enirn
2343 1621 2363 1653 ‚

238 1675 359 1747 illa
385 1690 736 1773 tempora,
764 1704 895 1776 per
933 1704 1128 1775 quae,
1164 1704 1394 1776 quum
1432 1693 1673 1750 essent
1709 1680 1783 1747 in
1814 1677 2169 1772 pericul0‚
2204 1701 2363 1773 pre-

236 1787 343 1856 tio
374 1811 526 1858 sese
554 1788 1039 1876 redemerunt,
1066 1815 1232 1861 cum
1263 1792 1620 1861 societatis
1647 1790 1903 1859 tabulis
1938 1815 2085 1860 non
2127 1787 2359 1859 solum

237 1896 721 1984 consulibus²‚
756 1925 1001 1972 verum
1042 1902 1252 1972 etiam
1291 1899 1689 1985 mensibu5‚
1736 1899 2142 1969 convenire.

337 2009 583 2096 Quum
618 2009 769 2080 haec
800 2013 1108 2081 maxime
1143 2034 1775 2107 cognosceremuS‚
1810 2022 1883 2078 et
1911 2010 2056 2103 jam
2096 2009 2169 2077 in
2211 2031 2361 2075 ma-

239 2115 456 2187 nibus
496 2117 774 2189 tabulas
809 2118 1271 2204 haberemus;
1310 2134 1609 2216 repente
1647 2117 2079 2214 adspicimus
2125 2116 2366 2186 lituras

239 2227 624 2321 ejusmodi,
646 2232 848 2325 quasi
868 2229 1197 2326 quaedam
1216 2230 1510 2300 vulnera
1525 2226 1551 2270 3
1576 2227 1999 2299 tabellarum
2028 2229 2365 2297 recentia.

239 2339 491 2407 Statim
525 2340 932 2435 suspicione
977 2337 1272 2428 offensi,
1316 2338 1405 2411 ad
1454 2365 1535 2411 ea
1586 2340 1735 2435 ipsa
1775 2339 2067 2409 nomina
2117 2337 2367 2409 oculos

238 2448 710 2542 animumque
752 2448 1267 2520 transtulimus.
1323 2453 1544 2520 Erant
1600 2463 1905 2545 acceptae
1947 2452 2269 2547 pecuniae
2326 2473 2365 2516 a

237 2559 322 2625 C.
342 2558 748 2643 Vanum-10,
805 2561 881 2628 C.
922 2564 992 2629 F.
1015 2563 1071 2647 4,
1125 2563 1225 2630 sic
1262 2572 1548 2645 tamen,
1589 2573 1712 2646 ut,
1762 2582 1996 2653 usque
2051 2556 2141 2627 ad
2192 2557 2368 2627 alte-

237 2689 404 2734 rum
456 2669 517 2734 R
542 2718 561 2748 ‚
626 2666 844 2736 literae
903 2682 1314 2738 constarent
1375 2669 1701 2762 integrae,
1765 2665 2060 2761 reliquae
2116 2689 2369 2735 omnes

241 2788 481 2844 essent
536 2777 612 2843 in
664 2773 938 2845 liturass.
990 2776 1340 2864 Alterum,
1384 2779 1716 2863 tertium,
1771 2790 2152 2873 quartum,
2208 2798 2370 2871 per-

318 2963 366 3009 5.
384 2961 496 3007 Sine
512 2961 794 3024 eupiditate.
820 2963 935 3010 Non
959 2967 1261 3011 accusatorio
1349 2981 1474 3029 quos
1500 2961 1852 3032 παλιμψίστους
1881 2982 2110 3013 vocamus
2126 3000 2140 3024 ‚
2166 2977 2213 3014 et
2239 2966 2369 3014 uude

243 3038 393 3099 odio,
416 3042 518 3087 sine
546 3041 615 3087 ira
643 3051 724 3088 aut
758 3041 944 3091 dolore.
1351 3057 1447 3092 tam
1473 3047 1615 3091 miras
1640 3060 1758 3108 opes
1773 3045 1904 3093 hisce
1924 3045 2223 3109 temporibus
2245 3047 2372 3093 eruit

315 3117 553 3166 Lxxvl.
590 3136 631 3168 1.
664 3120 784 3181 Quoe
802 3118 1166 3188 significabant.
1202 3125 1261 3169 ln
1350 3125 1539 3171 curiosa
1567 3123 1771 3171 feliciter
1793 3124 2048 3174 doctorum
2064 3124 2338 3188 prudentia.

242 3196 424 3262 quibus
459 3198 803 3247 ostendebatur
844 3215 955 3259 eos,
992 3202 1077 3263 qui
1116 3217 1262 3265 pecu·
1421 3211 1469 3258 4.
1496 3205 1739 3251 Gruterus
1772 3204 2018 3251 revocavit
2065 3225 2088 3244 ο·
2112 3203 2169 3251 C.
2200 3205 2253 3250 F.
2287 3223 2310 3244 ι
2343 3221 2370 3248 e

244 3277 375 3323 niam
406 3277 547 3324 Verri
586 3278 859 3336 dedissent,
903 3296 1005 3326 eam
1045 3293 1257 3328 mutuam
1346 3282 1486 3329 MSS.
1507 3285 1662 3330 Antea
1692 3282 1904 3331 deerant.
1932 3284 2048 3330 LV.
2071 3284 2124 3330 L.

246 3354 336 3402 sub
365 3356 535 3424 ,usuris
571 3373 673 3404 non
716 3359 863 3406 semel
901 3375 929 3405 a
974 3360 1259 3424 Carpinatio
1423 3364 1469 3409 5.
1506 3363 1568 3406 In
1607 3360 1769 3408 litura.
1810 3362 1935 3409 Nam
1968 3371 2106 3407 antea
2133 3361 2367 3422 scriptum

243 3434 522 3498 sumpsisse.
562 3441 670 3485 Hoc
706 3449 781 3486 est
808 3439 937 3485 euim
975 3460 1000 3479 α
1020 3455 1259 3487 versuram
1349 3440 1501 3487 suerat
1543 3461 1565 3480 ι
1585 3457 1612 3487 a
1635 3442 1691 3489 C.
1708 3443 1857 3486 Verre
1875 3451 2100 3503 acceptas
2123 3440 2267 3487 fuisse
2287 3456 2370 3503 pe-

245 3515 401 3560 sacere
415 3535 455 3560 ι».
482 3515 555 3560 De
581 3517 861 3580 Carpinatio
886 3520 1020 3567 conf.
1046 3536 1157 3583 sup.
1177 3536 1202 3579 7
1218 3536 1259 3566 x.
1349 3520 1542 3576 eunias,
1559 3534 1668 3582 quae
1693 3518 1816 3565 datae
1842 3527 1976 3565 erant
1994 3534 2045 3575 »ς
2065 3519 2150 3565 sed
2176 3518 2374 3577 deinde,

319 3609 369 3639 2.
413 3595 710 3643 Consulibus.
760 3599 801 3644 Ι.
851 3613 894 3644 e.
943 3614 1073 3646 auno
1134 3600 1260 3663 ipso.
1349 3613 1409 3644 ue
1433 3614 1507 3644 res
1535 3614 1588 3644 ea
1617 3599 1694 3644 isti
1721 3608 1951 3653 noceret,
2001 3598 2071 3644 sic
2098 3609 2369 3645 correctum

247 3673 381 3718 Anni
436 3675 563 3719 enim
619 3692 707 3738 per
757 3677 980 3723 consules
1041 3694 1261 3726 numer·-
1348 3688 1478 3732 erat.
1508 3687 1561 3724 ut
1580 3677 2158 3725 scriberetur-Vermtio
2173 3699 2215 3724 a.
2239 3677 2370 3724 Prio-

247 3749 452 3812 bnntur3
482 3767 638 3815 neque
659 3770 788 3802 anno
808 3765 1022 3816 tautum,
1054 3757 1139 3805 sed
1161 3773 1263 3821 quo
1353 3756 1419 3802 ris
1456 3756 1604 3819 igitur
1639 3758 1849 3804 nominis
1889 3755 2052 3803 ultima
2090 3755 2275 3819 syllaba
2314 3771 2368 3801 re

246 3829 423 3877 clarius
476 3848 551 3879 res
604 3845 794 3896 pateat,
838 3835 1074 3883 mensibus
1125 3840 1265 3885 etiam
1358 3834 1564 3896 detrita,
1600 3835 1868 3898 repositum
1904 3835 2060 3881 fuerat
2105 3834 2265 3890 raab,-
2302 3835 2366 3881 ita

247 3909 527 3957 convenire.
1358 3924 1515 3960 tamen
1544 3925 1598 3961 ut
1621 3914 1860 3976 legeretur
1889 3937 1912 3954 ··
1932 3915 1989 3960 C.
2009 3917 2106 3959 Vei·
2123 3934 2143 3953 ι
2172 3914 2370 3974 integris

320 3989 367 4037 3.
400 3989 635 4049 Qua-dam
668 3990 895 4038 vulnera.
938 3992 1052 4040 scil.
1080 3993 1257 4039 abrasae
1346 4010 1458 4040 sane
1476 3993 1645 4053 literis,
1661 4005 1708 4040 et
1726 3993 1871 4040 altera
1892 4009 2002 4056 pars
2022 3991 2250 4050 nominis,
2268 3994 2302 4040 i.
2325 4008 2366 4038 e.

246 4067 396 4129 priori
420 4068 687 4131 scripturae‚
715 4070 955 4133 posterior
978 4071 1259 4134 imponeba-
1349 4073 1504 4129 rectio,
1533 4088 1621 4120 ceu
1652 4073 1803 4120 cauda
1819 4073 2011 4130 Verris,
2047 4082 2288 4134 tamquam
2317 4073 2369 4118 in

248 4157 343 4196 tur.
367 4149 446 4195 Sic
462 4148 632 4195 afflicti
649 4161 782 4196 eraut
802 4150 926 4196 MSS
948 4150 1022 4197 illi
1040 4150 1257 4212 codices,
1349 4152 1453 4199 luto
1469 4186 1485 4206 ,
1501 4153 1685 4210 jaceret
1712 4151 1764 4196 in
1792 4151 1952 4197 litura.
1979 4150 2065 4196 Cf.
2082 4150 2168 4198 ins.
2199 4153 2286 4211 78.
