3044 4788
715 451 1112 518 ORATIO
1159 451 1365 519 PRO
1413 449 1503 538 Q.
1547 448 1956 519 ROSCIO.
2278 457 2409 548 ¹49

285 567 667 657 debeatur3
708 568 835 640 sed
874 573 1041 640 satis
1080 595 1444 668 superque
1483 569 1749 641 habere
1786 569 2000 658 dicit,
2034 571 2237 667 quod
2269 572 2404 642 sibi

280 677 377 747 ab
396 678 671 748 arbitro
697 678 1073 749 tribuatur.
1102 686 1356 776 Itaque
1378 679 1559 750 alter
1586 704 1811 750 causoe
1840 676 2143 750 confidit
2160 691 2214 767 ⁷,
2231 681 2411 752 alter

279 784 565 857 diffidit.
596 789 778 876 Quae
810 813 1040 884 quum
1072 793 1169 858 ita
1193 793 1338 860 sint
1360 843 1380 872 ‚
1414 813 1660 886 quaero
1686 788 1815 860 abs
1842 804 1946 878 te,
1978 788 2158 886 quid
2193 793 2290 861 ita
2317 791 2409 862 de

278 895 413 966 hac
442 900 798 993 pecunia,
847 897 936 968 de
971 897 1083 968 his
1115 901 1287 996 ipsis
1320 902 1468 969 H·S
1498 922 1683 982 1000,
1729 897 1819 969 de
1866 913 2152 969 tuarum
2201 899 2407 970 tabu-

276 1005 510 1075 larum
537 1004 687 1076 fide
732 1013 1333 1105 compromissum
1355 1006 1385 1050 ⁸
1431 1008 1723 1095 feceris,
1758 1007 2111 1079 arbitrum
2132 1021 2163 1067 9
2214 1035 2409 1080 sum-

275 1118 540 1212 pseriS,
572 1132 928 1213 quantum
961 1120 1237 1212 aequius
1268 1130 1342 1186 et
1371 1117 1629 1188 melius
1664 1120 1791 1204 sit,
1815 1116 2000 1203 dari,
2031 1121 2408 1214 repromit-

277 1228 456 1309 tive‚
494 1229 554 1295 si
584 1229 905 1323 pareret?
924 1229 1106 1317 Quis
1131 1230 1206 1296 in
1228 1226 1414 1297 hanc
1435 1251 1588 1296 rem
1614 1225 1754 1297 fuit
1772 1226 2084 1299 arbiter?
2114 1231 2407 1299 Utinam

279 1338 338 1404 is
364 1334 669 1431 quidem
701 1340 945 1407 Romae
970 1335 1190 1407 esset!
1226 1343 1471 1407 Romae
1494 1352 1623 1408 est.
1650 1339 2013 1408 Utinam¹⁰
2033 1336 2313 1409 adesset
2332 1343 2408 1409 in
2462 1378 2468 1384 -

274 1444 554 1540 judicio
581 1442 596 1515 !
627 1444 867 1516 Adest.
903 1450 1195 1527 Utinam
1229 1446 1617 1517 sederet‘in
1647 1447 1949 1518 consilio
1981 1452 2058 1519 C.
2092 1448 2407 1520 Pisonis!

280 1560 451 1651 Ipse
501 1559 580 1626 C.
611 1559 771 1625 Piso
805 1571 931 1627 est.
991 1555 1438 1627 Eumdemne
1480 1570 1561 1626 tu
1602 1554 1957 1626 arbitrum
1990 1570 2063 1626 et
2086 1556 2407 1652 judicem

284 1663 665 1735 sumebas?
720 1666 955 1737 eidem
1003 1681 1078 1737 et
1121 1665 1476 1737 infinitam
1515 1667 1966 1763 largitionem
1994 1677 2049 1709 ¹¹
2096 1671 2409 1738 remitte·
2480 1722 2493 1728 -

282 1773 451 1862 δας,
480 1791 552 1846 et
580 1776 914 1848 eumdem
950 1781 1024 1847 in
1057 1781 1633 1874 angustissimam
1667 1775 2050 1848 formulam
2084 1780 2411 1874 sponsio·

280 1887 393 1955 nis
412 1885 939 1957 concludebas?
957 1890 1138 1977 Quis
1158 1912 1505 1983 umquam
1534 1886 1627 1980 ad
1653 1886 2030 1974 arbitrum,
2051 1902 2407 1983 quantum

280 1997 509 2090 petiit,
529 2008 812 2064 tantum
827 1993 1122 2067 abstulit
1143 2007 1161 2040 ¹
1173 1997 1235 2066 ²?
1257 2021 1473 2067 nemo
1495 2021 1512 2064 ε
1539 2010 1896 2093 quantum
1924 1999 2118 2066 enim
2132 2000 2409 2092 aequius

281 2119 468 2174 esset
499 2102 640 2174 sibi
666 2103 858 2191 dari,
894 2108 1101 2201 petiit
1129 2102 1211 2178 ¹³.
1270 2111 1379 2176 De
1415 2129 1567 2202 quo
1600 2109 1894 2175 nomine
1926 2103 2017 2174 ad
2056 2103 2407 2178 arbitrum

278 2211 517 2298 adisti,
545 2211 638 2284 de
667 2239 754 2283 eo
781 2213 873 2284 ad
891 2214 1216 2310 judicem
1243 2219 1525 2285 venisti.
1565 2219 1797 2287 Ceteri
1833 2240 2063 2311 quum
2097 2214 2187 2284 ad
2209 2214 2406 2310 judi·

280 2348 441 2394 cem
476 2348 766 2399 causam
796 2323 1202 2397 labefactari
1239 2325 1841 2413 animadvertunt,
1866 2323 1958 2394 ad
1988 2323 2410 2396 arbitrum¹4

357 2503 407 2546 7.
456 2484 687 2553 Corfidie.
727 2485 855 2549 Quia
891 2486 1023 2551 apud
1068 2487 1302 2534 arbitrum

280 2563 445 2627 pluris
466 2565 639 2628 petitio
662 2564 785 2611 nihil
812 2576 883 2612 est
914 2565 1164 2613 obfutura.
1199 2565 1296 2630 Dg'fi

267 2642 415 2710 fidit.
459 2642 607 2703 Quod
646 2641 782 2706 apud
815 2642 1064 2703 iudicem,
1113 2645 1154 2690 si
1192 2643 1305 2707 plus

283 2731 421 2786 petat
466 2738 614 2784 quam
646 2721 908 2782 debeatur,
941 2738 1084 2770 eamn
1119 2722 1304 2769 excidit

281 2811 441 2849 actor.

358 2881 413 2927 8.
444 2879 861 2943 Compmmissum.
903 2879 1304 2943 Compromismm

268 2958 449 3023 sacer-e
470 2957 717 3016 dicuntur,
743 2958 856 3020 qui,
881 2956 970 3004 sub
995 2973 1139 3021 poena
1160 2967 1303 3005 certae

282 3036 504 3100 pecunia
522 3052 575 3083 se
595 3035 763 3083 arbitri
789 3034 1038 3083 sententia!
1062 3036 1303 3098 parituros

282 3116 602 3179 promittunt.
620 3114 739 3163 Vid.
771 3114 956 3178 Digest.
978 3113 1040 3160 de
1071 3114 1298 3178 receptis,

283 3195 371 3258 qui
394 3193 649 3240 arbitrium
673 3203 974 3258 receperunt,
993 3194 1086 3253 lv,
1110 3193 1160 3243 8.

358 3289 410 3334 9.
451 3272 720 3320 Arbitrum.
778 3273 955 3319 Sensus
1004 3281 1077 3318 est
1103 3286 1117 3319 :
1168 3273 1267 3322 Cur
1283 3305 1301 3332 ,

283 3367 436 3413 quum
477 3352 583 3399 haec
622 3351 825 3414 pecunia
869 3351 919 3397 in
960 3349 1136 3397 tabulis
1179 3360 1304 3399 esset

285 3431 492 3493 scripta,
537 3429 779 3477 arbitrum
822 3428 984 3479 adiisti
1001 3464 1016 3488 ,
1061 3432 1198 3494 quasi
1240 3429 1303 3476 de

285 3508 465 3555 incerta
491 3509 701 3573 pecunia
724 3517 962 3571 ageretur,
992 3519 1077 3567 ut,
1112 3524 1173 3556 ex
1198 3508 1303 3569 ejus

289 3586 552 3644 sententia,
575 3596 813 3650 quantum
847 3588 1049 3651 aequitas
1083 3586 1303 3651 postula·

288 3675 379 3721 nt,
407 3675 594 3711 tantum
620 3664 710 3711 tibi
738 3667 949 3714 Roscius
970 3666 1122 3724 daret,
1147 3667 1224 3714 vel
1253 3682 1304 3713 se

287 3740 512 3790 daturum
534 3744 872 3806 promitteret,
907 3746 949 3792 ni
976 3745 1129 3793 modo
1156 3761 1306 3810 app·-

289 3832 413 3868 reret
433 3839 545 3869 eum
571 3821 757 3886 aliquid
781 3822 972 3872 debere.

364 3900 690 3949 10.Nonnnlli
708 3902 981 3966 codd.jam
1000 3901 1207 3949 utinam.
1226 3901 1307 3950 Al.

290 3993 405 4025 nam
427 3979 552 4027 utin.
571 3979 750 4027 Deleut
772 3980 916 4028 Grut.
940 3982 1101 4027 Graev.
1126 3980 1248 4029 Lau.

367 4074 445 4105 ιι.
489 4058 839 4123 Largieionem.
881 4061 1047 4108 (ἴτων.
1087 4059 1151 4107 ad
1192 4059 1242 4106 h.
1273 4060 1307 4107 l.

291 4133 550 4200 legendum
572 4148 714 4201 putat
746 4159 771 4179 n
789 4149 1083 4201 potestatem
1110 4140 1308 4205 permit·

1391 2488 1525 2535 teba
1552 2511 1596 2536 n».
1641 2490 1709 2536 At
1756 2486 1881 2534 nihil
1923 2502 2051 2551 opus
2091 2490 2406 2535 correctione.

1391 2566 1647 2613 Remittere
1705 2566 1834 2614 euim
1890 2580 1983 2629 pro
2038 2564 2304 2612 concedere
2352 2582 2409 2612 ac

1389 2645 1666 2709 permittere
1693 2644 1915 2707 usurpari
1949 2644 2212 2692 ostendunt
2235 2645 2404 2705 Cujac.

1391 2725 1548 2780 xxt,
1584 2722 1703 2770 Obs.
1733 2738 1817 2785 ²9·
1847 2722 1982 2784 Lips.
2012 2720 2207 2770 adTac.
2229 2723 2413 2770 Amul.

1392 2804 1444 2860 1,
1477 2804 1527 2850 8.
1562 2801 1742 2849 Duker.
1770 2800 1835 2847 acl
1860 2802 1919 2848 T.
1948 2799 2051 2847 Liv.
2081 2801 2316 2859 xxxn,
2358 2817 2406 2849 2.

1392 2883 1563 2945 Itaque
1599 2880 1745 2928 verb·
1784 2881 1915 2927 hee:
1949 2877 2223 2928 -infinitam
2261 2878 2408 2942 lorgi-

1392 2960 1575 3007 tionem
1602 2958 1877 3006 remittebas
1899 2980 1921 3001 ι
1939 2993 1957 3021 ,
1981 2956 2256 3021 significant
2272 2992 2288 3016 ‚
2324 2976 2408 3006 nr-

1392 3038 1525 3087 bitro
1543 3037 1824 3085 latissimum
1854 3048 2140 3101 potestatem
2164 3038 2410 3087 tribuebas

1388 3133 1452 3165 ex
1500 3133 1644 3180 aequo
1687 3116 1948 3166 statuendi.
2001 3117 2084 3165 Sic
2142 3130 2263 3165 orat.
2314 3134 2408 3182 pro

1387 3197 1583 3244 Mareu.
1606 3211 1705 3255 ao,
1733 3194 2009 3259 -aequitatis
2036 3194 2230 3259 largitio
2244 3218 2287 3243 ιι.

1469 3290 1549 3322 ω.
1576 3273 1799 3322 Abstulit.
1826 3273 2079 3331 obtinuit,
2114 3273 2409 3337 impetravit.

1468 3355 1549 3401 13.
1579 3350 1758 3400 Schiitz
1775 3351 1985 3399 libenter
2004 3351 2183 3415 legeret
2206 3352 2409 3416 aceepit.

1390 3430 1529 3479 Nihil
1574 3431 1859 3479 mutandum
1898 3431 2057 3478 video·
2106 3432 2196 3478 Hic
2232 3431 2406 3495 petiit,

1390 3520 1626 3575 quantum
1673 3509 1733 3557 ad
1781 3526 1973 3558 sensum
2012 3520 2197 3575 spectat
2213 3545 2227 3570 ,
2280 3510 2412 3559 idem
2476 3508 2481 3513 ’

1392 3588 1537 3637 valet.
1566 3591 1693 3638 J.v.
1716 3590 1773 3637 L.

1468 3676 1550 3723 14.
1571 3668 1657 3715 Ad
1671 3668 1926 3715 arbitrum.
1954 3671 2013 3716 In
2030 3667 2246 3717 eamdem
2264 3671 2413 3717 ratio-

1394 3763 1505 3795 nem
1528 3748 1698 3795 Senec.
1724 3746 1784 3794 de
1803 3748 1970 3797 Benef.
1991 3750 2091 3797 111:
2115 3747 2322 3795 «melior
2346 3748 2421 3795 vi·

1396 3826 1540 3874 detur
1560 3824 1783 3872 conditio
1807 3840 1961 3873 causa
1977 3825 2137 3884 bonae,
2150 3828 2188 3872 si
2207 3824 2271 3873 ad
2284 3826 2419 3886 judi-

1399 3921 1530 3962 cem,
1557 3921 1702 3969 quam
1740 3905 1781 3952 si
1816 3904 1879 3952 ad
1915 3904 2147 3953 arbitrum
2177 3906 2416 3964 mittatur,

1398 3985 1512 4048 quia
1543 3985 1682 4031 illum
1708 3984 1914 4032 formula
1943 3983 2173 4042 includit,
2192 3994 2240 4031 et
2259 3994 2417 4031 certo·

1394 4078 1520 4125 quos
1555 4079 1656 4111 non
1695 4064 1895 4112 excedat
1917 4100 1934 4124 ‚
1978 4064 2206 4110 terminos
2242 4061 2419 4124 pouit3

1395 4141 1540 4202 hujus
1559 4142 1706 4191 libera
1729 4154 1776 4190 et
1800 4142 1947 4193 nulli·
1964 4141 2226 4193 constricta
2250 4139 2421 4190 v'mcu-
