<?xml version="1.0" encoding="UTF-8"?>
<!DOCTYPE html PUBLIC "-//W3C//DTD XHTML 1.0 Transitional//EN"
    "http://www.w3.org/TR/xhtml1/DTD/xhtml1-transitional.dtd">
<html xmlns="http://www.w3.org/1999/xhtml" xml:lang="en" lang="en">
 <head>
  <title>
</title>
<meta http-equiv="Content-Type" content="text/html;charset=utf-8" />
  <meta name='ocr-system' content='tesseract 3.04.00' />
  <meta name='ocr-capabilities' content='ocr_page ocr_carea ocr_par ocr_line ocrx_word'/>
</head>
<body>
  <div class='ocr_page' id='page_1' title='image "./mtciceronisquae09lemagoog/mtciceronisquae09lemagoog_0421.png"; bbox 0 0 3044 4788; ppageno 0'>
   <div class='ocr_carea' id='block_1_1' title="bbox 669 420 2414 504">
    <p class='ocr_par' dir='ltr' id='par_1_1' title="bbox 669 420 2414 504">
     <span class='ocr_line' id='line_1_1' title="bbox 669 420 2414 504; baseline 0.003 -16"><span class='ocrx_word' id='word_1_1' title='bbox 669 422 781 491; x_wconf 89' lang='lat' dir='ltr'><strong>IN</strong></span> <span class='ocrx_word' id='word_1_2' title='bbox 831 420 1262 489; x_wconf 84' lang='lat' dir='ltr'><strong>VERREM</strong></span> <span class='ocrx_word' id='word_1_3' title='bbox 1314 420 1530 487; x_wconf 85' lang='lat' dir='ltr'><strong>ACT.</strong></span> <span class='ocrx_word' id='word_1_4' title='bbox 1582 420 1689 504; x_wconf 88' lang='lat'><strong>11,</strong></span> <span class='ocrx_word' id='word_1_5' title='bbox 1741 423 1924 489; x_wconf 86' lang='lat' dir='ltr'><strong>LIB.</strong></span> <span class='ocrx_word' id='word_1_6' title='bbox 1979 424 2033 490; x_wconf 91' lang='grc' dir='ltr'><strong>Ι.</strong></span> <span class='ocrx_word' id='word_1_7' title='bbox 2284 421 2414 495; x_wconf 78' lang='lat'><strong>381</strong></span> 
     </span>
    </p>
   </div>
   <div class='ocr_carea' id='block_1_2' title="bbox 286 538 2431 2956">
    <p class='ocr_par' dir='ltr' id='par_1_2' title="bbox 291 538 2429 1079">
     <span class='ocr_line' id='line_1_2' title="bbox 292 538 2426 645; baseline 0 -28"><span class='ocrx_word' id='word_1_8' title='bbox 292 545 676 645; x_wconf 88' lang='lat' dir='ltr'><strong>primaria:</strong></span> <span class='ocrx_word' id='word_1_9' title='bbox 716 544 993 625; x_wconf 82' lang='lat' dir='ltr'><strong>minus,</strong></span> <span class='ocrx_word' id='word_1_10' title='bbox 1046 541 1165 611; x_wconf 90' lang='lat' dir='ltr'><strong>illa</strong></span> <span class='ocrx_word' id='word_1_11' title='bbox 1205 538 1380 611; x_wconf 98' lang='lat' dir='ltr'><strong>deos</strong></span> <span class='ocrx_word' id='word_1_12' title='bbox 1424 539 1906 638; x_wconf 87' lang='lat' dir='ltr'><strong>hominesque</strong></span> <span class='ocrx_word' id='word_1_13' title='bbox 1951 543 2426 642; x_wconf 82' lang='lat' dir='ltr'><strong>implorante,</strong></span> 
     </span>
     <span class='ocr_line' id='line_1_3' title="bbox 295 649 2426 751; baseline 0.002 -25"><span class='ocrx_word' id='word_1_14' title='bbox 295 661 429 728; x_wconf 91' lang='lat' dir='ltr'><strong>iste</strong></span> <span class='ocrx_word' id='word_1_15' title='bbox 461 653 715 725; x_wconf 83' lang='lat' dir='ltr'><strong>infanti</strong></span> <span class='ocrx_word' id='word_1_16' title='bbox 745 652 1033 751; x_wconf 83' lang='lat' dir='ltr'><strong>pupillae</strong></span> <span class='ocrx_word' id='word_1_17' title='bbox 1066 649 1393 721; x_wconf 82' lang='lat' dir='ltr'>fortunas</span> <span class='ocrx_word' id='word_1_18' title='bbox 1421 655 1686 749; x_wconf 83' lang='lat' dir='ltr'><strong>patrias</strong></span> <span class='ocrx_word' id='word_1_19' title='bbox 1707 650 1995 724; x_wconf 82' lang='lat' dir='ltr'><strong>ademit.</strong></span> <span class='ocrx_word' id='word_1_20' title='bbox 2025 659 2426 730; x_wconf 88' lang='lat' dir='ltr'><strong>Tutoresne</strong></span> 
     </span>
     <span class='ocr_line' id='line_1_4' title="bbox 293 759 2427 861; baseline -0 -23"><span class='ocrx_word' id='word_1_21' title='bbox 293 763 813 838; x_wconf 78' lang='lat' dir='ltr'><strong>defenderent?</strong></span> <span class='ocrx_word' id='word_1_22' title='bbox 832 759 1360 860; x_wconf 55' lang='lat' dir='ltr'><strong>perfacile‘vero</strong></span> <span class='ocrx_word' id='word_1_23' title='bbox 1387 760 1584 857; x_wconf 90' lang='lat' dir='ltr'><strong>apud</strong></span> <span class='ocrx_word' id='word_1_24' title='bbox 1603 761 2004 832; x_wconf 87' lang='lat' dir='ltr'><strong>istiusmodi</strong></span> <span class='ocrx_word' id='word_1_25' title='bbox 2025 779 2427 861; x_wconf 69' lang='lat' dir='ltr'><strong>praetorem,</strong></span> 
     </span>
     <span class='ocr_line' id='line_1_5' title="bbox 292 870 2429 972; baseline 0.001 -27"><span class='ocrx_word' id='word_1_26' title='bbox 292 900 334 945; x_wconf 88' lang='lat' dir='ltr'><strong>a</strong></span> <span class='ocrx_word' id='word_1_27' title='bbox 371 899 520 972; x_wconf 94' lang='lat' dir='ltr'><strong>quo</strong></span> <span class='ocrx_word' id='word_1_28' title='bbox 570 877 668 943; x_wconf 89' lang='lat' dir='ltr'><strong>M.</strong></span> <span class='ocrx_word' id='word_1_29' title='bbox 700 870 1018 942; x_wconf 84' lang='lat' dir='ltr'><strong>Marcelli</strong></span> <span class='ocrx_word' id='word_1_30' title='bbox 1063 873 1366 956; x_wconf 87' lang='lat' dir='ltr'><strong>tutoris,</strong></span> <span class='ocrx_word' id='word_1_31' title='bbox 1415 871 1490 951; x_wconf 84' lang='lat' dir='ltr'><strong>iu</strong></span> <span class='ocrx_word' id='word_1_32' title='bbox 1536 894 1748 943; x_wconf 89' lang='lat' dir='ltr'><strong>causa</strong></span> <span class='ocrx_word' id='word_1_33' title='bbox 1785 872 2040 969; x_wconf 91' lang='lat' dir='ltr'><strong>pupilli</strong></span> <span class='ocrx_word' id='word_1_34' title='bbox 2085 877 2315 964; x_wconf 88' lang='lat' dir='ltr'><strong>Junii‚</strong></span> <span class='ocrx_word' id='word_1_35' title='bbox 2354 894 2429 949; x_wconf 90' lang='lat' dir='ltr'><strong>et</strong></span> 
     </span>
     <span class='ocr_line' id='line_1_6' title="bbox 291 968 2157 1079; baseline 0 -24"><span class='ocrx_word' id='word_1_36' title='bbox 291 987 559 1071; x_wconf 88' lang='lat' dir='ltr'><strong>oratio,</strong></span> <span class='ocrx_word' id='word_1_37' title='bbox 600 997 672 1054; x_wconf 93' lang='lat' dir='ltr'><strong>et</strong></span> <span class='ocrx_word' id='word_1_38' title='bbox 695 968 1028 1052; x_wconf 86' lang='lat' dir='ltr'><strong>voluntas</strong></span> <span class='ocrx_word' id='word_1_39' title='bbox 1048 1036 1067 1068; x_wconf 88' lang='lat'>‚</span> <span class='ocrx_word' id='word_1_40' title='bbox 1092 996 1166 1052; x_wconf 90' lang='lat' dir='ltr'><strong>et</strong></span> <span class='ocrx_word' id='word_1_41' title='bbox 1202 982 1591 1052; x_wconf 89' lang='lat' dir='ltr'><strong>auctoritas</strong></span> <span class='ocrx_word' id='word_1_42' title='bbox 1617 981 1989 1079; x_wconf 84' lang='lat' dir='ltr'><strong>repudiata</strong></span> <span class='ocrx_word' id='word_1_43' title='bbox 2028 999 2157 1055; x_wconf 89' lang='lat' dir='ltr'><strong>est.</strong></span> 
     </span>
    </p>

    <p class='ocr_par' dir='ltr' id='par_1_3' title="bbox 286 1089 2431 2956">
     <span class='ocr_line' id='line_1_7' title="bbox 386 1089 2423 1191; baseline -0 -25"><span class='ocrx_word' id='word_1_44' title='bbox 386 1100 572 1166; x_wconf 87' lang='lat' dir='ltr'><strong>LIX.</strong></span> <span class='ocrx_word' id='word_1_45' title='bbox 595 1093 998 1184; x_wconf 66' lang='lat' dir='ltr'><strong>Quaerimus</strong></span> <span class='ocrx_word' id='word_1_46' title='bbox 1032 1091 1246 1162; x_wconf 87' lang='lat' dir='ltr'><strong>etiam</strong></span> <span class='ocrx_word' id='word_1_47' title='bbox 1269 1145 1288 1177; x_wconf 88' lang='lat'>‚</span> <span class='ocrx_word' id='word_1_48' title='bbox 1325 1089 1501 1187; x_wconf 92' lang='lat' dir='ltr'><strong>quid</strong></span> <span class='ocrx_word' id='word_1_49' title='bbox 1544 1093 1678 1162; x_wconf 92' lang='lat' dir='ltr'><strong>iste</strong></span> <span class='ocrx_word' id='word_1_50' title='bbox 1706 1095 1784 1160; x_wconf 89' lang='lat' dir='ltr'><strong>in</strong></span> <span class='ocrx_word' id='word_1_51' title='bbox 1819 1092 2068 1163; x_wconf 83' lang='lat' dir='ltr'><strong>ultima</strong></span> <span class='ocrx_word' id='word_1_52' title='bbox 2094 1093 2423 1191; x_wconf 85' lang='lat' dir='ltr'><strong>Phrygia,</strong></span> 
     </span>
     <span class='ocr_line' id='line_1_8' title="bbox 292 1199 2430 1302; baseline 0.001 -27"><span class='ocrx_word' id='word_1_53' title='bbox 292 1204 470 1302; x_wconf 92' lang='lat' dir='ltr'><strong>quid</strong></span> <span class='ocrx_word' id='word_1_54' title='bbox 515 1206 591 1273; x_wconf 94' lang='lat' dir='ltr'><strong>in</strong></span> <span class='ocrx_word' id='word_1_55' title='bbox 634 1205 971 1274; x_wconf 83' lang='lat' dir='ltr'><strong>extremis</strong></span> <span class='ocrx_word' id='word_1_56' title='bbox 1005 1200 1441 1299; x_wconf 83' lang='lat' dir='ltr'><strong>Pamphyliae</strong></span> <span class='ocrx_word' id='word_1_57' title='bbox 1484 1199 1811 1297; x_wconf 89' lang='lat' dir='ltr'><strong>partibus</strong></span> <span class='ocrx_word' id='word_1_58' title='bbox 1847 1200 2142 1274; x_wconf 79' lang='lat' dir='ltr'><strong>fecerit?</strong></span> <span class='ocrx_word' id='word_1_59' title='bbox 2200 1207 2430 1302; x_wconf 88' lang='lat' dir='ltr'><strong>qualis</strong></span> 
     </span>
     <span class='ocr_line' id='line_1_9' title="bbox 294 1308 2431 1415; baseline 0.002 -30"><span class='ocrx_word' id='word_1_60' title='bbox 294 1320 367 1384; x_wconf 90' lang='lat' dir='ltr'><strong>in</strong></span> <span class='ocrx_word' id='word_1_61' title='bbox 397 1313 594 1385; x_wconf 90' lang='lat' dir='ltr'><strong>bello</strong></span> <span class='ocrx_word' id='word_1_62' title='bbox 633 1311 1054 1410; x_wconf 83' lang='lat' dir='ltr'><strong>praedonum</strong></span> <span class='ocrx_word' id='word_1_63' title='bbox 1084 1311 1329 1410; x_wconf 83' lang='lat' dir='ltr'><strong>praedo</strong></span> <span class='ocrx_word' id='word_1_64' title='bbox 1365 1314 1517 1407; x_wconf 91' lang='lat' dir='ltr'><strong>ipse</strong></span> <span class='ocrx_word' id='word_1_65' title='bbox 1559 1308 1822 1381; x_wconf 78' lang='lat' dir='ltr'><strong>fuerit?</strong></span> <span class='ocrx_word' id='word_1_66' title='bbox 1855 1317 1979 1408; x_wconf 91' lang='lat' dir='ltr'><strong>qui</strong></span> <span class='ocrx_word' id='word_1_67' title='bbox 2009 1316 2084 1384; x_wconf 89' lang='lat' dir='ltr'><strong>in</strong></span> <span class='ocrx_word' id='word_1_68' title='bbox 2112 1313 2272 1386; x_wconf 86' lang='lat' dir='ltr'><strong>foro</strong></span> <span class='ocrx_word' id='word_1_69' title='bbox 2304 1342 2431 1415; x_wconf 94' lang='lat' dir='ltr'><strong>po-</strong></span> 
     </span>
     <span class='ocr_line' id='line_1_10' title="bbox 293 1420 2428 1523; baseline 0.001 -27"><span class='ocrx_word' id='word_1_70' title='bbox 293 1426 446 1523; x_wconf 90' lang='lat' dir='ltr'><strong>puli</strong></span> <span class='ocrx_word' id='word_1_71' title='bbox 492 1425 775 1495; x_wconf 90' lang='lat' dir='ltr'><strong>romani</strong></span> <span class='ocrx_word' id='word_1_72' title='bbox 831 1425 1058 1521; x_wconf 83' lang='lat' dir='ltr'><strong>pirata</strong></span> <span class='ocrx_word' id='word_1_73' title='bbox 1112 1420 1424 1493; x_wconf 86' lang='lat' dir='ltr'><strong>nefarius</strong></span> <span class='ocrx_word' id='word_1_74' title='bbox 1474 1424 1894 1520; x_wconf 90' lang='lat' dir='ltr'><strong>reperiatur.</strong></span> <span class='ocrx_word' id='word_1_75' title='bbox 1952 1425 2387 1499; x_wconf 90' lang='lat' dir='ltr'><strong>Dubitamus</strong></span> <span class='ocrx_word' id='word_1_76' title='bbox 2408 1484 2428 1518; x_wconf 87' lang='lat'><strong>,</strong></span> 
     </span>
     <span class='ocr_line' id='line_1_11' title="bbox 294 1528 2427 1631; baseline 0.004 -28"><span class='ocrx_word' id='word_1_77' title='bbox 294 1533 472 1631; x_wconf 92' lang='lat' dir='ltr'><strong>quid</strong></span> <span class='ocrx_word' id='word_1_78' title='bbox 503 1537 635 1604; x_wconf 91' lang='lat' dir='ltr'><strong>iste</strong></span> <span class='ocrx_word' id='word_1_79' title='bbox 665 1535 743 1603; x_wconf 92' lang='lat' dir='ltr'><strong>in</strong></span> <span class='ocrx_word' id='word_1_80' title='bbox 769 1532 1091 1604; x_wconf 90' lang='lat' dir='ltr'><strong>hostium</strong></span> <span class='ocrx_word' id='word_1_81' title='bbox 1125 1528 1365 1629; x_wconf 83' lang='lat' dir='ltr'><strong>praeda</strong></span> <span class='ocrx_word' id='word_1_82' title='bbox 1391 1531 1685 1602; x_wconf 91' lang='lat' dir='ltr'><strong>molitus</strong></span> <span class='ocrx_word' id='word_1_83' title='bbox 1723 1536 1851 1616; x_wconf 81' lang='lat' dir='ltr'><strong>sit,</strong></span> <span class='ocrx_word' id='word_1_84' title='bbox 1886 1537 2010 1630; x_wconf 93' lang='lat' dir='ltr'><strong>qui</strong></span> <span class='ocrx_word' id='word_1_85' title='bbox 2051 1537 2427 1611; x_wconf 86' lang='lat' dir='ltr'><strong>manubias</strong></span> 
     </span>
     <span class='ocr_line' id='line_1_12' title="bbox 294 1639 2426 1741; baseline 0.003 -28"><span class='ocrx_word' id='word_1_86' title='bbox 294 1643 435 1713; x_wconf 88' lang='lat' dir='ltr'><strong>sibi</strong></span> <span class='ocrx_word' id='word_1_87' title='bbox 477 1657 707 1714; x_wconf 89' lang='lat' dir='ltr'><strong>tantas</strong></span> <span class='ocrx_word' id='word_1_88' title='bbox 753 1667 840 1713; x_wconf 82' lang='lat' dir='ltr'><strong>ex</strong></span> <span class='ocrx_word' id='word_1_89' title='bbox 883 1647 958 1713; x_wconf 90' lang='lat' dir='ltr'><strong>L.</strong></span> <span class='ocrx_word' id='word_1_90' title='bbox 1004 1640 1277 1713; x_wconf 92' lang='lat' dir='ltr'><strong>Metelli</strong></span> <span class='ocrx_word' id='word_1_91' title='bbox 1322 1641 1678 1711; x_wconf 89' lang='lat' dir='ltr'><strong>manubiis</strong></span> <span class='ocrx_word' id='word_1_92' title='bbox 1705 1652 1724 1684; x_wconf 89' lang='lat'>¹</span> <span class='ocrx_word' id='word_1_93' title='bbox 1772 1639 2069 1714; x_wconf 78' lang='lat' dir='ltr'><strong>fecerit?</strong></span> <span class='ocrx_word' id='word_1_94' title='bbox 2103 1648 2229 1741; x_wconf 92' lang='lat' dir='ltr'><strong>qui</strong></span> <span class='ocrx_word' id='word_1_95' title='bbox 2270 1672 2426 1719; x_wconf 89' lang='lat' dir='ltr'><strong>ma-</strong></span> 
     </span>
     <span class='ocr_line' id='line_1_13' title="bbox 286 1750 2426 1852; baseline 0.003 -28"><span class='ocrx_word' id='word_1_96' title='bbox 286 1753 450 1848; x_wconf 90' lang='lat' dir='ltr'><strong>jore</strong></span> <span class='ocrx_word' id='word_1_97' title='bbox 478 1756 784 1851; x_wconf 89' lang='lat' dir='ltr'><strong>pecunia</strong></span> <span class='ocrx_word' id='word_1_98' title='bbox 815 1766 1130 1848; x_wconf 91' lang='lat' dir='ltr'><strong>quatuor</strong></span> <span class='ocrx_word' id='word_1_99' title='bbox 1159 1751 1532 1850; x_wconf 75' lang='lat' dir='ltr'><strong>cqlumnas</strong></span> <span class='ocrx_word' id='word_1_100' title='bbox 1560 1750 1990 1825; x_wconf 89' lang='lat' dir='ltr'><strong>dealbandas</strong></span> <span class='ocrx_word' id='word_1_101' title='bbox 2012 1809 2030 1841; x_wconf 91' lang='lat'>‚</span> <span class='ocrx_word' id='word_1_102' title='bbox 2055 1780 2275 1852; x_wconf 88' lang='lat' dir='ltr'><strong>quam</strong></span> <span class='ocrx_word' id='word_1_103' title='bbox 2307 1758 2426 1830; x_wconf 91' lang='lat' dir='ltr'><strong>ille</strong></span> 
     </span>
     <span class='ocr_line' id='line_1_14' title="bbox 295 1859 2425 1961; baseline 0.002 -28"><span class='ocrx_word' id='word_1_104' title='bbox 295 1887 547 1934; x_wconf 93' lang='lat' dir='ltr'><strong>omnes</strong></span> <span class='ocrx_word' id='word_1_105' title='bbox 576 1859 1021 1932; x_wconf 66' lang='lat' dir='ltr'><strong>aedificandas</strong></span> <span class='ocrx_word' id='word_1_106' title='bbox 1059 1861 1440 1932; x_wconf 82' lang='lat' dir='ltr'><strong>locaverit?</strong></span> <span class='ocrx_word' id='word_1_107' title='bbox 1478 1864 2062 1958; x_wconf 81' lang='lat' dir='ltr'><strong>Exspectamus²‚</strong></span> <span class='ocrx_word' id='word_1_108' title='bbox 2100 1865 2275 1961; x_wconf 93' lang='lat' dir='ltr'><strong>quid</strong></span> <span class='ocrx_word' id='word_1_109' title='bbox 2315 1867 2425 1939; x_wconf 87' lang='lat' dir='ltr'><strong>di·</strong></span> 
     </span>
     <span class='ocr_line' id='line_1_15' title="bbox 294 1973 2427 2072; baseline 0.002 -27"><span class='ocrx_word' id='word_1_110' title='bbox 294 1989 459 2045; x_wconf 89' lang='lat' dir='ltr'><strong>cant</strong></span> <span class='ocrx_word' id='word_1_111' title='bbox 500 1999 590 2044; x_wconf 86' lang='lat' dir='ltr'><strong>ex</strong></span> <span class='ocrx_word' id='word_1_112' title='bbox 638 1973 872 2043; x_wconf 90' lang='lat' dir='ltr'><strong>Sicilia</strong></span> <span class='ocrx_word' id='word_1_113' title='bbox 908 1985 1126 2043; x_wconf 87' lang='lat' dir='ltr'><strong>testes</strong></span> <span class='ocrx_word' id='word_1_114' title='bbox 1166 1999 1180 2041; x_wconf 91' lang='lat'>:</span> <span class='ocrx_word' id='word_1_115' title='bbox 1242 1974 1407 2069; x_wconf 91' lang='lat' dir='ltr'><strong>quis</strong></span> <span class='ocrx_word' id='word_1_116' title='bbox 1451 1996 1803 2067; x_wconf 91' lang='lat' dir='ltr'><strong>umquam</strong></span> <span class='ocrx_word' id='word_1_117' title='bbox 1851 1974 2202 2072; x_wconf 89' lang='lat' dir='ltr'><strong>templum</strong></span> <span class='ocrx_word' id='word_1_118' title='bbox 2245 1978 2427 2050; x_wconf 90' lang='lat' dir='ltr'><strong>illud</strong></span> 
     </span>
     <span class='ocr_line' id='line_1_16' title="bbox 292 2083 2423 2182; baseline 0.002 -27"><span class='ocrx_word' id='word_1_119' title='bbox 292 2083 657 2182; x_wconf 86' lang='lat' dir='ltr'><strong>adspexit,</strong></span> <span class='ocrx_word' id='word_1_120' title='bbox 690 2086 871 2180; x_wconf 91' lang='lat' dir='ltr'><strong>quin</strong></span> <span class='ocrx_word' id='word_1_121' title='bbox 908 2084 1212 2153; x_wconf 83' lang='lat' dir='ltr'><strong>avaritiae</strong></span> <span class='ocrx_word' id='word_1_122' title='bbox 1249 2097 1422 2170; x_wconf 64' lang='lat' dir='ltr'><strong>tuae,</strong></span> <span class='ocrx_word' id='word_1_123' title='bbox 1461 2084 1640 2178; x_wconf 91' lang='lat' dir='ltr'><strong>quin</strong></span> <span class='ocrx_word' id='word_1_124' title='bbox 1669 2083 1972 2177; x_wconf 80' lang='lat' dir='ltr'><strong>injuriae,</strong></span> <span class='ocrx_word' id='word_1_125' title='bbox 1991 2087 2172 2182; x_wconf 91' lang='lat' dir='ltr'><strong>quin</strong></span> <span class='ocrx_word' id='word_1_126' title='bbox 2202 2088 2423 2160; x_wconf 86' lang='lat' dir='ltr'><strong>auda-</strong></span> 
     </span>
     <span class='ocr_line' id='line_1_17' title="bbox 293 2192 2424 2290; baseline 0.002 -24"><span class='ocrx_word' id='word_1_127' title='bbox 293 2196 417 2266; x_wconf 82' lang='lat' dir='ltr'><strong>ciae</strong></span> <span class='ocrx_word' id='word_1_128' title='bbox 474 2198 672 2266; x_wconf 89' lang='lat' dir='ltr'><strong>testis</strong></span> <span class='ocrx_word' id='word_1_129' title='bbox 726 2194 958 2265; x_wconf 82' lang='lat' dir='ltr'><strong>esset?</strong></span> <span class='ocrx_word' id='word_1_130' title='bbox 1020 2197 1202 2284; x_wconf 88' lang='lat' dir='ltr'><strong>Quis</strong></span> <span class='ocrx_word' id='word_1_131' title='bbox 1238 2218 1280 2263; x_wconf 90' lang='lat' dir='ltr'><strong>a</strong></span> <span class='ocrx_word' id='word_1_132' title='bbox 1316 2194 1521 2290; x_wconf 87' lang='lat' dir='ltr'><strong>signo</strong></span> <span class='ocrx_word' id='word_1_133' title='bbox 1559 2192 1988 2264; x_wconf 82' lang='lat' dir='ltr'><strong>Vertumni³</strong></span> <span class='ocrx_word' id='word_1_134' title='bbox 2032 2199 2108 2266; x_wconf 90' lang='lat' dir='ltr'><strong>in</strong></span> <span class='ocrx_word' id='word_1_135' title='bbox 2154 2199 2424 2270; x_wconf 86' lang='lat' dir='ltr'><strong>circum</strong></span> 
     </span>
     <span class='ocr_line' id='line_1_18' title="bbox 292 2304 2424 2402; baseline 0.002 -26"><span class='ocrx_word' id='word_1_136' title='bbox 292 2307 684 2376; x_wconf 87' lang='lat' dir='ltr'><strong>maximum</strong></span> <span class='ocrx_word' id='word_1_137' title='bbox 716 2305 914 2375; x_wconf 84' lang='lat' dir='ltr'><strong>venit</strong></span> <span class='ocrx_word' id='word_1_138' title='bbox 938 2354 958 2393; x_wconf 87' lang='lat'>‚</span> <span class='ocrx_word' id='word_1_139' title='bbox 996 2306 1180 2402; x_wconf 86' lang='lat' dir='ltr'><strong>quin</strong></span> <span class='ocrx_word' id='word_1_140' title='bbox 1211 2304 1269 2374; x_wconf 93' lang='lat' dir='ltr'><strong>is</strong></span> <span class='ocrx_word' id='word_1_141' title='bbox 1297 2304 1373 2373; x_wconf 89' lang='lat' dir='ltr'><strong>in</strong></span> <span class='ocrx_word' id='word_1_142' title='bbox 1407 2328 1857 2401; x_wconf 91' lang='lat' dir='ltr'><strong>unoquoque</strong></span> <span class='ocrx_word' id='word_1_143' title='bbox 1891 2305 2117 2402; x_wconf 87' lang='lat' dir='ltr'><strong>gradu</strong></span> <span class='ocrx_word' id='word_1_144' title='bbox 2145 2307 2236 2379; x_wconf 90' lang='lat' dir='ltr'><strong>de</strong></span> <span class='ocrx_word' id='word_1_145' title='bbox 2264 2306 2424 2380; x_wconf 85' lang='lat' dir='ltr'><strong>ava-</strong></span> 
     </span>
     <span class='ocr_line' id='line_1_19' title="bbox 290 2415 2421 2511; baseline 0.003 -25"><span class='ocrx_word' id='word_1_146' title='bbox 290 2421 452 2488; x_wconf 88' lang='lat' dir='ltr'><strong>ritia</strong></span> <span class='ocrx_word' id='word_1_147' title='bbox 487 2432 612 2488; x_wconf 89' lang='lat' dir='ltr'><strong>tua</strong></span> <span class='ocrx_word' id='word_1_148' title='bbox 639 2418 1264 2487; x_wconf 80' lang='lat' dir='ltr'><strong>commoneretur?</strong></span> <span class='ocrx_word' id='word_1_149' title='bbox 1286 2440 1504 2511; x_wconf 86' lang='lat' dir='ltr'><strong>quam</strong></span> <span class='ocrx_word' id='word_1_150' title='bbox 1538 2429 1614 2484; x_wconf 91' lang='lat' dir='ltr'><strong>tu</strong></span> <span class='ocrx_word' id='word_1_151' title='bbox 1644 2416 1831 2484; x_wconf 89' lang='lat' dir='ltr'><strong>viam</strong></span> <span class='ocrx_word' id='word_1_152' title='bbox 1853 2415 2421 2492; x_wconf 73' lang='lat' dir='ltr'><strong>thensar11m⁴at·</strong></span> 
     </span>
     <span class='ocr_line' id='line_1_20' title="bbox 291 2522 2421 2628; baseline 0.002 -31"><span class='ocrx_word' id='word_1_153' title='bbox 291 2551 436 2623; x_wconf 93' lang='lat' dir='ltr'><strong>que</strong></span> <span class='ocrx_word' id='word_1_154' title='bbox 477 2550 764 2628; x_wconf 84' lang='lat' dir='ltr'><strong>pompae</strong></span> <span class='ocrx_word' id='word_1_155' title='bbox 801 2522 1187 2620; x_wconf 89' lang='lat' dir='ltr'><strong>ejusmodi⁵</strong></span> <span class='ocrx_word' id='word_1_156' title='bbox 1219 2526 1537 2622; x_wconf 86' lang='lat' dir='ltr'><strong>exegisti,</strong></span> <span class='ocrx_word' id='word_1_157' title='bbox 1559 2538 1642 2594; x_wconf 89' lang='lat' dir='ltr'><strong>ut</strong></span> <span class='ocrx_word' id='word_1_158' title='bbox 1678 2538 1759 2594; x_wconf 89' lang='lat' dir='ltr'><strong>tu</strong></span> <span class='ocrx_word' id='word_1_159' title='bbox 1790 2525 1943 2621; x_wconf 91' lang='lat' dir='ltr'><strong>ipse</strong></span> <span class='ocrx_word' id='word_1_160' title='bbox 1968 2525 2085 2596; x_wconf 89' lang='lat' dir='ltr'><strong>illa</strong></span> <span class='ocrx_word' id='word_1_161' title='bbox 2122 2529 2226 2598; x_wconf 89' lang='lat' dir='ltr'><strong>ire</strong></span> <span class='ocrx_word' id='word_1_162' title='bbox 2267 2555 2421 2601; x_wconf 90' lang='lat' dir='ltr'><strong>non</strong></span> 
     </span>
     <span class='ocr_line' id='line_1_21' title="bbox 293 2633 2423 2731; baseline 0.003 -27"><span class='ocrx_word' id='word_1_163' title='bbox 293 2634 579 2705; x_wconf 89' lang='lat' dir='ltr'><strong>audeas.</strong></span> <span class='ocrx_word' id='word_1_164' title='bbox 614 2639 713 2704; x_wconf 91' lang='lat' dir='ltr'><strong>Te</strong></span> <span class='ocrx_word' id='word_1_165' title='bbox 751 2648 957 2731; x_wconf 88' lang='lat' dir='ltr'><strong>putet</strong></span> <span class='ocrx_word' id='word_1_166' title='bbox 983 2636 1403 2731; x_wconf 84' lang='lat' dir='ltr'><strong>quisquam,</strong></span> <span class='ocrx_word' id='word_1_167' title='bbox 1439 2659 1670 2730; x_wconf 90' lang='lat' dir='ltr'><strong>quum</strong></span> <span class='ocrx_word' id='word_1_168' title='bbox 1702 2633 1794 2704; x_wconf 90' lang='lat' dir='ltr'><strong>ab</strong></span> <span class='ocrx_word' id='word_1_169' title='bbox 1829 2635 2026 2706; x_wconf 88' lang='lat' dir='ltr'><strong>Italia</strong></span> <span class='ocrx_word' id='word_1_170' title='bbox 2062 2635 2250 2708; x_wconf 86' lang='lat' dir='ltr'><strong>freto</strong></span> <span class='ocrx_word' id='word_1_171' title='bbox 2283 2638 2423 2710; x_wconf 90' lang='lat' dir='ltr'><strong>dis-</strong></span> 
     </span>
     <span class='ocr_line' id='line_1_22' title="bbox 286 2744 2424 2842; baseline 0.002 -27"><span class='ocrx_word' id='word_1_172' title='bbox 286 2745 582 2838; x_wconf 89' lang='lat' dir='ltr'><strong>junctus</strong></span> <span class='ocrx_word' id='word_1_173' title='bbox 625 2767 814 2815; x_wconf 91' lang='lat' dir='ltr'><strong>esses</strong></span> <span class='ocrx_word' id='word_1_174' title='bbox 841 2797 860 2829; x_wconf 88' lang='lat'>‚</span> <span class='ocrx_word' id='word_1_175' title='bbox 897 2746 1107 2816; x_wconf 91' lang='lat' dir='ltr'><strong>sociis</strong></span> <span class='ocrx_word' id='word_1_176' title='bbox 1140 2744 1627 2842; x_wconf 82' lang='lat' dir='ltr'><strong>temperasse?</strong></span> <span class='ocrx_word' id='word_1_177' title='bbox 1649 2746 1776 2840; x_wconf 83' lang='lat' dir='ltr'><strong>qui</strong></span> <span class='ocrx_word' id='word_1_178' title='bbox 1806 2744 2032 2814; x_wconf 85' lang='lat' dir='ltr'><strong>aedem</strong></span> <span class='ocrx_word' id='word_1_179' title='bbox 2071 2749 2424 2832; x_wconf 76' lang='lat' dir='ltr'><strong>Castoris,</strong></span> 
     </span>
     <span class='ocr_line' id='line_1_23' title="bbox 294 2851 2424 2956; baseline 0.004 -33"><span class='ocrx_word' id='word_1_180' title='bbox 294 2869 546 2925; x_wconf 90' lang='lat' dir='ltr'><strong>testem</strong></span> <span class='ocrx_word' id='word_1_181' title='bbox 584 2851 946 2924; x_wconf 90' lang='lat' dir='ltr'><strong>furtorum</strong></span> <span class='ocrx_word' id='word_1_182' title='bbox 976 2867 1272 2925; x_wconf 89' lang='lat' dir='ltr'><strong>tuorum</strong></span> <span class='ocrx_word' id='word_1_183' title='bbox 1307 2877 1461 2926; x_wconf 90' lang='lat' dir='ltr'><strong>esse</strong></span> <span class='ocrx_word' id='word_1_184' title='bbox 1482 2852 1829 2942; x_wconf 80' lang='lat' dir='ltr'><strong>volueris3</strong></span> <span class='ocrx_word' id='word_1_185' title='bbox 1860 2878 2078 2950; x_wconf 89' lang='lat' dir='ltr'><strong>quam</strong></span> <span class='ocrx_word' id='word_1_186' title='bbox 2106 2860 2424 2956; x_wconf 89' lang='lat' dir='ltr'><strong>populus</strong></span> 
     </span>
    </p>
   </div>
   <div class='ocr_carea' id='block_1_3' title="bbox 291 3036 1312 3182">
    <p class='ocr_par' dir='ltr' id='par_1_4' title="bbox 291 3036 1312 3182">
     <span class='ocr_line' id='line_1_24' title="bbox 359 3036 1311 3088; baseline 0 -3"><span class='ocrx_word' id='word_1_187' title='bbox 359 3039 494 3088; x_wconf 78' lang='lat' dir='ltr'><strong>ux.</strong></span> <span class='ocrx_word' id='word_1_188' title='bbox 526 3055 573 3088; x_wconf 81' lang='lat' dir='ltr'><strong>t.</strong></span> <span class='ocrx_word' id='word_1_189' title='bbox 611 3040 697 3085; x_wconf 72' lang='lat' dir='ltr'><strong>Ex</strong></span> <span class='ocrx_word' id='word_1_190' title='bbox 723 3041 779 3086; x_wconf 78' lang='lat' dir='ltr'><strong>L.</strong></span> <span class='ocrx_word' id='word_1_191' title='bbox 804 3040 926 3086; x_wconf 71' lang='lat' dir='ltr'><strong>Met.</strong></span> <span class='ocrx_word' id='word_1_192' title='bbox 950 3036 1209 3086; x_wconf 77' lang='lat' dir='ltr'><strong>manubiis.</strong></span> <span class='ocrx_word' id='word_1_193' title='bbox 1235 3039 1311 3085; x_wconf 85' lang='lat' dir='ltr'><strong>Ex</strong></span> 
     </span>
     <span class='ocr_line' id='line_1_25' title="bbox 291 3117 1312 3182; baseline -0.002 -16"><span class='ocrx_word' id='word_1_194' title='bbox 291 3118 506 3166; x_wconf 72' lang='lat' dir='ltr'><strong>Castoris</strong></span> <span class='ocrx_word' id='word_1_195' title='bbox 532 3117 658 3175; x_wconf 70' lang='lat' dir='ltr'><strong>tede,</strong></span> <span class='ocrx_word' id='word_1_196' title='bbox 694 3135 842 3182; x_wconf 76' lang='lat' dir='ltr'><strong>quam</strong></span> <span class='ocrx_word' id='word_1_197' title='bbox 874 3117 935 3165; x_wconf 85' lang='lat' dir='ltr'><strong>de</strong></span> <span class='ocrx_word' id='word_1_198' title='bbox 960 3117 1173 3164; x_wconf 87' lang='lat' dir='ltr'><strong>hostium</strong></span> <span class='ocrx_word' id='word_1_199' title='bbox 1209 3133 1312 3164; x_wconf 77' lang='lat' dir='ltr'><strong>ma-</strong></span> 
     </span>
    </p>
   </div>
   <div class='ocr_carea' id='block_1_4' title="bbox 1399 3034 2423 3180">
    <p class='ocr_par' dir='ltr' id='par_1_5' title="bbox 1399 3034 2423 3180">
     <span class='ocr_line' id='line_1_26' title="bbox 1474 3034 2423 3103; baseline 0.009 -20"><span class='ocrx_word' id='word_1_200' title='bbox 1474 3047 1522 3094; x_wconf 75' lang='grc'><strong>4.</strong></span> <span class='ocrx_word' id='word_1_201' title='bbox 1551 3034 1861 3086; x_wconf 64' lang='lat' dir='ltr'><strong>&#39;mensur-um.</strong></span> <span class='ocrx_word' id='word_1_202' title='bbox 1899 3039 2029 3086; x_wconf 76' lang='lat' dir='ltr'><strong>Sacri</strong></span> <span class='ocrx_word' id='word_1_203' title='bbox 2062 3051 2199 3089; x_wconf 80' lang='lat' dir='ltr'><strong>erant</strong></span> <span class='ocrx_word' id='word_1_204' title='bbox 2226 3059 2423 3103; x_wconf 85' lang='lat' dir='ltr'><strong>currus,</strong></span> 
     </span>
     <span class='ocr_line' id='line_1_27' title="bbox 1399 3116 2422 3180; baseline 0.009 -18"><span class='ocrx_word' id='word_1_205' title='bbox 1399 3117 1451 3163; x_wconf 82' lang='lat' dir='ltr'><strong>in</strong></span> <span class='ocrx_word' id='word_1_206' title='bbox 1473 3116 1653 3180; x_wconf 79' lang='lat' dir='ltr'><strong>quibus</strong></span> <span class='ocrx_word' id='word_1_207' title='bbox 1682 3116 1883 3164; x_wconf 89' lang='lat' dir='ltr'><strong>deorum</strong></span> <span class='ocrx_word' id='word_1_208' title='bbox 1910 3118 2146 3168; x_wconf 61' lang='lat' dir='ltr'><strong>collocas</strong></span> <span class='ocrx_word' id='word_1_209' title='bbox 2166 3121 2422 3172; x_wconf 70' lang='lat' dir='ltr'><strong>simulacre</strong></span> 
     </span>
    </p>
   </div>
   <div class='ocr_carea' id='block_1_5' title="bbox 286 3194 1315 4196">
    <p class='ocr_par' dir='ltr' id='par_1_6' title="bbox 289 3194 1134 3260">
     <span class='ocr_line' id='line_1_28' title="bbox 289 3194 1134 3260; baseline 0.001 -17"><span class='ocrx_word' id='word_1_210' title='bbox 289 3195 454 3244; x_wconf 85' lang='lat' dir='ltr'><strong>nubiis</strong></span> <span class='ocrx_word' id='word_1_211' title='bbox 478 3197 535 3245; x_wconf 90' lang='lat' dir='ltr'><strong>L.</strong></span> <span class='ocrx_word' id='word_1_212' title='bbox 555 3197 783 3245; x_wconf 81' lang='lat' dir='ltr'><strong>Metellus</strong></span> <span class='ocrx_word' id='word_1_213' title='bbox 803 3194 1134 3260; x_wconf 79' lang='lat' dir='ltr'><strong>amplificavit.</strong></span> 
     </span>
    </p>

    <p class='ocr_par' dir='ltr' id='par_1_7' title="bbox 287 3272 1311 3578">
     <span class='ocr_line' id='line_1_29' title="bbox 363 3272 1310 3341; baseline -0.003 -18"><span class='ocrx_word' id='word_1_214' title='bbox 363 3293 413 3324; x_wconf 64' lang='grc' dir='ltr'><strong>α.</strong></span> <span class='ocrx_word' id='word_1_215' title='bbox 448 3276 610 3340; x_wconf 81' lang='lat' dir='ltr'><strong>Vulgo</strong></span> <span class='ocrx_word' id='word_1_216' title='bbox 652 3288 990 3341; x_wconf 74' lang='lat' dir='ltr'><strong>exspectemus.</strong></span> <span class='ocrx_word' id='word_1_217' title='bbox 1030 3272 1181 3335; x_wconf 84' lang='lat' dir='ltr'><strong>Quod</strong></span> <span class='ocrx_word' id='word_1_218' title='bbox 1209 3274 1310 3333; x_wconf 73' lang='lat' dir='ltr'><strong>jam</strong></span> 
     </span>
     <span class='ocr_line' id='line_1_30' title="bbox 289 3353 1311 3405; baseline -0.004 -1"><span class='ocrx_word' id='word_1_219' title='bbox 289 3354 467 3405; x_wconf 76' lang='lat' dir='ltr'><strong>Schiitz</strong></span> <span class='ocrx_word' id='word_1_220' title='bbox 519 3367 651 3403; x_wconf 85' lang='lat' dir='ltr'><strong>recte</strong></span> <span class='ocrx_word' id='word_1_221' title='bbox 703 3364 971 3403; x_wconf 73' lang='lat' dir='ltr'><strong>mutaverat</strong></span> <span class='ocrx_word' id='word_1_222' title='bbox 1012 3370 1073 3401; x_wconf 80' lang='lat' dir='ltr'><strong>ex</strong></span> <span class='ocrx_word' id='word_1_223' title='bbox 1128 3353 1311 3401; x_wconf 81' lang='lat' dir='ltr'><strong>Herelii</strong></span> 
     </span>
     <span class='ocr_line' id='line_1_31' title="bbox 288 3432 1309 3496; baseline -0.002 -14"><span class='ocrx_word' id='word_1_224' title='bbox 288 3434 585 3496; x_wconf 76' lang='lat' dir='ltr'><strong>conjectura.</strong></span> <span class='ocrx_word' id='word_1_225' title='bbox 610 3437 830 3482; x_wconf 78' lang='lat' dir='ltr'><strong>Fecimus</strong></span> <span class='ocrx_word' id='word_1_226' title='bbox 850 3446 898 3482; x_wconf 89' lang='lat' dir='ltr'><strong>et</strong></span> <span class='ocrx_word' id='word_1_227' title='bbox 916 3450 1006 3482; x_wconf 85' lang='lat' dir='ltr'><strong>nos</strong></span> <span class='ocrx_word' id='word_1_228' title='bbox 1023 3467 1038 3491; x_wconf 83' lang='lat'>,</span> <span class='ocrx_word' id='word_1_229' title='bbox 1059 3432 1129 3479; x_wconf 88' lang='lat' dir='ltr'><strong>sic</strong></span> <span class='ocrx_word' id='word_1_230' title='bbox 1154 3432 1309 3480; x_wconf 83' lang='lat' dir='ltr'><strong>inter-</strong></span> 
     </span>
     <span class='ocr_line' id='line_1_32' title="bbox 287 3513 1237 3578; baseline -0.002 -17"><span class='ocrx_word' id='word_1_231' title='bbox 287 3513 583 3578; x_wconf 79' lang='lat' dir='ltr'><strong>pungendo,</strong></span> <span class='ocrx_word' id='word_1_232' title='bbox 601 3525 658 3562; x_wconf 90' lang='lat' dir='ltr'><strong>ut</strong></span> <span class='ocrx_word' id='word_1_233' title='bbox 680 3530 810 3561; x_wconf 88' lang='lat' dir='ltr'><strong>nunc</strong></span> <span class='ocrx_word' id='word_1_234' title='bbox 832 3513 985 3560; x_wconf 76' lang='lat' dir='ltr'><strong>vides.</strong></span> <span class='ocrx_word' id='word_1_235' title='bbox 1012 3515 1060 3561; x_wconf 85' lang='lat' dir='ltr'><strong>J.</strong></span> <span class='ocrx_word' id='word_1_236' title='bbox 1080 3513 1144 3560; x_wconf 81' lang='lat' dir='ltr'><strong>V.</strong></span> <span class='ocrx_word' id='word_1_237' title='bbox 1184 3514 1237 3559; x_wconf 84' lang='lat'><strong>1..</strong></span> 
     </span>
    </p>

    <p class='ocr_par' dir='ltr' id='par_1_8' title="bbox 286 3592 1315 4196">
     <span class='ocr_line' id='line_1_33' title="bbox 361 3592 1309 3652; baseline -0.005 -10"><span class='ocrx_word' id='word_1_238' title='bbox 361 3595 408 3642; x_wconf 82' lang='lat'><strong>3.</strong></span> <span class='ocrx_word' id='word_1_239' title='bbox 432 3593 698 3641; x_wconf 70' lang='lat' dir='ltr'><strong>Vertumni.</strong></span> <span class='ocrx_word' id='word_1_240' title='bbox 725 3593 1014 3640; x_wconf 74' lang='lat' dir='ltr'><strong>Mercaturae</strong></span> <span class='ocrx_word' id='word_1_241' title='bbox 1039 3593 1144 3652; x_wconf 88' lang='lat' dir='ltr'><strong>dei,</strong></span> <span class='ocrx_word' id='word_1_242' title='bbox 1170 3592 1309 3652; x_wconf 83' lang='lat' dir='ltr'><strong>cujus</strong></span> 
     </span>
     <span class='ocr_line' id='line_1_34' title="bbox 288 3672 1307 3736; baseline -0.002 -16"><span class='ocrx_word' id='word_1_243' title='bbox 288 3674 480 3736; x_wconf 81' lang='lat' dir='ltr'><strong>siguum</strong></span> <span class='ocrx_word' id='word_1_244' title='bbox 513 3674 566 3719; x_wconf 83' lang='lat' dir='ltr'><strong>iu</strong></span> <span class='ocrx_word' id='word_1_245' title='bbox 594 3673 706 3720; x_wconf 73' lang='lat' dir='ltr'><strong>vieo</strong></span> <span class='ocrx_word' id='word_1_246' title='bbox 728 3673 892 3720; x_wconf 88' lang='lat' dir='ltr'><strong>Tusco</strong></span> <span class='ocrx_word' id='word_1_247' title='bbox 929 3673 1075 3719; x_wconf 85' lang='lat' dir='ltr'><strong>fuisse</strong></span> <span class='ocrx_word' id='word_1_248' title='bbox 1110 3672 1307 3719; x_wconf 86' lang='lat' dir='ltr'><strong>dieitur.</strong></span> 
     </span>
     <span class='ocr_line' id='line_1_35' title="bbox 288 3753 1309 3816; baseline -0.003 -14"><span class='ocrx_word' id='word_1_249' title='bbox 288 3756 395 3802; x_wconf 73' lang='lat' dir='ltr'><strong>linc</strong></span> <span class='ocrx_word' id='word_1_250' title='bbox 436 3754 530 3801; x_wconf 82' lang='lat' dir='ltr'><strong>iter</strong></span> <span class='ocrx_word' id='word_1_251' title='bbox 579 3764 683 3801; x_wconf 79' lang='lat' dir='ltr'><strong>erat</strong></span> <span class='ocrx_word' id='word_1_252' title='bbox 725 3764 1001 3801; x_wconf 73' lang='lat' dir='ltr'><strong>senatorum</strong></span> <span class='ocrx_word' id='word_1_253' title='bbox 1018 3787 1033 3812; x_wconf 86' lang='lat'>,</span> <span class='ocrx_word' id='word_1_254' title='bbox 1060 3753 1145 3816; x_wconf 83' lang='lat' dir='ltr'><strong>qui</strong></span> <span class='ocrx_word' id='word_1_255' title='bbox 1195 3763 1309 3815; x_wconf 74' lang='lat' dir='ltr'><strong>toga</strong></span> 
     </span>
     <span class='ocr_line' id='line_1_36' title="bbox 286 3831 1311 3898; baseline -0.001 -20"><span class='ocrx_word' id='word_1_256' title='bbox 286 3832 495 3897; x_wconf 72' lang='lat' dir='ltr'><strong>palmata</strong></span> <span class='ocrx_word' id='word_1_257' title='bbox 522 3832 758 3896; x_wconf 84' lang='lat' dir='ltr'><strong>insigues,</strong></span> <span class='ocrx_word' id='word_1_258' title='bbox 779 3832 899 3898; x_wconf 71' lang='lat' dir='ltr'><strong>deos</strong></span> <span class='ocrx_word' id='word_1_259' title='bbox 913 3865 928 3890; x_wconf 86' lang='lat'>,</span> <span class='ocrx_word' id='word_1_260' title='bbox 945 3831 1148 3878; x_wconf 87' lang='lat' dir='ltr'><strong>honoris</strong></span> <span class='ocrx_word' id='word_1_261' title='bbox 1165 3841 1311 3894; x_wconf 80' lang='lat' dir='ltr'><strong>atque</strong></span> 
     </span>
     <span class='ocr_line' id='line_1_37' title="bbox 288 3909 1315 3976; baseline -0.002 -18"><span class='ocrx_word' id='word_1_262' title='bbox 288 3909 442 3958; x_wconf 77' lang='lat' dir='ltr'><strong>officii</strong></span> <span class='ocrx_word' id='word_1_263' title='bbox 464 3927 605 3958; x_wconf 76' lang='lat' dir='ltr'><strong>causa</strong></span> <span class='ocrx_word' id='word_1_264' title='bbox 621 3947 636 3971; x_wconf 90' lang='lat'>‚</span> <span class='ocrx_word' id='word_1_265' title='bbox 672 3910 1092 3976; x_wconf 72' lang='lat' dir='ltr'><strong>prosequebantur</strong></span> <span class='ocrx_word' id='word_1_266' title='bbox 1121 3927 1148 3958; x_wconf 87' lang='lat' dir='ltr'><strong>e</strong></span> <span class='ocrx_word' id='word_1_267' title='bbox 1175 3910 1315 3973; x_wconf 75' lang='lat' dir='ltr'><strong>Capi.</strong></span> 
     </span>
     <span class='ocr_line' id='line_1_38' title="bbox 289 3989 1308 4051; baseline -0.003 -13"><span class='ocrx_word' id='word_1_268' title='bbox 289 3990 414 4038; x_wconf 86' lang='lat' dir='ltr'><strong>tolio</strong></span> <span class='ocrx_word' id='word_1_269' title='bbox 465 3989 517 4037; x_wconf 88' lang='lat' dir='ltr'><strong>in</strong></span> <span class='ocrx_word' id='word_1_270' title='bbox 561 3991 745 4039; x_wconf 87' lang='lat' dir='ltr'><strong>circum</strong></span> <span class='ocrx_word' id='word_1_271' title='bbox 792 3990 1078 4046; x_wconf 78' lang='lat' dir='ltr'><strong>mximum3</strong></span> <span class='ocrx_word' id='word_1_272' title='bbox 1114 3989 1167 4036; x_wconf 88' lang='lat' dir='ltr'><strong>in</strong></span> <span class='ocrx_word' id='word_1_273' title='bbox 1208 4004 1308 4051; x_wconf 92' lang='lat' dir='ltr'><strong>quo</strong></span> 
     </span>
     <span class='ocr_line' id='line_1_39' title="bbox 288 4066 1307 4132; baseline -0.001 -16"><span class='ocrx_word' id='word_1_274' title='bbox 288 4068 390 4116; x_wconf 87' lang='lat' dir='ltr'><strong>ludi</strong></span> <span class='ocrx_word' id='word_1_275' title='bbox 416 4070 603 4132; x_wconf 72' lang='lat' dir='ltr'><strong>magni,</strong></span> <span class='ocrx_word' id='word_1_276' title='bbox 625 4085 711 4116; x_wconf 88' lang='lat' dir='ltr'><strong>seu</strong></span> <span class='ocrx_word' id='word_1_277' title='bbox 728 4066 966 4124; x_wconf 74' lang='lat' dir='ltr'><strong>Roma&#39;ni‚</strong></span> <span class='ocrx_word' id='word_1_278' title='bbox 999 4066 1307 4115; x_wconf 71' lang='lat' dir='ltr'><strong>celebraban-</strong></span> 
     </span>
     <span class='ocr_line' id='line_1_40' title="bbox 289 4146 1270 4196; baseline 0.002 -3"><span class='ocrx_word' id='word_1_279' title='bbox 289 4158 381 4195; x_wconf 80' lang='lat' dir='ltr'><strong>tur.</strong></span> <span class='ocrx_word' id='word_1_280' title='bbox 411 4147 538 4196; x_wconf 85' lang='lat' dir='ltr'><strong>Vide</strong></span> <span class='ocrx_word' id='word_1_281' title='bbox 560 4147 761 4195; x_wconf 76' lang='lat' dir='ltr'><strong>Tenuu.</strong></span> <span class='ocrx_word' id='word_1_282' title='bbox 783 4147 844 4195; x_wconf 87' lang='lat' dir='ltr'><strong>de</strong></span> <span class='ocrx_word' id='word_1_283' title='bbox 864 4147 979 4194; x_wconf 86' lang='lat' dir='ltr'><strong>Cor.</strong></span> <span class='ocrx_word' id='word_1_284' title='bbox 995 4146 1104 4195; x_wconf 87' lang='lat' dir='ltr'><strong>Mil.</strong></span> <span class='ocrx_word' id='word_1_285' title='bbox 1120 4163 1166 4194; x_wconf 89' lang='lat' dir='ltr'><strong>c.</strong></span> <span class='ocrx_word' id='word_1_286' title='bbox 1191 4147 1270 4195; x_wconf 79' lang='lat'><strong>13.</strong></span> 
     </span>
    </p>
   </div>
   <div class='ocr_carea' id='block_1_6' title="bbox 1394 3194 2423 4210">
    <p class='ocr_par' dir='ltr' id='par_1_9' title="bbox 1394 3194 2422 3719">
     <span class='ocr_line' id='line_1_41' title="bbox 1400 3194 2421 3262; baseline 0.007 -20"><span class='ocrx_word' id='word_1_287' title='bbox 1400 3194 1723 3259; x_wconf 74' lang='lat' dir='ltr'><strong>gestabantur.</strong></span> <span class='ocrx_word' id='word_1_288' title='bbox 1755 3198 1908 3262; x_wconf 67' lang='lat' dir='ltr'><strong>Usum</strong></span> <span class='ocrx_word' id='word_1_289' title='bbox 1935 3197 1999 3245; x_wconf 75' lang='lat' dir='ltr'><strong>ab</strong></span> <span class='ocrx_word' id='word_1_290' title='bbox 2027 3198 2121 3246; x_wconf 89' lang='lat' dir='ltr'><strong>diis</strong></span> <span class='ocrx_word' id='word_1_291' title='bbox 2146 3201 2209 3247; x_wconf 75' lang='lat' dir='ltr'><strong>nd</strong></span> <span class='ocrx_word' id='word_1_292' title='bbox 2235 3204 2266 3249; x_wconf 85' lang='lat' dir='ltr'>J</span> <span class='ocrx_word' id='word_1_293' title='bbox 2270 3201 2421 3249; x_wconf 86' lang='lat' dir='ltr'><strong>ulium</strong></span> 
     </span>
     <span class='ocr_line' id='line_1_42' title="bbox 1397 3276 2417 3340; baseline 0.005 -17"><span class='ocrx_word' id='word_1_294' title='bbox 1397 3277 1632 3324; x_wconf 81' lang='lat' dir='ltr'><strong>Caesarem</strong></span> <span class='ocrx_word' id='word_1_295' title='bbox 1660 3278 1819 3340; x_wconf 86' lang='lat' dir='ltr'><strong>primo</strong></span> <span class='ocrx_word' id='word_1_296' title='bbox 1838 3311 1852 3334; x_wconf 94' lang='lat'>,</span> <span class='ocrx_word' id='word_1_297' title='bbox 1880 3276 2054 3326; x_wconf 87' lang='lat' dir='ltr'><strong>deinde</strong></span> <span class='ocrx_word' id='word_1_298' title='bbox 2088 3279 2151 3326; x_wconf 74' lang='lat' dir='ltr'><strong>ad</strong></span> <span class='ocrx_word' id='word_1_299' title='bbox 2177 3279 2298 3327; x_wconf 74' lang='lat' dir='ltr'><strong>alios</strong></span> <span class='ocrx_word' id='word_1_300' title='bbox 2328 3281 2417 3328; x_wconf 87' lang='lat' dir='ltr'><strong>im-</strong></span> 
     </span>
     <span class='ocr_line' id='line_1_43' title="bbox 1398 3354 2422 3418; baseline 0.007 -17"><span class='ocrx_word' id='word_1_301' title='bbox 1398 3366 1646 3418; x_wconf 81' lang='lat' dir='ltr'><strong>peratores</strong></span> <span class='ocrx_word' id='word_1_302' title='bbox 1694 3354 1911 3403; x_wconf 75' lang='lat' dir='ltr'><strong>adulatio</strong></span> <span class='ocrx_word' id='word_1_303' title='bbox 1972 3358 2237 3407; x_wconf 76' lang='lat' dir='ltr'><strong>transtulit.</strong></span> <span class='ocrx_word' id='word_1_304' title='bbox 2293 3360 2422 3408; x_wconf 81' lang='lat' dir='ltr'><strong>Vide</strong></span> 
     </span>
     <span class='ocr_line' id='line_1_44' title="bbox 1399 3434 2420 3501; baseline 0.006 -21"><span class='ocrx_word' id='word_1_305' title='bbox 1399 3435 1601 3480; x_wconf 89' lang='lat' dir='ltr'><strong>Sueton.</strong></span> <span class='ocrx_word' id='word_1_306' title='bbox 1629 3434 1682 3481; x_wconf 87' lang='lat' dir='ltr'><strong>in</strong></span> <span class='ocrx_word' id='word_1_307' title='bbox 1706 3434 1807 3482; x_wconf 85' lang='lat' dir='ltr'><strong>Jul.</strong></span> <span class='ocrx_word' id='word_1_308' title='bbox 1842 3451 1946 3498; x_wconf 81' lang='lat' dir='ltr'><strong>cap.</strong></span> <span class='ocrx_word' id='word_1_309' title='bbox 1982 3436 2062 3496; x_wconf 83' lang='lat'><strong>76.</strong></span> <span class='ocrx_word' id='word_1_310' title='bbox 2099 3437 2294 3501; x_wconf 82' lang='lat' dir='ltr'><strong>Pompae</strong></span> <span class='ocrx_word' id='word_1_311' title='bbox 2326 3440 2420 3486; x_wconf 86' lang='lat' dir='ltr'><strong>cir-</strong></span> 
     </span>
     <span class='ocr_line' id='line_1_45' title="bbox 1399 3513 2421 3580; baseline 0.008 -21"><span class='ocrx_word' id='word_1_312' title='bbox 1399 3513 1556 3559; x_wconf 85' lang='lat' dir='ltr'><strong>censis</strong></span> <span class='ocrx_word' id='word_1_313' title='bbox 1585 3513 1962 3576; x_wconf 82' lang='lat' dir='ltr'><strong>descriptionem</strong></span> <span class='ocrx_word' id='word_1_314' title='bbox 1991 3530 2104 3563; x_wconf 77' lang='lat' dir='ltr'><strong>saue</strong></span> <span class='ocrx_word' id='word_1_315' title='bbox 2131 3515 2324 3580; x_wconf 69' lang='lat' dir='ltr'><strong>longam</strong></span> <span class='ocrx_word' id='word_1_316' title='bbox 2350 3520 2421 3567; x_wconf 84' lang='lat' dir='ltr'><strong>le-</strong></span> 
     </span>
     <span class='ocr_line' id='line_1_46' title="bbox 1398 3592 2420 3660; baseline 0.009 -22"><span class='ocrx_word' id='word_1_317' title='bbox 1398 3607 1480 3655; x_wconf 81' lang='lat' dir='ltr'><strong>ges</strong></span> <span class='ocrx_word' id='word_1_318' title='bbox 1513 3592 1646 3655; x_wconf 78' lang='lat' dir='ltr'><strong>apud</strong></span> <span class='ocrx_word' id='word_1_319' title='bbox 1674 3592 1882 3656; x_wconf 73' lang='lat' dir='ltr'><strong>Dionys.</strong></span> <span class='ocrx_word' id='word_1_320' title='bbox 1907 3593 2291 3660; x_wconf 70' lang='lat' dir='ltr'><strong>Ballou-mvn,</strong></span> <span class='ocrx_word' id='word_1_321' title='bbox 2324 3600 2420 3647; x_wconf 88' lang='lat' dir='ltr'><strong>sub</strong></span> 
     </span>
     <span class='ocr_line' id='line_1_47' title="bbox 1394 3669 1559 3719; baseline 0.006 -1"><span class='ocrx_word' id='word_1_322' title='bbox 1394 3669 1559 3719; x_wconf 84' lang='lat' dir='ltr'><strong>finem.</strong></span> 
     </span>
    </p>

    <p class='ocr_par' dir='ltr' id='par_1_10' title="bbox 1395 3749 2423 4210">
     <span class='ocr_line' id='line_1_48' title="bbox 1472 3749 2419 3818; baseline 0.01 -22"><span class='ocrx_word' id='word_1_323' title='bbox 1472 3750 1520 3798; x_wconf 82' lang='lat'><strong>5.</strong></span> <span class='ocrx_word' id='word_1_324' title='bbox 1546 3749 1813 3814; x_wconf 73' lang='lat' dir='ltr'><strong>Ejusmodi.</strong></span> <span class='ocrx_word' id='word_1_325' title='bbox 1838 3751 2195 3800; x_wconf 79' lang='lat' dir='ltr'><strong>Adverbialiter</strong></span> <span class='ocrx_word' id='word_1_326' title='bbox 2214 3771 2309 3818; x_wconf 84' lang='lat' dir='ltr'><strong>pro</strong></span> <span class='ocrx_word' id='word_1_327' title='bbox 2331 3756 2419 3806; x_wconf 77' lang='lat' dir='ltr'><strong>sic.</strong></span> 
     </span>
     <span class='ocr_line' id='line_1_49' title="bbox 1398 3830 2421 3895; baseline 0.01 -20"><span class='ocrx_word' id='word_1_328' title='bbox 1398 3857 1469 3866; x_wconf 95' lang='lat'>—</span> <span class='ocrx_word' id='word_1_329' title='bbox 1494 3830 1712 3895; x_wconf 69' lang='lat' dir='ltr'><strong>Exigere</strong></span> <span class='ocrx_word' id='word_1_330' title='bbox 1747 3830 1887 3878; x_wconf 79' lang='lat' dir='ltr'><strong>viam</strong></span> <span class='ocrx_word' id='word_1_331' title='bbox 1931 3831 2159 3895; x_wconf 71' lang='lat' dir='ltr'><strong>(subaud.</strong></span> <span class='ocrx_word' id='word_1_332' title='bbox 2198 3837 2421 3886; x_wconf 73' lang='lat' dir='ltr'><strong>munt’en-</strong></span> 
     </span>
     <span class='ocr_line' id='line_1_50' title="bbox 1401 3908 2423 3979; baseline 0.008 -23"><span class='ocrx_word' id='word_1_333' title='bbox 1401 3908 1539 3972; x_wconf 83' lang='lat' dir='ltr'><strong>dam)</strong></span> <span class='ocrx_word' id='word_1_334' title='bbox 1566 3910 1796 3958; x_wconf 83' lang='lat' dir='ltr'><strong>dicuntur</strong></span> <span class='ocrx_word' id='word_1_335' title='bbox 1827 3911 1888 3958; x_wconf 84' lang='lat' dir='ltr'><strong>iis</strong></span> <span class='ocrx_word' id='word_1_336' title='bbox 1913 3912 2090 3975; x_wconf 87' lang='lat' dir='ltr'><strong>quibus</strong></span> <span class='ocrx_word' id='word_1_337' title='bbox 2118 3930 2172 3961; x_wconf 72' lang='lat' dir='ltr'><strong>en</strong></span> <span class='ocrx_word' id='word_1_338' title='bbox 2198 3925 2270 3962; x_wconf 82' lang='lat' dir='ltr'><strong>est</strong></span> <span class='ocrx_word' id='word_1_339' title='bbox 2303 3932 2423 3979; x_wconf 85' lang='lat' dir='ltr'><strong>pro·</strong></span> 
     </span>
     <span class='ocr_line' id='line_1_51' title="bbox 1396 3988 2419 4057; baseline 0.008 -22"><span class='ocrx_word' id='word_1_340' title='bbox 1396 3988 1584 4036; x_wconf 75' lang='lat' dir='ltr'><strong>curatio</strong></span> <span class='ocrx_word' id='word_1_341' title='bbox 1627 4001 1684 4037; x_wconf 86' lang='lat' dir='ltr'><strong>ut</strong></span> <span class='ocrx_word' id='word_1_342' title='bbox 1737 3990 1837 4038; x_wconf 79' lang='lat' dir='ltr'><strong>vias</strong></span> <span class='ocrx_word' id='word_1_343' title='bbox 1881 3993 2072 4051; x_wconf 73' lang='lat' dir='ltr'><strong>ornari,</strong></span> <span class='ocrx_word' id='word_1_344' title='bbox 2117 4002 2165 4039; x_wconf 82' lang='lat' dir='ltr'><strong>et</strong></span> <span class='ocrx_word' id='word_1_345' title='bbox 2208 3994 2419 4057; x_wconf 76' lang='lat' dir='ltr'><strong>parietes</strong></span> 
     </span>
     <span class='ocr_line' id='line_1_52' title="bbox 1395 4069 2421 4133; baseline 0.005 -18"><span class='ocrx_word' id='word_1_346' title='bbox 1395 4069 1575 4116; x_wconf 75' lang='lat' dir='ltr'><strong>aedium</strong></span> <span class='ocrx_word' id='word_1_347' title='bbox 1619 4071 1795 4133; x_wconf 73' lang='lat' dir='ltr'><strong>pannis</strong></span> <span class='ocrx_word' id='word_1_348' title='bbox 1837 4071 2041 4118; x_wconf 84' lang='lat' dir='ltr'><strong>intensis</strong></span> <span class='ocrx_word' id='word_1_349' title='bbox 2084 4070 2299 4119; x_wconf 78' lang='lat' dir='ltr'><strong>obvelari</strong></span> <span class='ocrx_word' id='word_1_350' title='bbox 2341 4074 2421 4133; x_wconf 86' lang='lat' dir='ltr'><strong>ju·</strong></span> 
     </span>
     <span class='ocr_line' id='line_1_53' title="bbox 1396 4147 2349 4210; baseline 0.006 -17"><span class='ocrx_word' id='word_1_351' title='bbox 1396 4147 1558 4195; x_wconf 81' lang='lat' dir='ltr'><strong>beant.</strong></span> <span class='ocrx_word' id='word_1_352' title='bbox 1586 4147 1731 4197; x_wconf 84' lang='lat' dir='ltr'><strong>Conf.</strong></span> <span class='ocrx_word' id='word_1_353' title='bbox 1759 4149 1981 4198; x_wconf 69' lang='lat' dir='ltr'><strong>Meci-ob.</strong></span> <span class='ocrx_word' id='word_1_354' title='bbox 2008 4149 2198 4199; x_wconf 70' lang='lat' dir='ltr'><strong>saturn.</strong></span> <span class='ocrx_word' id='word_1_355' title='bbox 2224 4153 2273 4210; x_wconf 90' lang='lat'><strong>1,</strong></span> <span class='ocrx_word' id='word_1_356' title='bbox 2298 4153 2349 4199; x_wconf 89' lang='grc'><strong>6.</strong></span> 
     </span>
    </p>
   </div>
  </div>
 </body>
</html>
