3044 4788
652 406 766 501 *96
1318 403 1415 469 M.
1465 403 1544 470 T.
1598 403 2157 473 CICERONIS

668 545 946 599 tecum.
930 549 1170 622 agam,
1204 535 1287 591 ut
1313 523 1389 591 in
1424 546 1512 592 eo
1546 523 1709 593 loco
1736 522 1847 593 vel
1882 522 2409 620 respondendi,
2438 526 2550 595 vel
2581 529 2807 598 inter-

662 635 977 737 pellandi
1012 632 1142 704 tibi
1189 643 1669 730 potestatem¹
1711 630 2000 719 faciam,
2040 634 2154 703 vel
2203 636 2453 722 etiam,
2506 639 2564 705 si
2616 638 2806 734 quid

665 750 905 831 voles,
935 740 1448 838 interrogandi.

760 851 1157 946 Quomodo
1189 850 1555 921 occidit?
1535 876 1690 949 ipse
1722 857 2113 950 percussit,
2148 877 2241 923 an
2274 855 2431 925 aliis
2462 857 2804 929 occiden-

624 1008 627 1013 ·
661 960 838 1036 du'm
871 960 1119 1032 dedit?
1164 964 1232 1031 Si
1274 964 1515 1058 ipsum
1550 965 1824 1057 arguis,
1865 967 2110 1033 Romae
2150 988 2299 1034 non
2348 962 2486 1035 fuit
2520 992 2536 1033 ε
2571 970 2631 1037 5ἰ
2666 993 2802 1065 per

654 1075 877 1145 alios²
914 1070 1162 1142 fecisse
1191 1069 1395 1158 dicis,
1415 1096 1662 1168 quaero
1685 1125 1704 1158 ,
1737 1097 2075 1143 servosne
2095 1128 2114 1160 ‚
2139 1098 2232 1143 an
2262 1074 2572 1146 liberos?
2609 1103 2802 1174 quos

658 1181 1035 1254 homines?
1057 1179 1477 1252 indidemne
1498 1178 1527 1224 3
1559 1184 1880 1269 Ameria,
1905 1206 1998 1252 an
2030 1181 2249 1253 hosce
2278 1208 2366 1252 ex
2400 1183 2581 1255 urbe
2615 1190 2802 1257 sica-

657 1292 847 1364 rios?
873 1294 944 1361 Si
972 1292 1287 1377 Ameria3
1321 1292 1449 1386 qui
1483 1304 1657 1360 sunt
1687 1290 1809 1359 hi?
1836 1315 1968 1379 cur
2000 1316 2149 1361 non
2188 1296 2706 1365 nominantur?
2738 1299 2798 1366 si

656 1409 884 1473 Roma
908 1404 938 1454 ⁴
962 1428 981 1488 ;
1009 1400 1205 1471 unde
1235 1425 1358 1471 eos
1379 1414 1678 1470 noverat
1696 1404 1996 1471 Roscius
2014 1455 2033 1488 ‚
2057 1405 2184 1498 qui
2218 1407 2518 1474 Romam
2550 1404 2801 1478 m'ultis

653 1517 862 1585 annis
891 1538 1041 1584 non
1074 1513 1297 1597 venit,
1333 1535 1572 1607 neque
1599 1534 1946 1606 umquam
1979 1512 2144 1608 plus
2183 1511 2426 1583 triduo
2459 1512 2639 1584 fuit?
2669 1516 2799 1587 ubi

658 1649 782 1695 eos
803 1620 1174 1695 convenit?
1189 1624 1489 1718 quicum
1505 1619 1857 1716 loquutus
1874 1621 2392 1716 est?quomodo
2410 1628 2801 1720 persuasit?

659 1737 976 1806 Pretium
1012 1730 1255 1802 dedit?
1302 1733 1417 1800 cui
1454 1728 1697 1800 dedit?
1726 1754 1856 1828 per
1880 1754 2102 1826 quem
2127 1730 2370 1802 dedit?
2404 1733 2633 1821 unde,
2667 1745 2833 1806 aut'

659 1857 1017 1939 quantum
1058 1838 1305 1910 dedit?
1344 1844 1608 1911 Nonne
1649 1838 1761 1909 his
1794 1836 2154 1935 vestigiis⁵
2184 1839 2276 1911 ad
2311 1858 2529 1940 caput
2572 1845 2797 1915 male-

658 1951 806 2023 ficii
847 1952 1206 2048 perveniri
1252 1948 1471 2019 solet?
1526 1954 1615 2019 Et
1655 1949 1870 2018 simul
1905 1947 2089 2018 tibi
2071 1975 2146 2019 1n
2196 1965 2516 2048 mentem
2553 1956 2802 2025 veniat

660 2060 902 2146 sacit0,
924 2057 1544 2155 quemadmodum
1563 2061 1780 2127 vitam
1802 2057 2104 2152 hujusce
2127 2057 2572 2155 depinxeris:
2594 2061 2800 2134 hunc

655 2176 1031 2243 hominem
1051 2170 1284 2243 ferum
1303 2188 1522 2270 atque
1547 2187 1897 2269 agrestem
1921 2169 2172 2242 fuisse·
2157 2198 2602 2305 ,numquam
2623 2201 2797 2247 cum

657 2288 955 2358 homine
982 2309 1355 2384 quoquam
1381 2288 1886 2383 colloquutum
1913 2310 2102 2372 esse3
2129 2311 2529 2384 numquam
2556 2292 2632 2359 in
2667 2315 2801 2389 op-

659 2399 835 2499 pido
868 2401 1297 2470 constitisse.

753 2512 968 2600 Qua
949 2534 1027 2578 1n
1056 2534 1132 2579 re
1164 2523 1510 2607 praetereo
1542 2507 1760 2595 illud,
1788 2507 1988 2605 quod
2020 2508 2196 2579 mihi
2233 2514 2548 2581 maximo
2581 2536 2798 2611 argu-

657 2635 906 2693 mento
937 2618 1031 2689 ad
1063 2618 1281 2714 hujus
1315 2621 1806 2688 innocentiam
1842 2633 2125 2716 poterat
2164 2645 2349 2707 esse,
2394 2625 2468 2690 in
2503 2626 2796 2694 rusticis

614 2819 617 2822 ,
660 2728 1009 2815 moribus,
1032 2730 1107 2797 in
1132 2730 1328 2797 victu
1352 2727 1580 2815 arido,
1600 2732 1673 2797 in
1701 2727 1835 2798 hac
1861 2727 2154 2798 horrida
2177 2731 2595 2827 incultaque
2623 2737 2793 2820 vita,

658 2836 1064 2908 istiusmodi
1101 2835 1448 2907 maleficia
1481 2839 1678 2934 gig'ni
1714 2862 1864 2908 non
1899 2839 2148 2909 solere.
2180 2827 2278 2910 Ut
2304 2865 2453 2910 non
2492 2866 2792 2914 omnem

655 2947 973 3043 frugem,
1006 2971 1246 3042 neque
1277 2946 1612 3018 arborem
1647 2951 1721 3017 in
1756 2951 1956 3018 omni
1986 2972 2159 3045 agro
2186 2954 2501 3048 reperire
2533 2957 2793 3050 possiS,

654 3061 757 3128 sic
793 3080 943 3126 non
980 3079 1197 3125 omne
1230 3054 1509 3130 facinus
1549 3060 1626 3126 in
1660 3059 1860 3126 omni
1902 3060 2048 3126 vita
2093 3062 2431 3129 nascitur.
2482 3064 2568 3129 In
2605 3061 2790 3133 urbe

650 3168 970 3238 luxuries
990 3180 1305 3236 creatur:
1329 3191 1419 3237 ex
1433 3167 1714 3238 luxuria
1733 3169 2024 3237 exsistat
2036 3171 2328 3239 avaritia
2348 3195 2642 3242 necesse
2657 3188 2789 3260 est;

652 3338 849 3388 nbilins
875 3352 1023 3402 qnam
1055 3336 1106 3383 in
1126 3336 1288 3384 medio
1314 3336 1435 3384 mari
1453 3352 1556 3384 non
1574 3353 1675 3385 mn·
1762 3336 1927 3385 eadem
1949 3337 2067 3385 urbe
2082 3338 2297 3388 Ameria.
2322 3339 2472 3389 sic'r.
2493 3341 2600 3387 Liv.
2630 3341 2790 3390 «indi-

654 3415 857 3465 defieri?
1763 3415 1875 3463 dem
1919 3432 1982 3463 ex
2017 3415 2247 3464 Achaia·-
2258 3416 2357 3475 ‚id
2385 3430 2489 3480 est,
2521 3436 2583 3467 ex
2619 3420 2787 3469 eadem

720 3495 935 3543 XXVII.
959 3508 1003 3541 1.
1022 3495 1337 3541 Poteseatem.
1357 3495 1518 3556 Quam
1537 3505 1677 3560 pote-
1762 3495 1965 3542 Achaia.
2012 3494 2128 3542 Vid.
2173 3496 2425 3547 Drakenb.
2468 3498 2532 3545 ιὰ
2567 3501 2633 3547 Τ.
2671 3501 2784 3549 Liv.

647 3583 819 3621 statem
855 3587 957 3618 non
1000 3570 1210 3618 habebnt
1254 3583 1532 3630 accusator,
1576 3574 1672 3622 nisi
1760 3575 1933 3632 XXV,
1959 3573 2050 3630 153
2077 3574 2333 3635 XXXIX,
2369 3576 2417 3623 8.
2444 3578 2554 3624 Hoc
2580 3577 2786 3626 verbnm

648 3653 719 3700 rei
737 3661 945 3714 petrono
968 3651 1297 3712 permittente.
1758 3652 1993 3699 Ernestns
2019 3652 2198 3700 omisit.

719 3745 771 3777 α.
806 3727 859 3774 Si
894 3742 989 3791 per
1026 3727 1167 3778 alios.
1212 3731 1569 3791 Argumentum
1606 3748 1669 3779 ex
1829 3737 1881 3785 4.
1917 3730 1996 3778 Sic
2038 3742 2169 3779 recte
2203 3730 2319 3781 edd.
2355 3731 2565 3782 Codices
2598 3735 2777 3797 multi,

647 3808 857 3875 partium
880 3806 1257 3854 enumeratione.
1281 3810 1463 3856 Omnes
1478 3819 1640 3857 nutem
1656 3843 1671 3868 ,
1755 3807 1939 3855 Romae.
1976 3811 2252 3874 Pet-peram.
2286 3813 2320 3858 J
2325 3845 2336 3858 .
2356 3813 2417 3860 V.
2449 3814 2502 3859 L.

646 3901 857 3951 quornm
874 3899 1020 3946 opere
1038 3884 1245 3931 Roscius
1262 3885 1471 3933 interfici
1487 3888 1669 3949 potnit,
1827 3887 1877 3935 5.
1900 3885 1986 3935 His
2010 3889 2251 3953 vestigiis.
2266 3889 2571 3938 Translatum
2591 3908 2621 3939 ι
2645 3909 2792 3940 vena-

600 3997 614 4008 .
645 3968 716 4015 sic
755 3972 970 4010 removet
1002 3977 1029 4007 ι
1066 3976 1179 4021 reo,
1206 3972 1261 4009 nt
1288 3965 1447 4010 omnis
1461 3964 1669 4013 iceleris
1757 3966 1974 4030 toribus,
2023 3969 2108 4032 qui
2141 3970 2350 4017 serarum
2384 3973 2589 4036 vestigia
2626 3991 2788 4038 perse·

643 4043 858 4108 suspicio
880 4043 932 4087 in
956 4040 1163 4087 Roscios
1192 4040 1292 4088 dno
1316 4041 1575 4090 derivetur.
1757 4056 1959 4107 quentes
2008 4047 2201 4098 tandem
2243 4049 2308 4096 nd
2352 4065 2517 4099 earum
2574 4052 2785 4102 latebras

718 4126 767 4171 3.
806 4117 1050 4169 Indidem.
1092 4119 1167 4166 Ex
1192 4117 1279 4166 illo
1306 4119 1415 4185 ipso
1440 4118 1580 4182 loco,
1602 4139 1660 4172 ex
1747 4123 2054 4185 perveniunt.
