3044 4788
736 469 1135 538 ORATIO
1183 471 1384 562 RRO
1434 468 1525 555 Q.
1569 469 1983 568 Rosc1o.
2283 466 2405 538 151

307 604 444 658 tam
480 609 632 657 non
681 612 837 659 esse
875 587 1153 660 codices
1191 594 1439 660 Fannii
1490 587 1963 677 confirmant3
2010 587 2419 686 stipulatam

301 723 448 768 non
507 721 663 769 esse
722 702 1166 769 taciturnitas
1221 702 1513 770 testium
1578 697 1933 769 concedit.
1995 697 2193 788 Quid
2250 723 2422 795 ergo

298 808 449 878 est?
487 807 694 906 quod
728 823 802 879 et
833 833 996 879 reus
1026 811 1087 878 is
1121 807 1301 896 est3,
1335 813 1451 880 cui
1483 823 1558 880 et
1591 809 1897 906 pecunia
1930 809 2320 895 levissima,
2353 821 2426 878 et

293 921 733 989 existimatio
769 921 1217 990 sanctissima
1264 916 1403 989 fuit
1435 942 1758 1015 semper;
1791 932 1863 989 et
1904 917 2129 1014 judex
2178 933 2287 988 est
2331 923 2424 1003 is,

291 1052 518 1124 quem
545 1053 682 1098 nos
713 1052 862 1099 nou
896 1032 1136 1098 minus
1168 1028 1358 1099 bene
1391 1028 1481 1100 de
1509 1028 1724 1099 nobis
1750 1031 2179 1117 existimare,
2206 1051 2427 1124 quam

293 1138 705 1208 secundum
751 1164 884 1209 nos
916 1138 1242 1234 judicare
1282 1140 1620 1225 velimu83
1674 1136 2048 1209 advocatio
2073 1142 2103 1189 ¹⁴
2146 1163 2230 1209 ea
2277 1153 2426 1224 est,

297 1272 557 1344 quam,
616 1264 918 1347 propter
996 1252 1338 1320 eximium
1407 1248 1869 1347 splendorem
1893 1302 1913 1337 ‚
1966 1264 2049 1319 ut
2106 1248 2427 1345 judicem

299 1355 570 1430 unum5
599 1362 826 1429 vereri
858 1357 1289 1430 debeamus:
1319 1354 1622 1456 perinde
1650 1382 1734 1430 ac
1760 1362 1918 1428 siin
1947 1358 2131 1428 hanc
2154 1356 2428 1428 formu·

295 1468 443 1538 lam
471 1471 716 1539 omnia
733 1468 1005 1564 judicia
1022 1470 1368 1565 legitima,
1386 1472 1632 1539 omnia
1656 1467 1951 1539 arbitria
1979 1466 2431 1553 honoraria⁶‚

302 1581 556 1647 omnia
569 1577 802 1648 officia
820 1577 1207 1650 domestica
1224 1591 1249 1635 ⁷
1271 1580 1612 1649 conclusa
1629 1594 1702 1649 et
1725 1577 2246 1675 comprehensa
2263 1581 2432 1661 sint,

308 1685 611 1783 perinde
637 1686 977 1756 dicemus.
1021 1687 1152 1757 Illa
1183 1691 1515 1784 superior
1556 1686 1697 1758 fuit
1735 1691 1965 1757 oratio
1999 1689 2435 1771 necessaria,

310 1796 461 1896 haec
499 1799 633 1876 erit
663 1796 1110 1866 voluntaria:
1140 1796 1261 1867 illa
1293 1795 1386 1866 ad
1417 1796 1743 1893 judicem
1763 1851 1782 1882 ,
1821 1796 1974 1868 haec
2008 1795 2098 1866 ad
2127 1801 2205 1868 G.
2231 1799 2430 1867 Piso-

300 1901 523 1974 nem⁸
555 1931 572 1971 :
605 1904 726 1974 illa
760 1928 894 2000 pro
940 1930 1100 1992 reo,
1150 1904 1303 1975 haec
1342 1929 1477 2003 pro
1516 1909 1821 1978 Roscios>
1853 1932 1870 1975 ε
1915 1906 2036 1977 illa
2077 1908 2433 1990 victoriae,

301 2014 454 2084 haec
487 2012 702 2084 bonae
739 2017 1281 2085 existimationis
1315 2039 1529 2086 causa
1550 2069 1569 2104 ‚
1602 2031 2028 2114 comparata.

399 2130 514 2195 VI.
544 2127 935 2196 Pecuniam
962 2128 1171 2223 petiS‚
1200 2129 1447 2214 Fanni,
1468 2149 1510 2196 a
1533 2129 1792 2197 Roscio
1819 2154 1835 2196 z
1868 2125 2130 2223 quam?
2153 2123 2271 2195 dic
2300 2147 2429 2193 au-

300 2236 551 2307 dacter
575 2251 648 2307 et
666 2251 934 2333 aperte.
955 2241 1218 2309 Utrum
1233 2262 1393 2333 quae
1418 2236 1549 2308 tibi
1576 2263 1662 2308 ex
1684 2239 2023 2308 societate
2043 2232 2436 2306 debeatur?

300 2445 494 2494 Cicero.
518 2443 601 2491 Sic
634 2426 782 2506 supra
818 2441 1191 2491 «adnumerasse
1222 2458 1325 2491 sese
1413 2454 1572 2492 tamen
1594 2442 1742 2502 velle,
1763 2459 1827 2491 ne
1850 2458 1913 2490 ex
1949 2442 2030 2490 illa
2060 2442 2431 2506 disceptatione,

303 2533 450 2586 negat
464 2544 489 2561 a·
507 2556 524 2580 ‚
549 2522 666 2585 qnia
688 2522 868 2569 nullam
894 2522 1219 2586 syngrapham
1242 2533 1327 2570 aut
1412 2523 1568 2570 nubes
1586 2523 1746 2588 aliqua
1767 2521 2111 2570 existimationi
2143 2538 2241 2570 ωε
2272 2522 2435 2593 offun-

303 2600 684 2663 ehimgraphum
710 2600 873 2660 affert,
900 2617 1001 2664 quo
1024 2617 1074 2648 se
1096 2616 1328 2649 summam
1414 2602 1624 2657 deretur,

305 2679 643 2727 adnumerasse
686 2680 918 2742 probaret
957 2680 1222 2741 judicibus.
1265 2684 1325 2730 Iu
1488 2683 1540 2732 5.
1568 2678 2080 2743 Garatomlegendum
2105 2688 2302 2735 censet,
2339 2690 2433 2729 -nt

305 2761 621 2822 stipulatione
641 2770 785 2807 testes
811 2776 1005 2827 quoque
1032 2760 1325 2810 adhibeban-

307 2851 409 2902 tur,
431 2851 486 2888 ut
502 2839 611 2888 h.1.
628 2840 840 2888 ostendit
860 2841 1045 2890 Cicero.
1146 2846 1155 2857 '

382 2920 431 2969 ³.
468 2921 546 2971 Sic
576 2920 758 2983 primus
784 2919 939 2967 edidit
968 2921 1022 2966 P.
1053 2919 1324 2978 Manutius,

306 3013 426 3045 anu.
451 3001 598 3053 1540.
624 3000 878 3046 Ante¹erat
895 3032 911 3058 ‚
950 3020 973 3043 ιι
994 2998 1131 3062 quod
1171 3009 1218 3047 et
1250 3015 1326 3046 res

310 3078 418 3137 ejus
442 3089 577 3125 est».
604 3079 655 3126 J.
679 3080 746 3125 V.
787 3079 841 3123 1..

390 3163 438 3210 4.
474 3155 759 3202 Advocatio.
804 3154 1070 3201 Consessus
1105 3155 1328 3202 virorum

314 3232 511 3281 illorum
537 3234 622 3298 qui
658 3234 844 3282 Roscio
880 3232 1054 3280 adsunt
1090 3233 1328 3283 advocatu.

316 3314 553 3360 Fet-ratius
592 3322 730 3376 putat
772 3313 823 3361 h.
866 3311 901 3359 l.
939 3309 1203 3376 significari
1245 3328 1329 3362 eos

318 3407 440 3456 qnos
464 3391 555 3438 sibi
577 3394 656 3439 M.
677 3391 788 3438 Piso
811 3391 864 3437 in
892 3391 1151 3439 consilinm
1181 3391 1332 3439 advo·

319 3480 540 3532 «τινα-ιη
570 3486 721 3534 quum
753 3470 972 3534 alioquin
1009 3486 1112 3517 non
1146 3470 1332 3518 dubita-

320 3561 391 3597 ret
411 3552 617 3598 Roscius
650 3551 772 3614 quin
791 3550 852 3597 de
873 3567 925 3597 se
944 3550 1068 3598 bene
1099 3553 1331 3599 sentirent

319 3629 390 3675 illi
419 3630 505 3693 qui
538 3631 792 3693 prasentia
823 3646 908 3677 sna
944 3646 1029 3678 reo
1079 3631 1330 3695 suffragari

317 3709 598 3756 voluissent.
616 3711 799 3757 Verum
827 3710 868 3756 si
893 3725 969 3756 res
995 3710 1061 3757 ita
1087 3721 1224 3767 esset,
1244 3726 1331 3757 cur

318 3787 490 3835 Cicero
517 3803 568 3834 se
594 3787 705 3835 illos
726 3789 863 3852 quasi
892 3789 1095 3836 alterum
1117 3789 1331 3851 judicem

320 3867 472 3912 vereri
508 3865 717 3925 diceret,
746 3883 898 3930 quum
925 3883 1087 3915 revera
1109 3868 1332 3929 iudicum

317 3945 430 3993 loco
455 3947 589 3995 sint?
603 3949 710 3994 Imo
739 3947 1002 3995 servandus
1026 3947 1337 3995 advocationi

319 4027 454 4088 prior
480 4042 677 4084 seusus,
702 4026 1086 4090 dicendumque,
1117 4028 1338 4089 quamvis

319 4106 527 4152 Roscius
551 4106 735 4169 optime
761 4104 1115 4154 advocatorum
1140 4120 1338 4152 suorum

321 4183 699 4233 benivolentiam
724 4200 833 4249 erga
860 4202 910 4233 se
941 4194 1186 4243 nosceret,
1212 4184 1340 4233 illud

1405 2762 1623 2824 judicem
1654 2762 1812 2825 ipsum
1831 2783 1874 2807 n.
1912 2760 2204 2820 Conjecerat
2236 2759 2433 2808 Ernest.

1412 2852 1505 2889 -ut
1530 2840 1745 2902 judicem
1776 2842 1975 2887 unicum
1994 2859 2035 2884 ι.
2061 2839 2183 2887 LV.
2201 2840 2253 2886 L.

1484 2924 1536 2971 6.
1564 2920 1859 2969 Honoraria.
1883 2922 2007 2983 Qun
2033 2916 2213 2965 honori
2241 2926 2354 2964 sunt
2375 2916 2435 2964 iis

1412 3003 1475 3051 ad
1516 3016 1641 3065 quos
1682 2999 1981 3047 deferuntur.
2024 2997 2146 3045 Inde
2190 2996 2362 3045 arbitri
2403 3012 2433 3044 a

1393 3091 1622 3159 ‘pretore
1647 3078 1747 3126 dati
1771 3076 2028 3125 honorarii
2048 3075 2369 3140 appellantur.

1488 3177 1537 3220 7.
1562 3157 1853 3205 Domestica.
1876 3158 1998 3219 Quae
2026 3154 2252 3202 homines
2276 3153 2435 3218 priva·

1417 3238 1505 3286 tim
1532 3237 1626 3285 sibi
1661 3236 1722 3284 de
1750 3232 2182 3298 disceptationibus
2210 3242 2438 3295 praestare

1417 3317 1613 3366 debent.
1656 3315 1994 3378 Disceptatore
2030 3310 2300 3360 domestico
2339 3311 2440 3374 ple-

1416 3412 1622 3459 rumque
1671 3393 2015 3443 controversiae
2056 3388 2314 3452 dijudicari
2362 3406 2444 3437 so-

1415 3476 1536 3523 lent.
1566 3477 1629 3522 Et
1656 3474 1828 3523 Cicero
1854 3473 1930 3520 his
1964 3469 2122 3519 tribus
2162 3467 2327 3517 verbis
2372 3469 2440 3517 di-

1416 3570 1554 3603 versa
1570 3553 1865 3614 judiciorum
1885 3565 2057 3614 genera
2077 3546 2439 3612 complectitur.

1491 3634 1540 3681 8.
1565 3632 1621 3681 C.
1643 3630 1882 3681 Pisonem.
1909 3631 2033 3692 Quae
2052 3643 2198 3691 supra
2225 3627 2439 3677 diximus

1417 3721 1631 3761 nostram
1670 3725 1861 3777 cansam
1892 3708 2140 3756 meliorem
2179 3722 2285 3754 esse
2309 3708 2444 3771 apud

1418 3803 1467 3840 te
1489 3790 1841 3855 probaveruut3
1862 3804 1995 3835 nuuc
2021 3788 2089 3835 ita
2109 3787 2366 3850 loquemur
2385 3797 2445 3835 ut

1419 3881 1553 3918 tuam
1572 3885 1674 3937 nou
1693 3868 1898 3928 judicis,
1923 3866 2011 3915 sed
2034 3867 2238 3930 privati,
2276 3867 2447 3914 existi-

1421 3950 1682 3997 mationem
1699 3964 1802 3995 uon
1823 3947 2169 3995 demereamnr.

1496 4045 1547 4091 9.
1574 4032 1672 4077 Pro
1696 4027 1890 4075 Roscio.
1918 4026 1998 4074 Ad
2035 4023 2452 4083 confirmandam,

1427 4122 1572 4171 quam
1593 4107 1815 4155 homiues
1834 4105 2014 4154 habent
2044 4105 2107 4153 de
2133 4103 2300 4151 Roscii
2321 4103 2448 4148 inte-

1430 4187 1620 4250 gritate,
1643 4185 1948 4248 opinionem.
