3044 4788
643 460 784 532 536
1429 458 1969 530 EXCURSUS

637 584 807 647 Nam
837 580 994 645 utin
1019 581 1213 645 rebus
1235 579 1612 668 capitalibus
1645 574 2145 666 cognoscendis,
2174 574 2357 638 sicin
2387 573 2797 636 militaribus

638 687 978 752 consilium
1004 685 1369 750 adhibebat.
1407 686 1560 749 Erat
1589 701 1806 749 autem
1836 682 2180 746 consilium
2215 679 2568 743 castrensis
2601 679 2795 765 quasi

639 794 905 881 quidam
938 809 1224 874 senatus,
1257 814 1334 854 ex
1364 791 1773 855 senatoribus
1795 837 1816 870 ,
1842 790 1894 852 si
1926 788 2040 875 qui
2064 788 2231 850 forte
2265 786 2334 848 in
2373 785 2606 849 castris
2632 783 2795 847 ade·

637 916 820 980 rant,
857 916 921 963 et
967 898 1103 961 aliis
1138 896 1515 960 hominibus
1566 896 1816 960 idoneis
1862 894 2278 959 constitutus.
2333 890 2603 955 Sallust.
2633 891 2788 979 Jug.

644 1028 782 1094 cap.
818 1005 926 1069 62.
1345 1072 1346 1077 ,

685 1145 698 1153 -
727 1109 1142 1194 Quamquam
1198 1106 1476 1171 diximus
1538 1129 1869 1171 summum
1918 1107 2025 1188 jus
2089 1126 2288 1193 penes
2350 1104 2788 1192 imperator&

638 1214 854 1278 omnia
869 1235 990 1299 pro
1017 1234 1138 1276 suo
1161 1213 1424 1277 arbitrio
1448 1211 1793 1302 peragendi
1810 1211 2038 1292 fuisse,
2060 1206 2397 1273 fatendum
2432 1225 2537 1271 est
2561 1224 2785 1271 tamen

638 1315 969 1380 nonnullis
1007 1316 1074 1379 in
1108 1318 1299 1381 rebus
1337 1340 1563 1381 eorum
1599 1316 1852 1404 imperii
1880 1316 2025 1378 vim«
2046 1315 2295 1402 legibus
2328 1335 2783 1400 compressam

635 1422 855 1503 fuisse,
892 1422 978 1485 ita
1009 1438 1086 1486 ut
1125 1445 1339 1509 neque
1370 1421 1722 1485 exercitum
1771 1436 1998 1484 contra
2034 1440 2488 1506 quoscumque
2544 1417 2783 1480 vellent

640 1526 860 1590 hostes
906 1525 1213 1607 educere,
1262 1549 1474 1613 neque
1527 1523 1701 1612 apud
1743 1546 2193 1611 quoscumque
2232 1523 2444 1586 socios
2495 1521 2785 1602 vellent,

641 1632 984 1697 hibernare
1016 1633 1113 1696 eis
1144 1633 1381 1697 liceret.
1416 1630 1624 1697 Aede
1659 1630 1952 1694 hostibus
1986 1628 2251 1716 quidem
2288 1644 2471 1692 extra
2508 1629 2790 1715 provin-

641 1740 803 1802 ciam
839 1762 973 1803 non
1006 1735 1467 1826 persequendis
1495 1734 1706 1816 vide0‚
1728 1758 1932 1823 quum
1966 1735 2104 1800 aliis
2136 1734 2385 1825 legibus
2403 1783 2423 1813 ,
2451 1751 2605 1797 tum
2624 1734 2788 1797 Cor·

647 1846 813 1908 nelia
846 1845 1185 1924 majestatis
1207 1892 1225 1925 ,
1264 1860 1328 1907 et
1358 1842 1526 1906 Iulia
1557 1841 2062 1930 repetundarum
2098 1857 2427 1929 postremo
2462 1863 2611 1904 esse
2643 1862 2791 1903 san-

649 1952 873 2014 citum.
987 1934 998 1939 ’

736 2056 905 2118 Hinc
931 2071 1029 2117 est
1058 2053 1237 2140 quod
1269 2054 1496 2118 Cicero
1531 2054 1858 2117 invehitur
1887 2054 1955 2116 in
1979 2053 2360 2133 Gabinium,
2390 2034 2581 2138 quod
2608 2074 2787 2115 exer·

648 2160 849 2223 citum
883 2156 1191 2221 eduxerat
1222 2180 1258 2218 e
1293 2158 1508 2243 Syria,
1547 2180 1661 2222 sua
1694 2159 2023 2246 provincia
2064 2158 2155 2244 (in
2188 2158 2313 2222 Pis.
2348 2179 2487 2245 cap.
2524 2156 2658 2242 17).
2692 2157 2789 2219 De

652 2263 842 2327 sociis
887 2277 1102 2325 autem
1124 2309 1141 2341 ,
1187 2261 1436 2349 legibus
1470 2279 1607 2326 erat
1637 2278 1938 2344 cautum,
1970 2262 2145 2350 apud
2186 2284 2385 2349 quos,
2438 2262 2684 2325 milites
2720 2263 2785 2324 in

650 2368 874 2433 stativa
912 2366 1182 2450 deduci,
1218 2391 1292 2432 ac
1326 2390 1460 2433 non
1507 2367 1777 2452 deduci,
1817 2368 2053 2433 liceret.
2091 2369 2243 2433 Haec
2284 2383 2507 2432 autem
2556 2368 2788 2431 stativa

649 2474 783 2539 duo
830 2476 1129 2557 fuerunt,
1169 2476 1384 2538 aestiva
1428 2491 1493 2538 et
1526 2474 1816 2539 hiberna.
1854 2473 2045 2539 Addo
2088 2475 2279 2538 etiam
2321 2474 2783 2561 imperatorem

648 2605 784 2646 non
817 2581 1105 2669 potuisse
1138 2580 1490 2644 exercitum
1514 2602 1633 2668 pro
1660 2581 1927 2644 arbitrio
1950 2579 2296 2644 dimittere.
2325 2579 2533 2643 Testis
2558 2579 2789 2643 Cicero

650 2688 718 2751 in
745 2687 967 2751 Pison.
994 2710 1130 2774 cap.
1161 2687 1260 2750 16.

741 2794 883 2856 Hoc
916 2793 1065 2855 satis
1103 2792 1186 2854 sit
1212 2790 1458 2856 dictum
1493 2790 1575 2856 de
1608 2791 1909 2880 praeside,
1940 2809 2005 2858 et
2036 2791 2118 2857 de
2160 2808 2300 2857 toto
2336 2791 2471 2871 ejus
2512 2814 2788 2855 munere

653 2897 1029 2985 provinciali
1063 2895 1326 2961 tuendo.
1362 2899 1502 2960 Jam
1536 2897 1620 2961 ad
1655 2897 1886 2961 decora
1913 2899 2263 2987 pergimus,

736 3000 956 3063 Genus
990 3022 1219 3063 eorum
1251 3001 1376 3064 fuit
1411 3000 1684 3091 duplex,
1718 3023 1837 3089 pro
1871 3000 2114 3090 duplici
2138 3002 2387 3065 ratione
2422 3024 2651 3064 earum
2686 3023 2787 3064 re·

651 3129 800 3170 rum
823 3154 839 3181 ‚
875 3105 961 3170 ob
999 3127 1159 3193 quas
1196 3107 1557 3172 veniebant.
1597 3106 1905 3172 Praesides
1938 3109 2052 3196 qui
2092 3107 2252 3170 nulli
2290 3108 2384 3171 rei
2418 3107 2557 3185 alii,
2590 3129 2786 3193 quam

651 3211 1011 3277 commodis
1044 3227 1109 3275 et
1158 3213 1552 3276 ornamentis
1600 3214 1924 3276 sociorum
1976 3214 2043 3276 in
2088 3212 2462 3301 provinciali
2514 3234 2791 3275 munere

649 3318 957 3386 obeundo
1005 3317 1423 3399 studuerant,
1473 3319 1755 3383 honores
1796 3341 2086 3383 summos
2135 3318 2216 3383 ab
2268 3320 2404 3406 ipsa
2455 3318 2786 3406 provincia

654 3425 1049 3508 referebant,
1087 3442 1357 3506 statuas,
1385 3424 1533 3488 fana
1553 3473 1570 3505 ,
1605 3423 1739 3488 dies
1774 3425 2002 3508 festos3
2042 3440 2115 3487 ut
2140 3425 2375 3513 passim
2412 3424 2479 3487 in
2498 3423 2788 3486 Verrinis

656 3530 782 3594 fuit
798 3530 1031 3596 videre.
1056 3531 1188 3613 Qui
1206 3548 1421 3594 autem
1441 3530 1788 3617 imperium
1805 3546 1977 3595 recte
1999 3553 2072 3595 ac
2098 3530 2370 3595 feliciter
2386 3528 2792 3623 administra-1

654 3652 852 3715 verat,
885 3635 1067 3716 huic,
1102 3636 1284 3722 quod
1311 3635 1664 3700 maximum
1694 3635 1889 3700 decus
1917 3636 2075 3717 fuit,
2106 3635 2357 3700 absenti
2393 3657 2633 3699 nomen
2667 3637 2787 3699 im·

657 3740 967 3830 peratoris
990 3756 1055 3803 et
1083 3739 1499 3828 supplicatim
1536 3743 1831 3827 praesenti
1866 3742 2271 3830 triumphus,
2303 3743 2525 3806 Romae
2565 3739 2787 3804 decer·

660 3845 953 3911 uebatur.
1018 3832 1423 3908 Vocabulum
1480 3845 1829 3934 imperator
1888 3847 2133 3936 duplici
2198 3846 2397 3911 modo
2452 3862 2785 3935 acceptum

658 3951 819 4034 fuit3
866 3968 932 4016 et
985 3974 1108 4040 pro
1167 3950 1460 4038 quolibet
1508 3953 1823 4018 exercitus
1879 3954 2079 4034 duce,
2124 3954 2237 4042 qui
2296 3953 2429 4017 suis
2488 3945 2783 4039 auspiciis

661 4083 799 4124 rem
839 4076 1124 4147 gereret3
1167 4075 1231 4122 et
1273 4080 1392 4145 pro
1425 4081 1537 4140 eo,
1574 4059 1685 4146 qui
1734 4059 2037 4125 hostibus
2071 4083 2306 4149 magno
2339 4058 2558 4148 proelio
2592 4058 2782 4135 fusis,

661 4163 1076 4246 eo·nomine,
1112 4163 1386 4228 militum
1419 4163 1874 4229 acclamatione
1908 4181 2076 4229 esset
2120 4180 2407 4230 ornatus.
2457 4162 2630 4248 Ergo
2672 4163 2789 4224 im·
