3044 4788
633 442 775 522 404
1288 434 1385 507 M.
1438 441 1514 506 T.
1572 440 2129 510 CICERONIS

632 560 870 633 fuisse.
919 563 1174 632 Minari
1220 560 1508 646 Siculis,
1565 563 1623 632 si
1669 560 2082 633 decressent
2125 562 2513 659 legationes
2540 618 2562 651 ‚
2613 590 2783 661 qua*

630 686 884 742 contra
916 676 1135 741 istum
1161 669 1527 754 dicerent;
1558 671 1853 757 minari,
1893 676 1951 741 si
1987 674 2116 768 qui
2156 688 2394 743 essent
2422 672 2781 770 profecti3

628 782 820 867 aliis,
865 784 921 851 si
972 779 1381 866 laudarent,
1433 778 1951 877 benignissime
1996 782 2460 877 promittere3
2505 788 2783 879 gravis-

627 895 848 963 simos
891 893 1326 989 privatarum
1370 914 1616 960 rerum
1647 904 1900 973 testeS‚
1938 890 2205 988 quibus
2233 916 2371 962 nos
2409 897 2785 989 praesenti-

625 1002 764 1073 bus
799 1000 1379 1071 denuntiavimus
1401 997 1487 1085 ¹⁵,
1520 1024 1646 1071 eos
1689 1002 1759 1069 vi
1805 998 2295 1096 custodiisque
2333 1004 2676 1073 retinere.

722 1118 807 1183 V.
848 1112 1026 1201 Quae
1054 1134 1286 1205 quum
1317 1114 1559 1180 omnia
1586 1107 1774 1181 facta
1811 1115 1992 1196 sint,
2021 1125 2262 1183 tamen
2290 1137 2515 1182 unam
2540 1114 2777 1185 solam

624 1224 880 1293 scitote
903 1244 1057 1291 esse
1077 1221 1440 1291 civitatem
1469 1222 1973 1291 Mamertinam
1996 1232 2048 1304 ¹,
2069 1246 2230 1319 quae
2257 1221 2552 1320 publice
2589 1224 2784 1321 lega·

625 1348 740 1403 tos
758 1387 777 1413 ‚
805 1333 936 1428 qui
955 1332 1173 1401 istum
1195 1329 1603 1415 laudarent,
1624 1333 1921 1401 miserit.
1942 1332 2115 1427 Ejus
2134 1346 2374 1403 autem
2395 1332 2783 1430 legationis

627 1444 1071 1541 principem,
1107 1443 1408 1538 civitatis
1430 1451 1459 1482 ²
1498 1438 2073 1528 nobilissimum,
2111 1445 2190 1513 C.
2220 1444 2518 1525 Heium,
2567 1444 2776 1539 jura-

584 1616 592 1629 ,
623 1568 782 1623 tum
827 1552 1067 1622 dicere
1102 1551 1437 1634 audistiS‚
1485 1552 1599 1620 isti
1636 1575 1898 1626 navem.
1938 1558 2343 1624 onerariam
2382 1558 2779 1625 maximam

626 1669 970 1735 Messanae
1033 1686 1229 1747 esse,
1303 1659 1594 1758 publice
1655 1664 1924 1732 coactis
1981 1664 2255 1759 operis»,
2317 1661 2774 1735 aedificatam.

622 1772 974 1869 Idemque
997 1773 1598 1841 Mamertinorum
1630 1769 1935 1866 legatus,
1975 1775 2180 1843 istius
2218 1772 2587 1862 laudator,
2623 1800 2778 1845 non

625 1884 867 1953 solum
909 1882 1127 1950 istum
1158 1877 1357 1948 bona
1402 1902 1565 1965 sua,
1615 1904 1872 1950 verum
1910 1884 2121 1952 etiam
2162 1907 2392 1967 sacra,
2446 1881 2777 1981 deosque

624 2006 926 2090 penates
952 2045 971 2076 ‚
1026 2013 1066 2058 a
1116 1986 1559 2082 majoribus-’-
1599 1988 1930 2074 traditOS‚
1975 2014 2067 2061 ex
2109 1990 2383 2063 aedibus
2436 1996 2586 2065 suis
2628 1999 2778 2065 eri-

625 2105 869 2201 puisse
901 2099 1102 2171 dixit.
1130 2099 1466 2170 Praeclara
1491 2098 1808 2171 laudatio
1826 2154 1845 2185 ‚
1869 2126 2097 2197 quum
2130 2101 2416 2174 duabus
2445 2104 2521 2172 in
2549 2103 2777 2177 rebus

627 2214 1031 2308 legatorum
1058 2233 1207 2279 una
1233 2213 1497 2307 opera4
1532 2213 2007 2297 consumitur,
2045 2214 2121 2280 in
2159 2211 2526 2284 laudando
2549 2229 2776 2311 atque

624 2319 1049 2418 repetendo.
1071 2322 1327 2416 Atque
1346 2343 1429 2390 ea
1462 2321 1616 2419 ipsa
1644 2322 1885 2391 civitas
1923 2346 2069 2419 qua
2101 2322 2380 2392 ratione
2410 2322 2514 2392 illi
2540 2328 2774 2397 amica

625 2437 753 2520 sit,
799 2431 1081 2503 dicetur
1125 2446 1324 2503 certo
1375 2432 1541 2502 loco
1580 2459 1596 2502 ε
1641 2433 2012 2529 reperietis
2054 2435 2283 2513 enim,
2328 2457 2490 2528 quae
2534 2458 2771 2505 causae

624 2543 1132 2615 benivolentiae
1185 2545 1329 2613 sint
1387 2544 1835 2614 Mamertinis
1876 2567 2045 2638 erga
2098 2545 2356 2629 istum,
2402 2567 2520 2612 eas
2575 2547 2772 2640 ipsa

624 2679 870 2726 causas
902 2655 1070 2725 satis
1096 2653 1324 2747 justas
1357 2677 1512 2724 esse
1540 2653 2044 2723 damnationis
2076 2652 2230 2723 Alia
2253 2656 2500 2724 civitas
2528 2655 2768 2738 nulla,

618 2763 936 2859 judiceS‚
975 2759 1274 2858 publico
1312 2763 1612 2833 consilio
1657 2762 1924 2834 laudat.
1966 2765 2092 2834 Vis
2125 2763 2238 2833 illa
2269 2766 2534 2835 summi
2559 2763 2587 2808 ⁵
2627 2768 2766 2835 im·

627 2875 808 2972 perii
859 2886 1142 2942 tantum
1195 2875 1438 2983 potuit
1488 2872 1685 2971 apud
1736 2896 2144 2971 perpaucos
2197 2873 2569 2962 homineS‚
2616 2901 2769 2947 non

622 3066 736 3113 liam
763 3074 1055 3123 recrearent,
1073 3079 1184 3128 quae
1207 3076 1311 3113 erat
1336 3081 1506 3114 eorum
1531 3081 1650 3130 pro-

624 3145 810 3203 vincia,
857 3160 943 3192 seu
982 3145 1264 3208 procuratio
1280 3180 1297 3206 ,
1335 3160 1480 3208 quam
1520 3161 1648 3207 quo-

622 3227 772 3274 modo
789 3223 1106 3290 expilatorem
1122 3225 1228 3285 ejus
1236 3225 1438 3272 Verrem
1452 3223 1650 3283 judiciis

622 3304 971 3354 subducerent.

670 3387 689 3404 ‘
701 3401 717 3430 1
731 3387 774 3431 5.
792 3382 1209 3431 Denuntiavr'mus.
1230 3382 1370 3443 Quos
1388 3382 1451 3428 ad
1482 3381 1650 3429 diceu-

622 3463 739 3510 dum
769 3462 1099 3510 testimonium
1128 3463 1397 3510 citavimus.
1449 3463 1524 3508 De
1552 3460 1650 3509 hoc

622 3542 773 3588 verbo
802 3542 904 3589 vid.
927 3543 976 3590 J.
1003 3546 1055 3589 1².
1072 3545 1232 3591 Gron.
1250 3540 1315 3588 ad
1334 3537 1534 3600 Div.v,
1568 3556 1588 3586 ι
1605 3557 1648 3587 ι.

690 3622 754 3667 V.
779 3636 821 3665 ι.
856 3621 1218 3668 Mamertinam.
1240 3619 1512 3666 Messanam
1527 3655 1542 3678 ,
1565 3635 1649 3666 cu-

598 3701 693 3758 ·jus
739 3698 869 3744 cives
919 3700 1196 3748 Mamertini
1248 3698 1497 3756 dicuntur,
1535 3716 1643 3763 quae

614 3777 732 3825 urba
750 3776 917 3823 Verria
956 3777 1198 3824 furtorum
1236 3776 1453 3838 adjutrix
1477 3795 1537 3825 ae
1563 3793 1642 3826 eo-

615 3857 687 3904 cia
704 3892 718 3917 ‚
741 3855 818 3915 ei,
844 3851 1038 3919 publica
1066 3855 1285 3919 impensa
1312 3866 1359 3903 et
1384 3857 1643 3906 conductis

615 3935 869 4000 operariis,
908 3933 1181 3980 maximam-
1200 3949 1367 3982 navem
1385 3970 1399 3993 ,
1444 3936 1644 3983 nomine

615 4013 847 4078 cybum,
865 4009 1187 4060 edificavet-nt
1199 4027 1255 4060 ac
1269 4013 1404 4061 dono
1423 4013 1642 4063 dederat.

613 4096 755 4141 Verr.
774 4094 866 4150 lv,
893 4096 943 4150 8,
970 4108 1020 4156 9.
1044 4092 1270 4143 Ceterum
1293 4104 1411 4141 nota
1431 4094 1517 4142 lm
1535 4109 1645 4141 reo-

607 4189 717 4222 rum
736 4170 1057 4231 laudationes,
1071 4187 1191 4236 quaa
1216 4172 1394 4237 aaepiua
1412 4171 1643 4234 ambitus,

1737 3076 1822 3113 aut
1860 3066 2008 3113 timor
2042 3066 2415 3130 corrumpebat,
2454 3083 2482 3114 a
2515 3066 2608 3116 Cu.
2630 3069 2775 3115 Pom-

1736 3144 1852 3208 peio
1878 3145 2026 3193 suinae
2047 3143 2275 3192 sublatas.
2293 3146 2409 3194 Vid.
2437 3145 2683 3196 Plutarch.
2713 3148 2770 3195 iu

1737 3225 1824 3270 vit.
1852 3225 2025 3288 Pomp.
2049 3234 2097 3271 et
2118 3223 2229 3270 Val.
2254 3225 2390 3272 Max.
2407 3226 2506 3284 VI,
2536 3240 2584 3274 a.

1811 3319 1862 3350 a.
1888 3302 2121 3350 Civitatis.
2139 3305 2324 3350 Vocem
2347 3304 2475 3352 hauc
2495 3305 2612 3354 Gal.
2629 3306 2775 3368 quod

1741 3382 2004 3430 invenisset
2029 3381 2078 3428 in
2105 3381 2362 3431 Metelliuo
2391 3384 2643 3432 «civitati»
2674 3401 2770 3432 no·

1739 3461 2031 3509 bilissimum
2049 3460 2207 3509 civem
2225 3461 2280 3510 C.
2301 3464 2478 3510 Heium
2492 3485 2516 3504 ι·
2527 3499 2542 3521 ,
2560 3463 2767 3511 arbitra-

1738 3541 1881 3587 batur
1910 3539 2165 3587 delendam
2182 3575 2197 3598 ‚
2220 3557 2310 3589 ceu
2339 3542 2675 3591 adulterinam.

1807 3620 1860 3667 3.
1889 3619 2079 3667 Erneat.
2100 3630 2268 3684 putat,
2298 3638 2360 3668 «a
2385 3621 2654 3683 maioribus
2670 3633 2771 3671 tra-

1732 3699 1895 3745 ditos·
1912 3733 1926 3754 ‚
1943 3697 2152 3760 glossam
2172 3715 2290 3747 ease.
2321 3701 2532 3749 Frustra.
2558 3702 2590 3748 J
2598 3704 2680 3750 .V.
2700 3705 2764 3751 1..

1803 3784 1850 3832 4.
1878 3778 1987 3824 Una
2014 3794 2184 3841 opera.
2208 3779 2334 3841 Qua!
2355 3795 2452 3826 uua
2480 3795 2585 3826 ease
2610 3778 2768 3830 debe-

1733 3854 1818 3903 bat
1832 3891 1846 3914 ‚
1871 3871 2046 3920 nempe
2066 3868 2120 3903 ut
2132 3858 2336 3905 Verrem
2361 3856 2634 3906 laudarent.

1807 3938 1853 3983 5.
1879 3936 1963 3984 Vis
1980 3938 2156 3985 summi
2172 3938 2378 4003 imperii.
2407 3940 2567 4002 Quam
2589 3942 2643 3987 L.
2659 3939 2770 3986 Mes

1735 4016 1878 4065 tellus
1916 4018 2094 4068 Siciliae
2141 4031 2326 4084 praetor
2378 4020 2526 4068 habet
2556 4033 2570 4066 ε
2617 4034 2765 4067 nemo

1733 4096 1862 4142 enim
1882 4095 1931 4143 in
1948 4099 2203 4161 provincia
2224 4108 2327 4146 erat
2346 4100 2431 4162 qui
2447 4134 2462 4156 ‚
2483 4109 2541 4146 ut
2567 4098 2616 4145 in
2642 4097 2768 4145 urbe

1735 4186 1918 4238 praetor
1939 4175 2062 4226 alter
2075 4190 2160 4226 aut
2178 4177 2404 4227 consules
2427 4175 2764 4242 proconsulis,
