3044 4788
743 438 1124 507 ORATIO
1174 438 1377 505 PRO
1430 440 1496 506 S.
1550 436 1946 507 ROSCIO.
2314 460 2404 533 71·

369 567 554 633 VIII.
575 564 829 651 Quum
851 559 998 654 jam
1018 559 1598 655 proscriptionis¹
1632 559 1908 628 mentio
1947 556 2146 626 nulla
2167 555 2404 640 fieret,

273 689 345 743 et
367 698 605 769 quum
632 673 872 756 etiam,
895 671 1023 766 qui
1051 682 1262 739 antea
1289 681 1734 756 metuerant,
1758 665 2077 737 redirent
2094 720 2114 753 ,
2145 689 2229 737 ac
2255 668 2404 762 jam

266 781 657 853 defunctos
682 805 834 851 sese
862 779 1199 877 periculis
1226 776 1772 865 arbitrarentur,
1794 802 2063 848 nomen
2098 775 2406 848 refertur

265 895 339 960 in
385 890 677 961 tabulas
719 894 875 960 Sex.
904 891 1180 975 Roscii,
1233 887 1553 958 hominis
1595 887 2098 958 studiosissimi
2139 887 2403 959 nobili-

265 1004 469 1087 tatis;
510 1024 854 1097 manceps
874 1008 903 1040 ²
936 996 1022 1068 fit
1050 997 1610 1094 Chrysogonus;
1662 1001 1796 1068 tria
1825 996 2092 1095 praedia
2128 997 2242 1069 vel
2276 1022 2405 1067 no-

264 1109 616 1181 bilissima
646 1112 976 1206 Capitoni
1020 1111 1312 1206 propria
1353 1106 1764 1196 traduntur,
1792 1132 1953 1205 quae
1987 1107 2204 1179 hodie
2239 1132 2404 1206 pos-

266 1218 454 1289 sidet
484 1245 506 1305 ;
554 1223 631 1287 in
690 1218 1001 1314 reliquas
1041 1240 1294 1287 omnes
1351 1214 1681 1287 fortunas
1739 1220 1872 1289 iste
1926 1222 2005 1288 T.
2064 1221 2362 1289 Roscius
2384 1273 2402 1303 ,

267 1332 569 1399 nomine
592 1327 1085 1425 Chrysogoni,
1112 1325 1734 1425 quemadmodum
1760 1330 1914 1424 ipse
1950 1325 2148 1414 dicit,
2181 1331 2403 1425 impe-

270 1454 431 1510 tum
470 1436 659 1509 facit.
707 1444 874 1509 Haec
920 1437 1117 1507 bona
1159 1440 1478 1534 sexagies
1521 1440 1663 1507 H-s
1712 1449 2058 1507 emuntur
2113 1436 2404 1521 duobus

275 1535 600 1620 millibus
640 1573 1052 1619 nummum.

378 1664 547 1729 Haec
568 1663 829 1747 omnia,
849 1646 1155 1756 judiceS,
1186 1653 1682 1755 imprudente³
1713 1661 1788 1727 L.
1820 1657 2013 1726 Sulla
2045 1656 2227 1730 facta
2253 1684 2404 1728 esse

276 1772 519 1838 certo⁴
539 1771 704 1840 scio.
740 1774 990 1866 Neque
1014 1772 1207 1841 enim
1234 1772 1525 1853 mirum,
1545 1792 1776 1864 quum
1797 1767 2053 1838 eodem
2082 1783 2407 1867 tempore

270 1895 344 1950 et
375 1904 483 1967 ea,
499 1905 662 1976 quae
681 1883 1040 1978 praeterita
1065 1877 1307 1967 sunt⁵,
1333 1893 1405 1983 et
1431 1901 1537 1964 ea,
1565 1903 1728 1975 quae
1753 1877 2095 1949 videntur
2117 1882 2405 1962 instare,

267 2006 663 2088 praeparet3
718 2015 949 2086 quum
989 2004 1060 2060 et
1095 1993 1291 2087 pacis
1324 1987 1846 2060 constituendae
1896 1992 2246 2059 rationem
2270 2043 2289 2075 ,
2336 2003 2407 2059 et

264 2099 436 2172 belli
465 2100 768 2198 gerendi
788 2114 1216 2198 potestatem
1246 2100 1443 2170 solus
1469 2096 1767 2184 habeat3
1795 2122 2025 2195 quum
2050 2122 2303 2169 omnes
2328 2101 2401 2166 in

266 2234 503 2279 unum
532 2224 899 2308 spectent,
930 2235 1122 2280 unus
1155 2213 1398 2279 omnia
1424 2207 1819 2304 gubernet3
1846 2232 2076 2303 quum
2112 2222 2219 2278 tot
2252 2221 2404 2277 tan-

264 2323 506 2418 tisque
543 2324 850 2417 negotiis
894 2319 1251 2390 distentus
1299 2323 1426 2408 sit,
1460 2333 1546 2388 ut
1584 2322 1931 2417 respirare
1982 2317 2204 2389 libere
2248 2343 2395 2388 non

260 2434 528 2527 possit3
570 2433 629 2498 si
656 2428 929 2526 aliquid
960 2454 1109 2500 non
1137 2427 1658 2499 animadvertat
1689 2453 1703 2495 :
1738 2451 1969 2522 quum
2006 2432 2397 2525 praesertim

262 2555 410 2610 tam
451 2540 669 2610 multi
704 2543 1259 2637 occupationem
1304 2540 1465 2634 ejus
1502 2538 1931 2626 observent,
1963 2551 2396 2636 tempusque

258 2664 751 2747 aucupentur,
791 2663 907 2736 ut,
936 2649 1149 2719 simul
1193 2662 1410 2743 atque
1447 2648 1566 2718 ille
1610 2647 2013 2746 despexerit
2029 2644 2087 2735 ⁶,
2123 2648 2396 2744 aliquid

263 2758 773 2856 hujuscemodi
810 2759 1218 2828 moliantur.
1249 2763 1407 2828 Huc
1437 2756 1715 2828 accedit
1739 2811 1757 2839 ,
1795 2754 1998 2852 quod
2017 2811 2035 2842 ,
2068 2761 2396 2854 quamvis

266 2975 489 3022 metium
504 3007 520 3031 ‚
558 2974 677 3038 quia
716 2975 900 3022 fructus
936 2974 1054 3021 inde
1086 2976 1289 3022 Romam
1379 2988 1439 3021 so
1462 2973 1734 3021 habuerant
1751 3005 1767 3031 ,
1793 2973 1904 3036 ipso
1921 2974 2231 3029 connivente,
2252 2969 2396 3023 fuisse

265 3055 470 3117 navigiis
496 3052 747 3118 deportari
768 3063 1012 3117 poterant.
1378 3052 1711 3100 obtruncatos.
1729 3050 1846 3099 Vid.
1873 3050 1985 3098 Val.
2024 3056 2158 3101 Max.
2199 3053 2299 3111 lx,
2323 3111 2333 3126 ἡ
2350 3071 2396 3102 2.

339 3134 479 3180 vm.
526 3147 568 3178 1.
607 3131 1003 3195 Pmscnptionis.
1053 3130 1287 3179 Kalendis
1450 3148 1498 3195 4,
1518 3138 1718 3186 Rectius
1743 3153 1889 3201 quam
1914 3149 2050 3185 cene.
2073 3142 2120 3188 J.
2141 3142 2204 3185 V.
2233 3143 2288 3188 L.

269 3211 401 3257 enim
418 3211 568 3269 juniis
593 3210 1012 3274 proscriptionum
1033 3208 1148 3256 Βοὴ
1179 3210 1287 3257 fue·
1448 3218 1496 3265 5.
1539 3218 1635 3277 Ea,
1657 3233 1768 3280 qteoe
1800 3216 2060 3280 prceten'ea
2103 3229 2233 3266 sunt.
2277 3219 2394 3268 snb.

269 3298 347 3335 rat
366 3288 667 3352 doeigmtns3
699 3291 836 3354 atqui
862 3293 911 3340 S.
931 3290 1139 3338 Roscius
1154 3290 1281 3336 circa
1370 3297 1587 3361 cop-rigae
1603 3330 1618 3354 ,
1660 3307 1872 3359 reparet.
1919 3298 2058 3359 Saepe
2102 3297 2230 3343 enim
2264 3297 2393 3345 idem

267 3369 561 3432 septembri·
588 3370 697 3418 idus
725 3370 1013 3418 interfecta·
1047 3380 1134 3418 est·
1157 3367 1283 3416 Vide
1369 3375 1573 3423 verbum
1599 3372 1793 3421 duobus
1817 3373 2100 3428 nominibus
2127 3375 2193 3421 its
2224 3375 2395 3436 adjici-

267 3449 358 3495 hs.
377 3463 492 3511 cap.
511 3456 591 3505 44.
1184 3447 1193 3457 “
1373 3465 1472 3512 tur,
1486 3464 1542 3501 nt
1560 3454 1780 3501 alterutri
1803 3464 1995 3502 tantum
2017 3455 2292 3504 conveniat.
2314 3454 2396 3506 Sic

338 3542 389 3574 α.
423 3529 671 3592 Manceps.
695 3528 776 3576 Sic
801 3528 983 3576 dicitur
998 3529 1086 3591 qui
1101 3526 1286 3590 aliquid
1372 3532 1436 3580 sd
1452 3534 1558 3580 Au.
1577 3533 1647 3590 X,
1671 3541 1727 3588 4:
1749 3555 1773 3574 κ
1794 3533 1971 3581 horum
1984 3548 2075 3596 ego
2096 3547 2394 3583 summorum

269 3606 321 3652 In
360 3605 589 3652 suctione
622 3607 742 3654 emit
756 3641 770 3665 ,
809 3606 949 3669 quasi
986 3621 1244 3670 manuceps
1262 3642 1280 3664 ,
1372 3613 1720 3676 imperatorum
1736 3628 1840 3660 non
1858 3613 2008 3660 modo
2025 3629 2100 3659 res
2117 3625 2273 3676 gestas
2291 3630 2394 3661 non

268 3685 358 3732 ia.
377 3701 523 3732 mann
548 3687 765 3750 capiens,
783 3686 896 3750 quis
916 3701 1061 3734 mann
1083 3684 1285 3744 sublata,
1372 3701 1625 3754 antepono·
1637 3692 1771 3750 meis,
1786 3691 1870 3738 sed
1886 3708 1947 3738 ne
1963 3692 2207 3740 somnam
2222 3693 2393 3757 ipsam,

268 3762 343 3809 vel
363 3763 554 3826 digito,
583 3764 878 3812 licitationes
910 3764 1107 3813 fiebant.
1135 3763 1286 3830 (Gall.
1373 3785 1469 3832 qua
1513 3768 1587 3815 illi
1630 3768 1961 3817 florentissima
1982 3803 1996 3826 ,
2051 3782 2142 3818 nos
2194 3771 2393 3820 duriore

266 3841 667 3907 «eff-dicaeain.)
1374 3846 1644 3914 conflictati
1670 3847 1892 3896 videmur
1908 3871 1949 3895 ιο.

332 3923 383 3967 3.
407 3921 743 3984 Imprudente.
767 3922 884 3970 Non
921 3922 1118 3972 sciente.
1156 3924 1279 3971 Ors-
1436 3928 1485 3974 6.
1507 3925 1807 3990 Despexerit.
1823 3928 2005 3975 Oculos
2023 3928 2122 3976 alio
2144 3931 2393 3990 rejecerit3

268 4000 388 4046 tos-ie
409 4011 461 4046 et
483 3999 551 4046 sd
575 4013 767 4065 tempus
787 4038 802 4062 ,
827 4012 882 4048 ut
912 4002 1083 4050 vitaret
1112 4002 1281 4050 crude-
1366 4004 1501 4068 quod
1518 4005 1704 4054 faciunt
1723 4006 1808 4070 qui
1824 4023 1996 4055 somno
2015 4011 2261 4072 oppressi,
2280 4025 2393 4056 ocu·

269 4078 491 4125 {intimam
517 4078 665 4126 Sulla
697 4081 1036 4129 offensionem.
1078 4083 1282 4130 Constat
1366 4085 1445 4132 los
1459 4084 1750 4145 demittunt,
1770 4087 1845 4134 vel
1863 4087 2008 4134 alicui
2048 4089 2113 4135 rei
2145 4088 2392 4136 attendere

270 4157 395 4204 enim
440 4158 625 4206 multos
661 4160 748 4222 qui
781 4159 905 4207 nihii
947 4161 1132 4223 negotii
1170 4176 1280 4208 cnm
1370 4162 1614 4211 desinunt.
