3044 4788
627 419 707 463 ω
1283 395 1378 463 Μ.
1426 394 1502 460 T.
1543 354 2127 462 *CICERONIS

612 513 801 585 bene
834 514 1025 583 culta
1056 525 1132 583 et
1148 501 1553 583 ‘'fructuosa.
1574 513 1882 583 Tollitur
1912 510 2005 583 ab
2039 511 2237 582 atriis
2255 506 2619 596 Liciniis⁸,
2646 524 2770 580 at·-

611 650 757 722 que
787 648 830 694 a
860 646 1278 721 praeconum
1306 646 1652 694 consessu
1679 626 1756 692 in
1791 623 2095 694 Galliam
2122 622 2440 706 Naevius,
2464 634 2538 689 et
2560 635 2766 689 trans

611 733 828 829 Alpes
864 756 1097 828 usque
1131 728 1581 802 transfertur.
1621 735 1733 803 Fit
1774 755 2035 828 magna
2068 733 2375 800 mutatio
2401 729 2571 816 loci,
2603 754 2762 799 non

615 845 909 938 ingenii.
936 846 1143 927 Nam,
1166 844 1294 938 qui
1316 838 1409 911 ab
1436 840 1981 913 adolescentulo
2010 854 2366 937 quaestum
2396 836 2529 908 sibi
2570 842 2768 909 insti-

617 956 870 1023 tuisset
899 955 1055 1023 sine
1086 951 1485 1048 impendio,
1511 966 1987 1050 posteaquam
2009 952 2254 1020 nescio
2279 947 2457 1046 quid
2482 951 2770 1045 impen-

618 1061 757 1150 dit,
802 1066 986 1133 etin
1027 1086 1416 1132 commune
1451 1062 1764 1133 contulit
1789 1115 1809 1150 ,
1860 1059 2208 1131 mediocri
2253 1073 2532 1156 quaestu
2580 1082 2764 1127 con-

617 1185 859 1242 tentus
887 1195 1045 1241 esse
1081 1195 1231 1241 non
1268 1184 1576 1268 poterat.
1618 1175 1766 1243 Nec
1799 1173 2091 1257 mirum,
2128 1172 2186 1239 si
2215 1170 2314 1255 is,
2344 1171 2471 1264 qui
2497 1192 2764 1237 vocem

615 1279 943 1351 venalem
983 1279 1375 1369 habuerat,
1415 1306 1530 1370 ea,
1568 1305 1731 1378 quae
1765 1292 1992 1352 voce9
2028 1281 2448 1376 quaesierat,
2493 1302 2766 1375 magno

618 1389 753 1460 sibi
789 1394 1097 1487 quoestui
1137 1387 1295 1461 fore
1345 1390 1673 1488 putabat.
1724 1396 1980 1487 Itaque
2029 1388 2329 1460 hercule
2363 1386 2562 1458 haud
2612 1412 2767 1457 me-

617 1499 961 1571 diocriter
990 1499 1082 1572 de
1108 1504 1517 1586 communi,
1551 1498 1911 1596 quidquid
1940 1513 2264 1596 poterat,
2293 1494 2385 1566 ad
2412 1521 2489 1567 se
2517 1501 2593 1566 in
2617 1499 2769 1593 pri-

619 1624 856 1680 vatam
887 1608 1190 1680 domum
1223 1606 1641 1679 sevocabat:
1678 1633 1825 1705 qua
1855 1611 1931 1678 in
1962 1633 2039 1679 re
2073 1612 2170 1677 ita
2187 1605 2562 1703 diligens¹⁰
2589 1622 2770 1690 erat,

622 1725 828 1818 quasi
881 1723 966 1808 ii,
1011 1724 1138 1817 qui
1184 1743 1445 1815 magna
1490 1716 1638 1789 fide
1692 1723 2112 1789 societatem
2156 1729 2523 1813 gererent,
2573 1714 2771 1784 arbi-

624 1836 918 1902 trium¹¹
958 1856 1094 1928 pro
1127 1833 1325 1900 socio
1358 1826 1831 1899 condemnari
1864 1827 2205 1898 solerent.
2230 1830 2505 1896 Verum
2536 1822 2649 1893 his
2676 1821 2773 1892 de

622 1940 843 2013 rebus
885 1965 1034 2010 non
1074 1962 1365 2010 necesse
1392 1936 1631 2008 habeo
1664 1936 1908 2007 dicere·
1934 1960 2055 2021 ea,
2097 1959 2258 2030 quae
2293 1958 2409 2003 me
2436 1936 2508 2002 P.
2541 1936 2776 2022 Quin·

624 2058 770 2123 tius
807 2054 1011 2149 cupit
1042 2072 1610 2121 commemorare
1640 2074 1655 2116 :
1694 2048 1978 2118 tametsi
2017 2068 2229 2115 causa
2262 2041 2619 2140 postulat,
2664 2057 2770 2110 ta-

630 2186 800 2232 men
824 2214 845 2249 ,
876 2162 1051 2257 quia
1084 2157 1404 2256 postulat
1422 2167 1511 2243 ¹²,
1558 2181 1706 2226 non
1735 2155 2042 2254 flagitat,
2072 2149 2478 2250 praeteribo.

631 2437 748 2484 bant
765 2435 943 2501 privati
958 2434 1091 2499 apud
1107 2437 1356 2506 Romanos
1371 2433 1655 2498 pet-Italiam
1816 2440 1865 2487 9.
1907 2427 2052 2473 Voce.
2096 2421 2157 2470 1‹1
2196 2429 2269 2469 est
2287 2454 2302 2480 ‚
2327 2417 2414 2483 qui
2456 2432 2577 2464 voce
2613 2431 2778 2463 rerum

632 2525 682 2563 et
716 2514 993 2580 provincias
1024 2530 1231 2578 pascua,
1277 2523 1360 2561 aut
1403 2523 1653 2576 coempta,
1744 2504 1962 2552 omnium
1986 2501 2253 2560 levissima,
2277 2514 2398 2563 opes
2422 2496 2611 2559 aliquas
2637 2511 2780 2542 com-

629 2594 953 2643 vendentibus
964 2589 1655 2657 quaestoribus(Liv.XXVIII‚
1741 2591 2015 2647 paraverat,
2037 2578 2232 2628 easdem
2252 2593 2372 2641 opes
2390 2589 2565 2637 magno
2584 2574 2781 2622 emolu·

636 2671 751 2736 46);
778 2685 863 2722 aut
889 2691 918 2721 a
945 2672 1216 2738 publicanis
1238 2672 1398 2719 locata
1416 2705 1430 2727 ‚
1463 2672 1515 2717 in
1543 2686 1654 2735 quae
1741 2670 1909 2709 mento
1925 2660 2018 2707 sibi
2035 2675 2168 2707 nunc
2192 2658 2297 2706 fore
2318 2654 2540 2720 putabat.

633 2769 803 2817 greges
833 2765 882 2802 et
919 2764 1135 2800 armenta
1164 2750 1503 2799 immittebant,
1532 2748 1655 2797 Inde
1822 2754 1902 2787 ιο.
1923 2738 2142 2803 Diligens
2172 2747 2296 2785 erat.
2327 2734 2526 2782 Naevius
2559 2731 2612 2777 in
2650 2731 2784 2778 sran-

637 2833 901 2880 maximum
931 2832 994 2879 sd
1021 2847 1174 2894 remp.
1203 2828 1392 2877 redibat
1427 2827 1661 2891 vectigal,
1748 2818 1908 2867 danda
1925 2818 2154 2866 societate
2172 2817 2239 2865 its
2265 2825 2367 2864 erat
2391 2813 2615 2875 diligens,
2634 2813 2776 2874 qussi

635 2910 886 2975 scriptur-ce
910 2910 1124 2958 nomine.
1156 2907 1273 2956 Vid.
1297 2909 1438 2955 Verr.
1472 2909 1549 2965 11,
1577 2921 1659 2965 70.

641 2995 786 3038 Font.
823 3006 878 3047 x,
918 3005 968 3037 α.
1006 2988 1087 3036 Ad
1122 2987 1276 3035 Attic.
1308 2987 1383 3046 11,
1427 2986 1507 3033 15.

712 3069 761 3118 8.
800 3067 953 3116 Aer-iis
977 3066 1188 3115 Liciniis.
1215 3063 1412 3112 Atrium
1450 3073 1524 3110 est
1557 3077 1662 3109 areu

636 3157 753 3195 ante
797 3146 951 3195 edem
994 3143 1266 3211 porticibus
1322 3151 1371 3189 et
1423 3141 1667 3188 columnis

637 3225 816 3274 cincta.
853 3225 1043 3273 Licinia
1088 3239 1206 3271 vero
1246 3219 1379 3268 atria
1425 3229 1563 3266 erant
1610 3221 1662 3266 in

641 3306 827 3353 Palatio
865 3315 1031 3352 moute
1050 3338 1065 3362 ‚
1103 3312 1214 3349 ante
1251 3297 1453 3345 domum
1491 3296 1668 3344 Licinii

643 3386 833 3442 Crassi,
857 3399 1003 3448 quam
1021 3391 1189 3447 postea
1208 3378 1324 3426 emit
1342 3377 1532 3425 Cicero.
1555 3377 1668 3422 Huc

644 3463 1000 3511 conveniebant
1026 3472 1274 3525 praecones
1298 3455 1577 3502 auctionem
1601 3454 1669 3501 fa-

648 3541 790 3590 cturi.
817 3542 1043 3590 Ceterum
1068 3537 1221 3586 multa
1242 3545 1379 3582 erant
1403 3533 1551 3593 hujus
1570 3547 1670 3579 mo-

646 3622 700 3670 di
736 3623 906 3669 Romae
944 3620 1075 3667 atria
1090 3653 1107 3676 ,
1153 3627 1202 3665 et
1241 3615 1368 3661 circa
1417 3612 1582 3659 forum
1618 3622 1668 3659 et

647 3700 782 3765 apud
820 3700 1068 3764 privatos3
1113 3695 1353 3756 docetque
1382 3690 1667 3747 Vitruvius,

650 3781 724 3828 v1
740 3814 755 3838 ‚
783 3782 847 3828 8:
883 3776 1124 3841 “privatis
1159 3776 1213 3822 in
1246 3770 1499 3828 domibus,
1536 3784 1668 3817 eom·

634 3859 814 3907 'munia
840 3859 984 3906 fuisse
1004 3854 1266 3922 vestibula,
1289 3852 1340 3898 in
1368 3866 1496 3915 quse,
1522 3850 1667 3897 etiam

648 3937 892 3995 invocati,
926 3951 1017 3983 sno
1040 3934 1183 3996 jure,
1221 3931 1283 3979 de
1313 3928 1500 3994 populo
1531 3937 1669 3992 pote·

649 4025 759 4083 rant
785 4015 947 4063 venire
963 4036 1005 4063 ».
1032 4015 1137 4060 Hac
1163 4009 1348 4059 scilicet
1374 4007 1561 4054 ratione
1578 4020 1671 4069 po-

650 4095 867 4160 pularem
912 4092 1111 4157 gratiam
1146 4085 1513 4152 aucupabantur
1554 4084 1670 4130 civi-

648 4175 761 4223 tatis
788 4174 1045 4240 principes.

1750 2900 1930 2947 furtum
1955 2899 2159 2946 honesta
2185 2911 2264 2948 res
2286 2903 2435 2950 esset,
2454 2891 2540 2954 qui
2562 2906 2681 2938 vero
2703 2905 2785 2936 so-

1751 2978 1971 3027 cietatem
1999 2975 2208 3024 fideliter
2225 2974 2641 3028 administrarent,
2660 2985 2782 3016 con-

1751 3056 1968 3105 demnari
1993 3056 2221 3104 solerent.

1833 3153 1850 3182 ι
1867 3151 1887 3183 1
1898 3169 1911 3183 .
1921 3133 2192 3182 Arbitrium
2206 3129 2398 3180 delend.
2410 3136 2609 3177 censent
2619 3126 2786 3173 Graev.

1754 3216 1941 3264 Ernest.
1991 3210 2169 3263 schim.
2186 3246 2201 3269 ‚
2253 3211 2445 3257 frustra.
2503 3203 2778 3254 Arbitrium

1754 3295 1883 3342 enim
1899 3309 1991 3358 pro
2011 3290 2167 3347 socio,
2193 3287 2435 3350 judicium
2461 3284 2522 3333 de
2545 3283 2782 3331 socletate

1754 3391 1880 3431 esse,
1906 3387 2075 3420 omnes
2099 3368 2403 3431 intelligunt3
2441 3375 2490 3412 et
2525 3363 2640 3411 inde
2667 3361 2781 3409 sub-

1754 3452 1933 3501 auditis
1951 3466 2103 3516 praep.
2111 3464 2206 3513 per
2227 3457 2312 3494 aut
2335 3443 2596 3493 secundum
2609 3477 2627 3501 ,
2652 3441 2778 3488 nihil

1754 3531 1888 3578 aliud
1927 3532 2018 3578 erit
2054 3543 2199 3592 quam
2242 3541 2333 3589 per
2381 3522 2638 3570 arbitrium
2691 3535 2788 3583 pro

1753 3611 1893 3658 socio
1916 3606 2249 3663 condemnari,
2276 3613 2360 3651 aut
2386 3600 2662 3650 arbitralem
2680 3598 2787 3662 pati

1755 3687 2223 3737 condemnationem.
2288 3681 2440 3745 Quod
2505 3677 2783 3726 hellenismi

1753 3784 1907 3832 genus
1933 3783 2035 3815 non
2062 3781 2176 3813 sane
2198 3763 2374 3810 mirum
2396 3763 2449 3808 in
2474 3758 2658 3806 forensi
2687 3757 2790 3803 for-

1754 3847 1911 3906 mula,
1938 3856 1989 3894 et
2021 3861 2049 3891 a
2083 3842 2271 3906 vulgari
2304 3839 2541 3888 sermonis
2580 3852 2673 3884 usu
2700 3851 2778 3882 re—

1757 3936 1909 3974 mota.

1835 4021 1919 4053 12.
1946 4002 2194 4051 Postulat.
2220 3996 2474 4046 Postulat-e
2486 4030 2505 4055 ,
2530 4006 2602 4043 est
2628 4003 2798 4057 petere

1758 4081 2009 4141 modeste;
2031 4078 2276 4148 flagitare
2310 4091 2458 4134 vero,
2498 4084 2668 4138 petere
2711 4072 2798 4118 in·

1761 4160 1969 4210 stantius
1991 4171 2041 4207 et
2065 4154 2412 4206 vehementius.
2601 4161 2618 4168 ‘
