3044 4788
550 362 685 434 232
1320 358 1884 430 EXCURSUS

547 513 751 579 remp.
786 503 1287 577 occupaverant,
1322 506 1744 576 prorogatum
1792 486 1881 550 illi
1927 485 2127 549 fuisse
2160 485 2503 573 imperium
2521 534 2539 567 ‚
2576 485 2691 551 di·

545 584 829 662 cendum
862 611 959 659 est
979 643 997 676 ,
1025 593 1203 681 quod
1238 609 1419 657 tanto
1452 609 1603 681 post
1638 616 1717 657 ex
1752 592 1897 656 Asia
1942 612 2237 655 reversus
2281 592 2349 654 in
2386 593 2637 657 Italiam
2661 644 2684 674 ,

543 702 759 768 adhuc
781 700 1061 767 retinere
1082 697 1441 764 videbatur.
1461 700 1633 763 Hinc
1660 699 2004 786 legislator,
2024 719 2229 784 quum
2264 696 2682 763 indefinitum

545 807 1039 895 provincialium
1075 805 1565 894 magistratuum
1610 818 1867 894 tempus
1900 804 2084 885 fecit,
2119 819 2185 869 et
2221 802 2488 868 dubiam
2520 828 2685 869 con-

546 914 925 978 troversiam
954 911 1211 976 diremit
1230 959 1250 992 ,
1301 927 1367 974 et
1394 912 1464 974 in
1497 912 1763 975 Patrum
1806 926 2122 999 potestate
2161 933 2301 975 esse
2337 912 2544 975 voluit
2578 935 2683 976 re-

547 1041 779 1084 vocare
805 1034 955 1107 post
982 1031 1251 1098 annum,
1285 1018 1482 1082 misso
1507 1039 1902 1099 successore,
1921 1035 2036 1081 aut
2065 1040 2184 1106 per
2218 1019 2438 1105 plures
2470 1041 2679 1082 annos

551 1124 841 1190 detinere
885 1125 953 1190 in
1007 1124 1354 1212 provinciis
1398 1140 1731 1213 proetoroe,
1781 1124 1943 1187 nihil
1983 1123 2398 1187 decernendo
2414 1172 2432 1205 ‚
2486 1140 2686 1211 prout

552 1253 722 1318 resp.
755 1230 1130 1320 postularet.

584 1365 588 1370 ·
644 1336 955 1419 Quaedam
993 1336 1188 1417 objici
1234 1350 1511 1423 possunt
1532 1382 1550 1415 ,
1608 1350 1708 1412 et,
1760 1355 1844 1397 ne
1881 1333 2237 1421 quidquam
2270 1334 2492 1398 videar
2520 1357 2685 1421 prae-

557 1444 901 1509 termisisse
925 1492 944 1525 ,
976 1444 1230 1532 singula
1281 1443 1556 1505 referam
1578 1489 1596 1522 ,
1629 1441 1838 1530 iisque
1893 1440 2172 1505 breviter
2225 1441 2682 1505 satisfaciam...

554 1550 774 1615 Primo
805 1569 1030 1615 eontra
1063 1565 1161 1613 est
1189 1547 1350 1611 illud
1373 1547 1703 1612 Ciceronis
1733 1547 1821 1637 de.
1847 1548 2226 1636 provinciis:
2263 1549 2399 1612 «Ut
2434 1563 2499 1611 et
2535 1570 2691 1636 prae-

556 1672 726 1722 mres
770 1678 1018 1719 annuas
1060 1652 1426 1743 provincias
1466 1652 1830 1737 habeant»;
1874 1676 1954 1718 ex
1998 1676 2133 1742 quo
2183 1653 2398 1740 colligi
2437 1669 2687 1740 potest,

554 1755 840 1827 annuam
873 1777 1127 1824 tantum
1156 1759 1353 1822 fuisse
1380 1761 1864 1845 provinciarum
1896 1759 2540 1824 administrationem.
2562 1759 2691 1822 Sed

555 1866 956 1956 respondeo,
983 1864 1226 1928 idcirco
1253 1886 1501 1928 annuas
1535 1865 1661 1929 dici
1690 1866 2051 1953 provincias
2076 1913 2094 1946 ,
2141 1865 2293 1952 quia
2325 1866 2493 1928 sicut
2520 1865 2687 1927 intra

556 1993 806 2035 annum
831 1989 1043 2054 neque
1067 1983 1321 2053 poterat
1346 1985 1603 2056 praetor,
1632 1970 2003 2033 inconsulto
2031 1984 2282 2049 senatu,
2317 1968 2401 2032 de
2432 1968 2695 2055 provi!-

559 2077 657 2142 cia
692 2073 1035 2153 decedere,
1073 2096 1287 2161 neque
1324 2076 1610 2139 revocari
1651 2076 1789 2163 ipse
1832 2098 1869 2139 a
1904 2091 2133 2138 senatu
2169 2075 2309 2138 sine
2347 2097 2569 2155 causa3
2604 2075 2696 2137 ita

559 2181 777 2266 elapso
803 2178 934 2257 jam
965 2200 1168 2259 ann0,
1207 2194 1272 2241 et
1307 2180 1593 2246 revocari
1642 2202 1680 2241 a
1727 2195 1990 2261 senatu,
2045 2180 2243 2243 misso
2276 2201 2687 2258 successore,

560 2302 626 2350 et
661 2299 898 2372 sponte
935 2306 1048 2348 sua
1082 2281 1395 2347 decedere
1432 2299 1714 2371 poterat,
1749 2305 2078 2371 suumque
2102 2285 2206 2348 vel
2233 2286 2515 2373 legatum
2537 2332 2553 2364 ,
2595 2286 2694 2347 vel

566 2407 950 2479 quaestorem
985 2412 1362 2478 pra-ponere
1398 2390 1775 2478 provinciae-3
1798 2391 1950 2476 quia
1978 2390 2139 2455 illud
2166 2407 2423 2481 tempus
2446 2391 2694 2479 legibus

568 2514 704 2563 erat
738 2496 1215 2586 praescriptum,
1262 2496 1588 2583 reliquum
1626 2495 2033 2585 arbitrarium
2066 2519 2081 2560 ε
2140 2496 2255 2560 sed
2296 2513 2360 2561 et
2396 2512 2700 2584 praetores

565 2603 1036 2671 revocabantur
1068 2602 1451 2690 plerumque
1479 2616 1629 2687 post
1658 2622 1941 2682 annum3
1983 2602 2313 2684 consules,
2353 2617 2427 2665 ut
2454 2600 2701 2665 diutius

567 2710 1024 2786 retinerentur,
1040 2706 1241 2795 magis
1262 2706 1463 2794 gratia
1493 2705 1860 2770 valebant...
1894 2706 2146 2771 Deinde
2179 2723 2529 2795 opponunt
2544 2708 2701 2770 Tre—

571 2813 836 2877 boniam
872 2813 1116 2900 legem,
1152 2827 1228 2875 ut
1271 2834 1388 2899 per
1436 2812 1966 2898 quinquennium
2008 2813 2316 2901 Pompeio
2359 2812 2703 2899 Hispania,

574 2920 806 2982 Crasso
841 2916 1053 3005 Syria,
1082 2917 1310 2983 Caesari
1337 2916 1557 2980 Galliae
1580 2914 1922 2998 darentur;
1955 2918 2062 2981 cui
2093 2915 2260 2981 adde
2279 2918 2603 2981 Vatinium
2625 2916 2707 2981 de
2812 2948 2817 2955 ·

572 3022 776 3091 Gallia
806 3022 1129 3105 citeriori,
1174 3037 1240 3087 et
1269 3022 1609 3087 Gabiniam
1632 3070 1650 3103 ,
1687 3044 1815 3109 qua
1846 3023 2091 3087 bellum
2137 3022 2440 3087 adversus
2473 3024 2707 3110 piratas

576 3153 694 3217 per
745 3128 1098 3194 triennium
1160 3128 1472 3216 Pompeio
1525 3127 1807 3191 delatum
1859 3144 1982 3208 est,
2046 3144 2121 3192 ut
2174 3130 2372 3192 refert
2420 3129 2547 3192 Dio
2596 3128 2704 3193 lib.

575 3236 881 3301 XXXVI.
917 3233 1174 3317 Quibus
1217 3248 1430 3296 tamen
1469 3232 1721 3322 legibus
1756 3233 1918 3297 illud
1953 3256 2163 3297 unum
2208 3235 2561 3321 praestitere
2594 3235 2709 3296 tri·

574 3341 740 3403 huni
777 3341 861 3428 pl.
890 3356 966 3404 ut
1002 3339 1364 3403 adimerent
1405 3341 1775 3404 facultatem
1807 3340 2061 3404 senatui
2099 3339 2398 3403 mittendi
2432 3341 2600 3403 intra
2634 3340 2710 3403 il·

573 3442 694 3507 lud
730 3458 987 3531 tempus
1019 3443 1405 3507 successoris
1422 3491 1441 3524 ,
1479 3459 1555 3506 ut
1579 3460 1762 3508 notat
1790 3444 2089 3508 Calvinus
2118 3443 2199 3507 ad
2232 3445 2440 3533 legem
2465 3444 2710 3508 Trebo-

577 3548 790 3627 niam,
828 3564 893 3611 et
931 3547 1268 3614 manifeste
1314 3564 1489 3636 patet
1540 3572 1619 3613 ex
1675 3549 1968 3613 oratione
2020 3549 2102 3613 de
2150 3550 2520 3638 provinciis.
2559 3549 2711 3612 Mox

581 3651 891 3731 objicitur
916 3651 1176 3732 Cicero,
1201 3652 1314 3738 qui
1347 3675 1515 3742 saepe
1552 3655 1620 3717 in
1646 3654 1932 3742 epistolis
1960 3670 2098 3718 tum
2129 3655 2212 3719 ad
2237 3655 2544 3736 Atticum,
2570 3670 2711 3717 tum

581 3756 663 3823 ad
696 3755 1015 3838 diversos,
1073 3773 1139 3820 et
1183 3757 1306 3821 sihi
1358 3781 1643 3824 annuam
1677 3758 1891 3823 datam
1924 3760 2324 3848 provinciam
2366 3753 2521 3825 dicit
2542 3809 2559 3840 ,
2609 3762 2714 3823 cui

582 3884 778 3950 supra
810 3861 1233 3927 satisfecimus
1262 3861 1538 3949 quadam
1567 3888 1644 3927 ex
1670 3883 1880 3952 parte3
1902 3882 1966 3929 et
2001 3864 2355 3930 admodum
2387 3888 2455 3928 se
2488 3866 2717 3929 timere

583 3968 897 4050 affirmat,
933 3990 1017 4031 ne
1051 3983 1312 4035 senatus
1341 3967 1461 4032 sibi
1499 3968 1566 4032 in
1601 3970 1927 4057 provincia
1950 3987 2327 4059 prorogaret
2351 3971 2718 4058 imperium.
