3044 4788
674 333 810 421 544
1453 333 2013 404 EXCURSUS

675 475 804 521 tem
846 456 1045 519 fuisse
1090 453 1356 533 dixeris,
1393 471 1467 519 ut
1498 454 1887 543 significaret
1928 455 2373 519 necessitatem
2424 481 2574 522 non
2632 462 2845 526 fuisse

666 580 813 626 ante
840 562 963 625 hos
1000 560 1297 625 consules
1336 561 1561 624 tributi
1591 561 1838 649 populo
1877 559 2277 647 imperandi:
2308 585 2445 625 non
2485 567 2694 651 quod
2727 592 2842 656 pe-

669 668 861 732 cunia
902 668 1008 731 illa
1055 668 1189 731 sola
1230 666 1593 747 sufficeret3
1648 665 1761 730 sed
1811 668 1960 753 quia
2010 668 2391 755 supplerent
2443 669 2834 737 identidem

666 774 1052 840 creberrima
1093 773 1380 836 latissimi
1425 773 1677 860 imperii
1727 772 2089 860 vectigalia,
2138 772 2669 864 frequentesque
2716 781 2836 843 im·

665 898 1034 970 peratorum
1076 877 1430 956 manubiae,
1481 900 1627 965 quae
1671 876 1974 957 demum,
2019 895 2291 966 propter
2330 880 2625 944 nimium
2661 885 2829 947 assi-

663 987 794 1051 dua
838 985 1041 1050 civilia
1080 982 1276 1063 bella,
1327 999 1441 1046 aut
1478 983 1853 1047 labefactata
1887 984 2180 1065 fuerunt,
2214 1000 2332 1047 aut
2365 1007 2821 1051 cessaverunt.

660 1096 890 1183 Itaque
925 1093 1072 1180 post
1105 1091 1345 1155 horum
1376 1093 1789 1156 consulatum
1824 1094 2027 1156 multa
2053 1092 2282 1156 tributi
2309 1093 2531 1158 collati
2562 1100 2820 1161 mentio

660 1213 1026 1261 renovatur.
1086 1195 1218 1260 Cic.
1261 1194 1344 1260 ad
1390 1196 1535 1260 Div.
1583 1195 1695 1260 lib.
1744 1196 1945 1279 XIII,
2009 1197 2192 1283 epist.
2232 1195 2336 1260 30.
2384 1197 2681 1288 Philipp.
2715 1203 2815 1280 11,

662 1324 799 1390 cap.
834 1324 908 1365 21
932 1350 950 1383 ,
990 1315 1055 1364 et
1086 1300 1237 1364 alibi
1275 1323 1461 1389 saepe.

745 1406 1116 1487 ἑπαιφοὶλαια,
1154 1407 1285 1471 sive
1326 1406 1608 1493 capitum
1647 1406 2044 1487 exactiones,
2085 1424 2160 1471 ut
2198 1425 2386 1473 vocat
2426 1411 2673 1474 Cicero
2720 1411 2803 1474 ad

657 1513 845 1576 Attic.
864 1513 944 1592 V,
987 1512 1100 1594 16,
1148 1528 1211 1574 et
1258 1511 1341 1575 ad
1388 1512 1527 1575 Div.
1570 1511 1704 1592 111,
1750 1512 1819 1592 8,
1871 1527 2065 1599 atque
2097 1514 2454 1594 ostiorum,
2522 1535 2809 1603 repertae

660 1618 920 1683 fuerant
973 1618 1041 1680 in
1091 1616 1474 1705 provinciis,
1534 1640 1571 1679 a
1633 1618 2110 1706 magistratibus
2158 1620 2477 1698 romanis,
2538 1644 2686 1685 nou
2739 1639 2813 1685 ut

662 1724 1128 1813 rempublicam
1161 1724 1260 1786 his
1286 1723 1520 1810 opibus
1550 1739 1933 1803 tuerentur3
1973 1722 2085 1787 sed
2114 1739 2190 1788 ut
2221 1725 2340 1813 ipsi
2368 1748 2558 1789 suam
2586 1728 2811 1791 libidi-

668 1853 816 1895 nem
846 1847 909 1893 et
942 1829 1267 1892 avaritiam
1300 1828 1790 1916 provincialium
1820 1828 2100 1892 fortunis
2138 1831 2485 1918 explerent.

715 1994 724 1997 -
758 1934 1371 1999 Ultro-tributorum
1415 1935 1715 1996 meminit
1757 1934 1972 1999 Livius
2013 1958 2146 1997 non
2199 1936 2416 1999 semel.
2452 1936 2811 2001 Ultro-tri·

663 2044 819 2106 buta
853 2062 991 2103 esse
1024 2056 1215 2125 pum,
1250 2039 1462 2125 inquit
1486 2039 1772 2103 Turneb.
1801 2038 2069 2103 Advers.
2106 2042 2136 2104 I
2155 2089 2173 2121 ,
2224 2040 2335 2122 25,
2369 2043 2706 2130 impensas
2746 2061 2809 2106 et

659 2148 1114 2214 attributiones
1145 2167 1417 2232 operum
1439 2146 1853 2233 publicorum
1887 2148 2328 2230 faciendorum
2344 2198 2362 2229 ,
2387 2166 2451 2213 et
2474 2167 2805 2214 sartorum

659 2271 980 2319 tectorum
1007 2250 1968 2341 praestandorum,mancipibus
1992 2270 2057 2317 et
2078 2254 2607 2343 redemptoribus
2626 2274 2808 2321 certa

660 2357 956 2425 mercede
1009 2356 1412 2422 locatorum:
1462 2360 1566 2423 vel
1617 2360 2060 2446 ultro-trihuta
2115 2380 2306 2442 sunt,
2368 2385 2517 2450 quae
2569 2381 2807 2452 praeter

657 2465 986 2555 vectigalia
1013 2462 1418 2551 penduntur3
1453 2465 1775 2528 tributum
1801 2465 2412 2530 extra-ordinarium
2436 2491 2451 2530 :
2482 2467 2803 2533 differunt

661 2597 695 2636 a
722 2571 1003 2637 tributis.
1034 2567 1252 2649 Idem,
1283 2569 1572 2645 XXVII,
1605 2570 1706 2633 32.
1740 2571 2027 2634 Turnebi
2066 2572 2676 2659 interpretationem
2710 2597 2806 2638 se·-

662 2695 960 2766 quuntur
994 2676 1026 2738 J
1035 2724 1049 2740 .
1080 2676 1334 2762 Lipsius
1372 2692 1434 2738 et
1468 2676 1525 2740 J.
1551 2675 1794 2763 Obsop.
1825 2673 1908 2738 ad
1940 2677 2165 2741 Senec.
2202 2676 2283 2740 de
2315 2680 2538 2743 Benef.
2578 2680 2697 2760 IV,
2752 2705 2801 2743 1.

663 2785 956 2846 Muretus
985 2778 1068 2842 ad
1102 2779 1407 2843 eumdem
1448 2782 1667 2844 locum
1712 2781 1951 2843 fatetur
1985 2803 2053 2845 se
2088 2805 2220 2846 non
2254 2784 2402 2846 satis
2437 2784 2803 2874 intelligere

662 2910 805 2975 quae
846 2886 978 2949 sint
1019 2884 1504 2949 ultro-tributa:
1557 2908 1771 2974 neque
1824 2886 1948 2949 sibi
2000 2887 2134 2952 ullo
2187 2887 2383 2952 modo
2436 2891 2806 2955 satisfacere

660 3015 804 3079 quae
838 2989 920 3053 de
953 2989 1029 3053 iis
1067 2989 1320 3077 scripsit
1353 2990 1736 3070 Turnebus3
1786 2989 1900 3052 ubi
1935 3014 2148 3080 supra.
2192 2994 2257 3057 Si
2294 2994 2673 3073 conjectura
2710 2998 2804 3060 uti

661 3098 844 3176 licet,
872 3095 1082 3158 libens
1116 3095 1502 3159 crediderim
1541 3096 1980 3182 compositum
2030 3118 2167 3160 esse
2208 3120 2327 3185 pro
2377 3098 2692 3187 simplici;
2742 3118 2802 3165 et

659 3201 1104 3268 ultro-tributa
1154 3199 1322 3264 dicta
1368 3200 1565 3262 fuisse
1615 3199 1845 3280 eodem
1896 3223 2126 3281 sensu,
2173 3225 2306 3289 quo
2357 3203 2638 3285 tributa3
2695 3207 2801 3270 cui

658 3311 802 3375 voci
834 3306 1216 3372 adverbium
1241 3306 1408 3368 ultro
1430 3303 1725 3368 additum
1760 3321 1857 3369 est
1883 3305 1965 3369 ad
1988 3307 2115 3371 hoc
2151 3323 2433 3389 tantum,
2459 3325 2536 3373 ut
2568 3314 2799 3400 populi

657 3413 958 3479 auriculis
1011 3410 1476 3501 indulgeretur,
1527 3432 1659 3474 suae
1703 3411 2015 3476 libertatis
2066 3412 2561 3497 studiosissimi;
2608 3434 2676 3481 et
2728 3435 2799 3481 ut

659 3519 1124 3609 significaretur
1170 3517 1475 3604 pecunias
1532 3516 1760 3581 tributi
1814 3517 2081 3581 nomine
2134 3542 2171 3583 a
2226 3521 2475 3609 populo
2525 3540 2796 3609 sponte,

658 3624 834 3688 nulla
868 3623 932 3685 vi
969 3621 1276 3710 cogente,
1316 3624 1382 3685 in
1412 3623 1711 3686 aerarium
1744 3624 2045 3688 conferri.
2076 3626 2283 3689 Multa
2312 3644 2468 3690 sunt
2507 3651 2656 3715 quae
2702 3629 2792 3694 fa·

657 3742 847 3794 veant
880 3726 1037 3788 huic
1074 3743 1310 3790 nostrae
1344 3727 1663 3813 opinioni.
1693 3730 1913 3818 Sigon.
1935 3728 2016 3794 de
2039 3731 2167 3811 jur.
2194 3733 2313 3795 εἰν.
2341 3733 2533 3796 Rom.
2568 3735 2684 3799 lib.
2708 3735 2790 3812 11,

656 3858 792 3922 cap.
830 3836 907 3914 4,
943 3830 1035 3894 sic
1070 3831 1311 3895 scribit.
1346 3832 1548 3897 Erant
1570 3837 1898 3923 publicani
1922 3837 2174 3924 equites
2203 3839 2455 3902 romani
2483 3839 2658 3923 fere,
2684 3842 2789 3928 qui

657 3939 911 4028 publica
948 3935 1275 4025 vectigalia
1309 3940 1537 4026 populi
1585 3941 1837 4004 romani
1878 3957 1943 4003 et
1987 3941 2458 4024 ultro-tributa,
2508 3962 2786 4032 quaestus

654 4046 757 4111 sui
789 4065 1012 4125 causa,
1039 4041 1508 4111 conducebant.
1539 4046 1675 4110 Liv.
1702 4047 1993 4111 XXXIX
2015 4095 2032 4130 ,
2061 4053 2176 4127 44:
2212 4050 2583 4138 «vectigalia
2620 4074 2791 4116 sum-
