3044 4788
544 460 676 527 DE
728 458 1247 528 PRAETORE
1298 455 2046 527 PROVINCIALI.
2220 450 2358 522 523

217 579 483 669 triginta
524 577 662 642 dies
695 594 843 667 post
868 579 1254 645 successoris
1289 576 1641 643 adventum
1666 575 1735 638 in
1772 574 2102 662 provincia
2123 574 2362 638 morari

216 701 459 774 posset.
1785 746 1788 751 .

306 788 601 854 Praesidis
629 788 920 854 officium
946 790 1344 877 provinciale
1367 789 1435 852 in
1465 788 1627 852 duas
1662 802 1873 876 partes
1904 787 2029 850 fuit
2048 835 2067 868 ‚
2091 802 2164 850 ut
2195 784 2362 849 dixi-

227 919 398 977 mus,
430 895 849 961 distributum
878 918 894 959 ε
928 911 1349 983 potestatem,
1384 911 1450 958 et
1478 893 1847 983 imperium.
1879 892 2207 975 Potestas,
2237 892 2363 955 fuit

215 1002 484 1067 facultas
520 1001 995 1092 cognoscendi3
1028 1003 1374 1091 imperium
1396 1049 1415 1082 ,
1454 1000 1764 1065 exercitui
1797 998 2193 1086 imperandi,
2220 1000 2361 1063 bel·

217 1107 487 1194 lumque
523 1107 813 1198 gerendi.
849 1106 1164 1182 AEstatem
1197 1108 1335 1173 fere
1366 1110 1461 1174 rei
1495 1108 1785 1191 militari3
1820 1110 2103 1174 hiemem
2136 1122 2362 1196 praeto-

218 1213 327 1276 riae
360 1213 752 1301 cognitioni,
789 1234 934 1300 quae
956 1213 1023 1275 in
1052 1211 1504 1293 jurisdictione
1531 1215 1942 1302 potissimum
1970 1230 2067 1278 est
2091 1228 2360 1289 versata,

219 1317 548 1383 dicabant.

312 1423 643 1507 Quoniam
677 1440 898 1488 autem
946 1424 1186 1488 horum
1233 1424 1600 1490 officiorum
1653 1440 1962 1489 neutrum
2001 1424 2200 1504 tueri,
2238 1423 2362 1486 nisi

220 1531 411 1594 variis
441 1530 783 1594 itineribus
813 1553 930 1619 per
953 1532 1353 1619 provinciam
1385 1531 1727 1613 faciendis,
1757 1547 2149 1620 potuerunt,
2182 1528 2264 1593 de
2286 1530 2362 1593 iis

218 1659 420 1724 pauca
448 1636 893 1724 praemittenda
926 1654 1101 1702 sunt.

310 1741 540 1806 Primis
578 1742 980 1829 temporibus
1035 1743 1158 1807 iter
1214 1743 1303 1807 ita
1347 1742 1557 1808 facere
1603 1741 1905 1830 praesides
1948 1741 2201 1806 romani
2245 1762 2363 1829 per

220 1847 623 1935 provinciam
656 1847 988 1931 solebant,
1016 1848 1197 1936 quod
1228 1850 1359 1931 jam
1392 1873 1428 1913 a
1462 1850 1654 1913 nobis
1684 1850 2095 1913 observatum
2127 1863 2225 1911 est
2244 1896 2262 1923 ‚
2292 1864 2368 1911 ut

221 1953 412 2017 sociis
445 1952 607 2033 nulli
649 1954 870 2035 oneri,
926 1977 1143 2042 neque
1178 1956 1474 2044 sumptui
1515 1972 1775 2038 essent3
1822 1955 2065 2043 quippe
2096 1954 2209 2042 qui
2246 1953 2367 2016 ho-

222 2058 421 2146 spites
454 2059 648 2123 etiam
680 2060 981 2147 privatim
1016 2061 1369 2142 haberent,
1405 2060 1486 2125 ad
1528 2084 1696 2149 quos
1733 2062 2118 2149 plerumque
2151 2058 2364 2122 diver-

224 2180 455 2231 terent.
503 2165 735 2230 Postea
769 2187 959 2246 vero,
1009 2166 1317 2257 gliscente
1354 2165 1662 2250 libidine,
1700 2166 1890 2231 sociis
1946 2187 2156 2253 usque
2200 2163 2366 2227 adeo

224 2269 627 2336 incommodi
664 2294 802 2338 esse
835 2290 1201 2360 coeperunt,
1259 2290 1336 2338 ut
1382 2297 1611 2339 eorum
1647 2274 2008 2337 multorum
2051 2269 2365 2335 adventus
2413 2340 2420 2344 ⁴

224 2400 455 2465 parum
481 2377 564 2442 ab
592 2378 810 2444 hostili
842 2379 1269 2469 impressione
1300 2378 1614 2445 differret.
1654 2379 1980 2463 Quocirca
2019 2377 2238 2441 multis
2272 2375 2366 2440 le-

223 2483 414 2572 gibus
447 2505 677 2548 eorum
705 2486 1209 2575 constringenda
1237 2485 1441 2551 libido
1478 2486 1623 2550 fuit.

316 2587 576 2653 Primus
599 2588 781 2669 Cato,
813 2611 1018 2674 quum
1053 2590 1415 2655 Sardiniam
1450 2590 1777 2654 obtineret
1803 2611 1978 2653 anno
2013 2586 2164 2668 555,
2192 2611 2367 2651 sum·

224 2707 377 2779 ptus
395 2739 414 2772 ‚
439 2713 605 2777 quos
631 2691 699 2754 in
728 2692 977 2756 cultum
1005 2712 1357 2782 praetorum
1386 2695 1545 2758 socii
1575 2696 1781 2759 facere
1810 2693 1982 2757 soliti
2015 2708 2220 2771 erant,
2248 2692 2366 2756 cir-

225 2795 557 2878 cumcidit,
589 2814 704 2861 aut
738 2799 999 2863 sustulit
1028 2823 1044 2865 :
1078 2816 1274 2887 atque
1298 2800 1453 2865 huic
1480 2799 1651 2865 malo
1674 2800 2095 2864 nihilominus
2131 2799 2198 2861 in
2229 2797 2364 2861 dies

230 2901 695 2991 ingravescenti
736 2903 1021 2969 remedia
1065 2906 1184 2969 alia
1219 2905 1499 2971 subinde
1541 2906 1726 2969 allata
1775 2921 1963 2985 sunt,
2011 2902 2220 2969 donec
2264 2905 2367 2968 lex

227 3008 423 3090 Iulia,
462 3032 658 3097 quam
688 3011 899 3076 Caesar
934 3011 1081 3076 tulit
1110 3010 1177 3075 in
1211 3013 1425 3099 primo
1456 3011 1830 3094 consulatu,
1871 3026 2101 3100 praeter
2127 3027 2366 3091 cetera,

230 3113 389 3200 quid
419 3139 457 3179 a
493 3116 682 3181 sociis
719 3115 856 3182 dari
893 3133 1253 3205 oporteret,
1290 3118 1596 3206 praecepit
1635 3141 1649 3181 :
1693 3140 1927 3205 nempe
1963 3134 2243 3198 tectum,
2282 3117 2363 3180 li-

231 3241 396 3306 gna,
449 3220 571 3302 sal,
606 3222 889 3304 foenum,
929 3239 994 3287 et
1025 3238 1238 3287 cetera
1264 3222 1580 3302 ejusmodi
1607 3271 1624 3305 ,
1659 3246 1840 3310 quae,
1875 3240 2140 3310 repente
2171 3222 2364 3286 adve-

233 3323 452 3388 niente
496 3344 805 3413 praetore,
863 3325 1207 3392 commode
1243 3328 1451 3416 parari
1490 3329 1572 3391 ab
1618 3328 1817 3416 ipsius
1869 3327 2182 3392 comitatu
2226 3350 2364 3390 non

230 3444 549 3516 poterant.
598 3432 885 3498 Instituti
925 3434 1236 3515 ministri,
1271 3434 1418 3520 qui,
1469 3456 1614 3521 quae
1651 3435 1792 3523 lege
1839 3434 2365 3515 continebantur,

233 3535 626 3622 proeberent,
655 3562 863 3628 graeco
894 3541 1211 3605 vocabulo
1259 3541 1525 3629 parochi
1575 3541 2099 3608 nominabantur.
2139 3542 2363 3605 Horat.

233 3641 363 3706 Sat.
387 3642 449 3721 Ι,
481 3641 543 3723 5,
576 3644 682 3722 46.
719 3645 851 3709 Cic.
882 3645 964 3711 ad
992 3649 1119 3712 Att.
1154 3646 1265 3712 lib.
1290 3647 1488 3728 xm,
1519 3648 1701 3735 epist.
1726 3670 1786 3712 2.
1824 3644 1954 3713 Sed
1986 3645 2067 3710 de
2103 3647 2204 3711 his
2231 3647 2363 3727 jam

235 3747 539 3813 diximus.

321 3852 627 3941 Lepidam
644 3856 860 3920 Verris
878 3857 1184 3922 itinerum
1213 3858 1715 3948 descriptionem
1737 3860 1935 3926 habes
1947 3861 2115 3925 libro
2129 3860 2363 3947 quinto

237 3960 701 4025 Accusationis.

326 4067 640 4132 Itinerum
691 4067 942 4132 ratione
991 4087 1349 4158 perspecta,
1398 4074 1730 4160 sequitur,
1790 4090 1863 4138 ut
1913 4074 1993 4138 de
2054 4089 2366 4160 potestate

240 4197 521 4263 agamus.
