3044 4788
681 408 862 478 126‘
1310 409 1404 476 M.
1458 410 1536 476 T.
1591 409 2150 478 CICERONIS

669 536 786 601 vix
825 546 935 602 ter
969 534 1056 600 in·
1095 554 1291 602 anno
1323 529 1575 616 audire
1621 531 1964 601 nuntium
2008 544 2335 626 possunt.
2381 531 2627 601 Alter²
2662 531 2793 602 tibi

669 638 1043 711 descendit
1090 638 1181 709 de
1227 641 1494 712 Palatio
1511 637 1568 727 3,
1629 654 1703 709 et
1738 638 2013 709 aedibus
2061 643 2253 727 suis;
2298 640 2513 712 babet
2565 646 2796 713 animi

671 749 1033 823 relaxandi
1073 774 1286 821 causa
1325 775 1449 820 rus
1480 773 1851 819 amoenum
1895 764 1966 820 et
1996 748 2537 838 suburbanum,
2582 753 2797 850 plura

664 875 1004 960 praeterea
1034 859 1342 957 praedia3
1370 884 1610 957 neque
1642 873 1880 930 tamen
1912 859 2174 948 ullum,
2200 864 2335 932 nisi
2370 862 2797 959 praeclarum

657 986 740 1044 ,et
791 973 1345 1069 propinquum:
1393 968 1656 1040 domus
1709 967 1970 1040 referta
2015 973 2200 1041 vasis
2262 972 2657 1044 Corinthiis
2720 989 2798 1045 et

667 1079 1045 1165 Deliacis⁴‚
1093 1083 1169 1148 in
1216 1077 1489 1175 quibus
1522 1094 1632 1149 est
1677 1077 2071 1176 authepsa⁵
2125 1081 2280 1170 illa,
2320 1105 2540 1178 quarn
2587 1099 2795 1156 tanto

663 1192 899 1288 pretio
931 1211 1169 1285 nuper
1197 1203 1555 1260 mercatus
1586 1202 1730 1277 est,
1764 1202 1879 1277 ut,
1920 1192 2048 1286 qui
2076 1204 2587 1286 praetereuntes
2630 1218 2799 1290 pre-

663 1294 890 1370 tium⁶
939 1303 1345 1371 enumerari
1371 1297 1807 1385 audiebant,
1854 1295 2165 1369 fundum
2210 1302 2799 1375 venirearbitra·

600 1450 608 1460 ·
664 1424 958 1488 rentur„
986 1408 1183 1501 Quid
1226 1425 1572 1508 praeterea
1603 1409 1824 1479 caelati
1873 1413 2197 1506 argenti?
2238 1411 2418 1508 quid
2462 1415 2797 1509 stragula:

662 1521 929 1591 vestis?
981 1519 1162 1617 quid
1220 1523 1578 1617 pictarum
1637 1517 2090 1590 tabularum?
2138 1520 2318 1616 quid
2372 1524 2796 1618 signorum?

660 1630 843 1729 quid
888 1633 1263 1701 marmoris
1305 1627 1500 1728 apud
1543 1628 1748 1699 illum
1791 1632 2058 1726 putatis
2100 1632 2296 1701 esse?
2338 1646 2619 1702 tantum
2652 1635 2794 1702 sci·

658 1741 849 1829 licet,
873 1755 1227 1838 quantum
1253 1764 1293 1810 e
1324 1740 1569 1809 multis
1599 1738 2139 1837 splendidisque
2166 1738 2451 1812 familiis
2474 1745 2547 1811 in
2577 1741 2798 1813 turba

663 1867 737 1922 et
781 1854 1048 1948 rapinis
1082 1852 1485 1919 coacervari
1533 1873 1677 1919 una
1721 1852 1796 1919 in
1852 1849 2073 1920 domo
2121 1855 2383 1948 potuit.
2427 1854 2792 1924 Familiam

660 1986 833 2032 vero
885 1975 1228 2057 quantam
1251 2013 1270 2047 ,
1323 1974 1395 2030 et
1425 1984 1646 2057 quam
1680 1963 1889 2030 variis
1921 1985 2087 2032 cum
2128 1960 2449 2033 artificiis
2488 1963 2752 2034 habeat
2774 2020 2795 2050 ‚

660 2071 842 2170 quid
874 2096 1008 2167 ego
1041 2071 1320 2142 dicam?
1360 2075 1572 2142 Mitto
1609 2071 1821 2143 hasce
1855 2089 2043 2144 artes
2083 2075 2447 2170 vulgare3‚
2475 2101 2796 2173 coquos»,

659 2186 966 2279 pistores
987 2235 1007 2264 ‚
1034 2180 1471 2250 lecticarios:
1505 2185 1728 2252 animi
1753 2198 1827 2252 et
1858 2186 2142 2254 aurium
2172 2209 2384 2255 causa
2416 2200 2525 2257 tot
2550 2184 2798 2256 homi-

662 2316 791 2363 nes
823 2289 1074 2378 habet‚
1104 2305 1185 2361 ut
1214 2289 1647 2387 quotidiano
1678 2308 1895 2363 cantu
1917 2317 2205 2380 vocum,
2233 2305 2348 2365 et⁷
2377 2317 2798 2385 nervorum,

661 2422 736 2476 et
773 2405 1136 2492 tibiarum,
1170 2408 1694 2501 nocturnisque
1728 2409 2075 2477 conviviis
2102 2423 2253 2479 tota
2279 2411 2607 2480 vicinitas
2638 2432 2801 2506 per·

661 2530 891 2587 sonet.
934 2521 1017 2586 Iu
1054 2514 1189 2585 hac
1214 2518 1377 2601 vita,
1394 2514 1701 2611 judiceS‚
1724 2540 1911 2612 quos
1937 2533 2271 2615 sumptus
2302 2517 2798 2615 quotidianum,

660 2651 843 2724 quas
883 2624 1277 2697 effusiones
1313 2622 1468 2695 fieri
1504 2629 1817 2723 putatis?
1844 2652 2005 2723 quae
2040 2653 2212 2698 vero
2242 2628 2615 2700 convivia?
2663 2627 2799 2699 ho-

731 2815 782 2848 2.
809 2797 964 2846 Alter.
990 2794 1361 2861 Chrysogonus.
1397 2793 1516 2842 Tibi.
1541 2794 1681 2842 Pleo-

660 2895 855 2927 nasmns
879 2888 980 2937 est,
1015 2877 1080 2925 ad
1117 2876 1382 2941 emphasim
1413 2876 1595 2923 faciens
1631 2886 1680 2923 et

658 2958 1055 3019 indignationem.
1217 2949 1225 2958 ’
1327 2958 1334 2965 ”

736 3039 786 3086 3.
839 3035 1057 3084 Palatio.
1107 3034 1247 3083 Colle
1294 3034 1543 3090 Palatino,
1593 3032 1681 3080 ubi

656 3117 902 3181 principes
945 3115 1151 3162 civitatis
1194 3114 1444 3171 habituum
1492 3124 1547 3161 et
1592 3111 1681 3159 uhi

659 3198 1038 3262 Chrysogonum
1109 3193 1238 3240 aedes
1299 3209 1408 3240 suas
1466 3192 1644 3239 habere
1663 3226 1679 3253 ‚

659 3293 812 3341 quum
854 3289 1022 3323 servus
1076 3273 1248 3334 fuerit,
1290 3271 1680 3333 indignissimum

658 3357 867 3404 videtur.
903 3355 1049 3403 Conl'.
1081 3354 1268 3402 Horatii
1291 3349 1450 3412 Epod.
1468 3351 1557 3406 IV,
1584 3360 1679 3411 qua

595 3474 601 3483 .
661 3436 943 3482 vilissimum
982 3433 1201 3496 Pompeii
1244 3431 1470 3478 libertum
1514 3429 1681 3479 cadem

664 3513 866 3560 andacia
901 3514 1196 3560 insectatum
1231 3527 1398 3557 verum
1432 3519 1685 3558 curaverat

669 3592 900 3641 Horatius
929 3602 986 3641 ut
1012 3592 1138 3639 hanc
1165 3589 1330 3637 saltem
1352 3591 1478 3638 intra
1498 3591 1687 3638 chartas

663 3682 896 3719 servaret.

739 3760 789 3808 6.
821 3748 1078 3799 Corinthiis
1098 3761 1148 3798 ct
1167 3746 1392 3797 DeIIacis.
1417 3749 1545 3795 Vasa
1580 3747 1687 3795 aeris

666 3828 912 3883 Corinthii
951 3828 1322 3877 celebratissima
1355 3837 1520 3887 erant3
1556 3826 1681 3873 illud

662 3926 728 3957 ex
743 3908 988 3958 Corinthii
1006 3908 1236 3956 incendio
1256 3906 1536 3965 conflatum,
1559 3921 1680 3954 con-

665 3991 775 4038 fuso
814 3987 1003 4051 quippe
1046 4003 1202 4045 auro,
1241 3996 1442 4049 argento
1479 3996 1528 4032 et
1564 4001 1680 4043 aere,

664 4067 876 4119 credidit
913 4066 1117 4124 Florus3
1163 4082 1308 4129 qnam
1357 4065 1580 4112 fabellam
1620 4065 1683 4112 de

664 4150 772 4198 aeris
811 4147 1112 4197 Corinthiaci
1157 4147 1345 4212 origine
1394 4144 1571 4193 refellit
1622 4162 1682 4194 ex

1767 2794 1879 2858 ipso
1902 2795 2084 2856 Plinio,
2108 2798 2351 2857 xxm,
2389 2801 2445 2856 3,
2488 2807 2545 2856 4,
2583 2799 2799 2847 Bochar·

1768 2873 1859 2921 dus
1878 2875 2184 2932 Hierozoici,
2226 2878 2327 2934 vt,
2385 2878 2465 2924 ιδ.
2512 2877 2799 2926 Secundum

1765 2952 1927 3001 locum
1950 2955 2143 3002 Deliaca
2167 2954 2467 3004 obtinebant.

1840 3034 1890 3081 5.
1915 3034 2187 3098 Authepsa.
2209 3035 2331 3082 011ae
2352 3049 2503 3097 genus
2524 3035 2798 3097 coquendis

1766 3111 1890 3160 cibis
1928 3129 1984 3162 ac
2027 3126 2196 3178 postea
2227 3112 2566 3161 calefaciendis
2609 3114 2799 3163 balneis

1767 3193 2213 3251 accommodatum,
2251 3208 2315 3240 ex
2349 3192 2515 3240 coctili
2552 3203 2681 3241 terra
2707 3204 2797 3242 aut
2839 3230 2849 3238 .

1769 3275 1898 3321 ferro
1925 3272 2027 3337 (hic
2060 3290 2179 3321 vero
2207 3290 2269 3319 ex
2300 3288 2394 3320 aere
2420 3272 2702 3339 Corinthio)
2723 3287 2739 3321 ε
2763 3289 2796 3321 a

1769 3368 1931 3417 graeco
1960 3349 2096 3407 αὐτὸς
2114 3385 2129 3409 ,
2172 3353 2301 3417 ipse,
2344 3363 2392 3399 et
2422 3347 2516 3415 ἕψω
2537 3386 2553 3411 ,
2592 3369 2790 3416 coquo,

1768 3432 1905 3495 qnasi
1934 3445 2021 3495 per
2048 3445 2100 3478 se
2134 3442 2368 3493 coqueret
2388 3468 2402 3494 ,
2438 3446 2528 3478 nec
2569 3432 2688 3479 foco
2715 3432 2797 3479 in·

1775 3511 1978 3575 digeret.
2017 3510 2134 3560 vid.
2186 3514 2357 3560 Senec.
2401 3512 2587 3575 Qnaest.
2626 3521 2795 3561 natur.

1775 3591 1878 3646 111,
1915 3598 2001 3644 24·

1847 3670 1897 3717 6.
1934 3667 2165 3716 Pretium.
2202 3669 2353 3717 Pretii
2388 3682 2461 3719 est
2495 3670 2798 3718 enumeratio

1775 3748 1827 3795 in
1853 3750 2109 3806 auctione,
2144 3749 2234 3797 ubi
2258 3760 2493 3814 quantum
2530 3749 2712 3812 singuli
2740 3749 2799 3797 in

1776 3829 1885 3876 foro
1924 3828 2251 3891 licitarentur,
2292 3847 2353 3878 ex
2393 3830 2636 3895 praeconis
2673 3845 2805 3879 voce

1769 3908 2034 3972 intelligere
2063 3920 2288 3974 poterant
2312 3920 2679 3973 praetereuntes.
2702 3910 2805 3957 Lo·

1770 4003 1833 4036 οο
1851 3989 2061 4052 pretium
2085 3992 2135 4037 in
2165 3990 2262 4038 Pal.
2295 3991 2437 4054 prim.
2448 3989 2692 4054 proecom'.

1846 4086 1893 4129 7.
1928 4071 2213 4119 Nemorum.
2242 4069 2432 4117 Fidium
2456 4085 2566 4133 quae
2602 4067 2807 4117 citharis

1772 4157 2023 4210 aptantur.
2120 4159 2131 4173 ¹
