3044 4788
591 411 729 495 340
1235 403 1331 469 M.
1385 401 1462 467 T.
1510 380 2070 467 cmE'Role

582 532 770 601 tuit?
804 531 1079 626 Nuper,
1110 527 1207 594 M.
1230 520 1524 593 Aurelio
1553 511 1897 590 Scauro¹¹
1933 508 2385 610 postulante,
2420 505 2636 603 quod
2673 510 2749 578 is

583 640 843 740 Ephesi
879 661 955 708 se
981 646 1415 732 quaestorem
1447 631 1518 699 vi
1546 623 1995 726 prohibitum
2031 641 2186 692 esse
2215 614 2497 687 dicebat
2518 670 2538 702 ,
2573 639 2749 711 quo

586 756 830 822 minus
861 771 901 818 e
944 744 1114 816 fano
1146 744 1392 812 Dianae
1429 751 1719 810 servum
1757 758 2008 820 suum,
2052 730 2183 826 qui
2224 731 2300 797 in
2338 725 2519 797 illud
2559 750 2746 821 asy-

584 864 813 933 lum¹²
867 852 1351 948 confugisset,
1418 848 1861 932 abduceret3
1939 839 2251 913 Pericles
2320 836 2682 935 Ephesius
2708 890 2736 919 ‚

582 974 806 1043 homo
829 963 1321 1037 nobilissimus
1338 1015 1358 1048 ,
1384 964 1688 1031 Romam
1708 967 2047 1027 evocatus
2073 965 2181 1021 est
2196 1003 2215 1037 ,
2238 945 2443 1054 quod
2465 961 2738 1017 auctor

582 1081 866 1176 injuriae
908 1074 1100 1157 illius
1141 1070 1362 1143 fuisse
1386 1080 1815 1167 'argueretur
1854 1092 1870 1134 t
1915 1077 2030 1163 tu,
2066 1062 2128 1133 si
2164 1071 2235 1130 te
2273 1059 2590 1154 legatum
2627 1058 2730 1126 ita

582 1188 957 1283 Lampsaci
998 1194 1380 1253 tractatum
1435 1192 1623 1264 esse,
1660 1188 1993 1246 senatum
2029 1170 2432 1256 docuisseS,
2477 1180 2561 1237 ut
2617 1169 2734 1236 tui

582 1300 885 1370 comites
938 1294 1514 1376 vulnerarentur,
1560 1286 1783 1357 'lictor
1841 1280 2319 1367 occideretur,
2373 1279 2525 1375 ipse
2583 1277 2732 1347 cir-

582 1428 987 1478 cumsessus
1016 1426 1216 1500 paene
1253 1396 1760 1481 incenderere;
1785 1394 1943 1490 ejus
1979 1404 2221 1463 autem
2262 1391 2368 1459 rei
2403 1387 2629 1459 duces
2658 1402 2733 1457 et

579 1532 906 1589 auctores
930 1529 1004 1585 et
1034 1514 1399 1611 principes
1424 1506 1483 1552 ¹³
1513 1502 1733 1577 fuisse
1753 1559 1771 1589 ‚
1797 1527 1985 1601 quos
2009 1498 2264 1574 scribis
2286 1553 2306 1586 ,
2323 1496 2735 1568 Themista-

584 1652 832 1728 goram
871 1641 945 1697 et
981 1622 1402 1695 Thessalum
1436 1647 1452 1690 ε
1485 1619 1651 1715 quis
1687 1640 1840 1686 non
1884 1608 2513 1684 commoveretur?
2555 1610 2729 1704 quis

582 1764 735 1809 non
774 1762 864 1808 ex
900 1733 1162 1828 injuria
1184 1783 1205 1816 ,
1236 1746 1404 1827 quae
1439 1726 1573 1797 tibi
1611 1738 1796 1797 esset
1829 1721 2050 1809 facta,
2085 1719 2221 1791 sibi
2261 1716 2734 1817 provideret?

582 1851 750 1944 quis
785 1845 1043 1915 nonin
1080 1859 1163 1911 ea
1192 1850 1268 1909 re
1305 1846 1589 1908 causam
1625 1844 1856 1921 tuam,
1886 1831 2293 1930 periculum
2331 1845 2732 1900 commune

584 1959 695 2055 agi
730 1949 1251 2028 arbitraretur?
1288 1949 1575 2019 Etenim
1609 1952 1880 2016 nomen
1917 1942 2134 2039 legati
2179 1937 2533 2034 ejusmodi
2576 1955 2736 2008 esse

587 2065 844 2150 debet,
863 2056 1065 2157 quod
1097 2083 1247 2129 non
1273 2055 1497 2128 modo
1516 2059 1709 2128 inter
1736 2056 2097 2126 sociorum
2124 2050 2322 2145 jura,
2355 2047 2483 2121 sed
2510 2050 2732 2117 etiam

587 2180 776 2245 inter
811 2170 1133 2240 hostium
1170 2167 1309 2238 tela
1344 2167 1710 2237 incolume
1731 2162 2166 2273 yersetur14.

680 2282 1002 2352 XXXIV.
1027 2281 1369 2373 Magnum
1389 2275 1533 2347 hoc
1549 2280 2120 2371 Lampsacenum
2146 2269 2421 2341 crimen
2440 2280 2547 2339 est
2573 2264 2735 2337 libi-

590 2392 780 2464 dinis
814 2405 1033 2487 atque
1079 2386 1627 2486 improbissimae
1678 2382 2136 2482 cupiditatis:
2173 2379 2473 2475 accipite
2520 2401 2728 2447 nunc

586 2503 892 2573 avaritiae
927 2496 1466 2604 propemodum
1495 2499 1572 2566 in
1605 2519 1739 2567 suo
1763 2503 2030 2589 genere
2064 2515 2216 2561 non
2243 2489 2488 2561 levius.
2520 2488 2727 2558 Mile-

663 2795 742 2826 11.
768 2774 1054 2826 M.Aurelio
1074 2771 1279 2825 Scauro.
1299 2761 1440 2822 Alius
1466 2772 1529 2821 ab
1552 2789 1612 2821 eo

588 2857 675 2920 qui
689 2854 991 2904 Dolabellam
1005 2854 1270 2913 accusavit3
1291 2853 1374 2901 ille
1391 2869 1454 2901 ex
1470 2863 1614 2917 gente

588 2934 786 2983 Aurelia
812 2931 1002 2997 plebeia
1037 2932 1131 2979 suit
1164 2942 1213 2979 et
1248 2931 1419 2979 consul
1451 2933 1513 2980 A.
1541 2932 1608 2979 U.

591 3014 712 3070 642.
742 3011 858 3060 vid.
894 3011 1026 3075 Epit.
1065 3011 1169 3059 Liv.
1206 3013 1369 3071 an,
1404 3021 1453 3057 et
1477 3008 1610 3057 vell.

593 3094 697 3141 Pat.
718 3093 792 3150 11,
825 3104 907 3139 xa.

670 3187 752 3222 ια.
795 3170 1016 3233 Asylum.
1060 3170 1153 3217 Jus
1188 3165 1315 3230 αςγῙί
1355 3164 1613 3229 Ephesini,

591 3250 658 3299 ob
685 3266 870 3315 magnae
891 3248 1060 3297 Dianae
1082 3245 1412 3295 celebritatem
1427 3277 1442 3302 ‚
1469 3259 1615 3307 quam

590 3331 688 3379 late
714 3329 950 3395 patuerit,
990 3327 1134 3375 docet
1164 3323 1359 3374 Strabo.
1391 3323 1617 3373 Ceterum

595 3410 828 3472 fugitivos
867 3421 1033 3455 servos
1068 3420 1129 3453 ex
1167 3402 1315 3467 asylis
1351 3399 1530 3448 retrahi
1555 3401 1616 3448 li·

595 3488 749 3535 cuisse
771 3486 945 3549 probat
967 3485 1108 3533 locus
1132 3483 1264 3530 Plut.
1287 3480 1350 3528 de
1376 3481 1439 3526 Is.
1461 3487 1511 3526 et
1530 3481 1616 3529 0⁸.

593 3565 847 3615 Interdum
873 3576 1035 3614 autem
1061 3562 1244 3612 Graecis
1267 3559 1517 3624 asylomm
1539 3559 1620 3619 jus

592 3646 688 3693 suit
714 3660 1024 3702 concessum,
1058 3640 1306 3690 interdum
1336 3637 1618 3703 demptum,

590 3725 708 3772 hinc
725 3722 959 3770 Romanis
975 3720 1185 3785 publicae
1202 3717 1402 3766 utilitati
1421 3718 1620 3781 prospi-

594 3800 853 3860 cientibus,
873 3799 990 3847 inde
1009 3799 1193 3847 Graecis
1210 3807 1413 3846 vetuste
1427 3797 1622 3862 religio·

594 3884 672 3930 nis
701 3882 810 3942 jura
848 3877 1237 3927 defendentibus.
1273 3875 1426 3940 Quod
1452 3876 1620 3924 scribit

599 3964 800 4010 Sueten.
828 3960 878 4006 in
895 3957 1059 4007 Tiber.
1081 3957 1174 4005 36:
1207 3976 1231 3999 ι
1247 3954 1477 4004 Abolevit
1492 3988 1508 4015 ,
1547 3955 1621 4002 in·

599 4041 734 4105 quit,
751 4037 977 4087 Tiberius
991 4073 1007 4096 ,
1040 4047 1088 4085 et
1110 4037 1192 4097 jus
1213 4050 1495 4099 moremque
1515 4043 1623 4097 asy-

597 4120 757 4169 lorum
784 4135 894 4184 quae
920 4133 1122 4185 usquam
1150 4128 1286 4168 eraut
1300 4138 1341 4165 ιο.
1370 4111 1624 4181 Significat

1701 2785 1803 2836 non
1842 2769 2070 2819 omnibus
2105 2769 2251 2817 fuisse
2292 2767 2439 2815 saeris
2465 2766 2592 2814 loeis
2619 2782 2731 2830 asy-

1699 2851 1822 2900 lum.
1858 2851 2084 2899 Ceterum
2118 2849 2419 2913 apparetitis
2446 2845 2510 2894 ad
2545 2857 2730 2893 statuas

1701 2930 1905 2978 deorum
1926 2940 2012 2977 aut
2028 2929 2373 2992 imperatorum
2391 2924 2731 2989 confugiendi,

1701 3024 1805 3056 non
1825 3009 2028 3056 omnino
2054 3009 2150 3056 hoc
2175 3007 2371 3054 decreto
2397 3006 2543 3052 fuisse
2570 3003 2726 3060 subla-

1700 3098 1830 3148 tum,
1861 3098 1911 3136 et
1934 3088 1988 3135 in
2017 3085 2267 3150 Capitolio
2298 3074 2504 3150 propter
2532 3084 2722 3148 religio-

1702 3183 1814 3215 nem
1861 3166 1914 3214 id
1949 3167 2030 3227 jus
2071 3165 2216 3213 fuisse
2255 3175 2317 3211 ne
2353 3163 2601 3228 supplices
2641 3178 2733 3226 per

1703 3247 1802 3294 vim
1826 3246 2200 3294 abducerentur.
2233 3246 2344 3306 Qua
2377 3243 2438 3291 de
2468 3259 2520 3290 re
2563 3242 2733 3290 confer

1704 3326 1949 3390 egregium
1959 3325 2116 3372 Taciti
2138 3323 2316 3370 Annal.
2333 3323 2427 3383 III,
2446 3322 2514 3369 60
2540 3321 2701 3368 locum
2713 3353 2730 3378 ,

1706 3416 1756 3453 et
1780 3404 2038 3469 spanhem.
2062 3402 2124 3449 de
2151 3401 2392 3449 Numism.
2423 3415 2475 3463 p:
2502 3400 2626 3460 671.

1783 3499 1804 3529 x
1816 3483 1843 3528 3
1854 3518 1867 3530 .
1885 3483 2122 3530 Gruterus
2142 3490 2343 3529 testatur
2360 3478 2413 3525 in
2436 3478 2560 3525 Mss
2578 3475 2735 3525 tribus

1707 3562 1807 3615 suis
1858 3560 2040 3608 nullam
2083 3575 2185 3608 esse
2233 3557 2460 3623 copulam
2477 3591 2492 3615 ‚
2540 3556 2734 3620 legique

1708 3639 1842 3699 vult,
1878 3661 1903 3680 ι-
1919 3648 2145 3686 auctores
2170 3637 2419 3704 principes
2430 3657 2470 3683 u.
2494 3634 2633 3682 Nihil
2658 3645 2734 3682 ta·

1708 3735 1820 3768 men
1846 3722 2072 3784 putamus
2102 3735 2132 3767 a
2151 3717 2363 3782 vulgati·
2391 3713 2732 3763 recedendum.

1708 3799 1742 3849 J
1748 3835 1762 3848 .
1784 3802 1846 3848 V.
1875 3800 1930 3847 1..

1785 3886 1869 3934 ¹4·
1901 3880 2141 3925 Versetur.
2164 3877 2244 3924 Sic
2283 3874 2346 3922 de
2368 3875 2584 3935 Hau-usp.
2613 3885 2734 3933 resp.

1713 3976 1735 3999 ι
1753 3957 1831 4006 Sic
1849 3958 1977 4005 enim
1998 3956 2175 4017 sentio,
2187 3955 2269 4016 jus
2290 3954 2734 4018 legatomm‚quum

1710 4036 1964 4084 hominum
1988 4035 2221 4101 praesidio
2248 4035 2488 4083 munitum
2517 4032 2603 4086 sit,
2635 4041 2735 4078 tum

1713 4117 1855 4163 etiam
1876 4115 2048 4164 divino
2070 4117 2180 4176 jure
2208 4131 2310 4163 esse
2328 4112 2554 4170 vallatum
2569 4130 2613 4154 ι».
2677 4133 2682 4138 ·
