3044 4788
597 437 726 505 DE
774 433 1541 502 VECTIGALIBUS
1591 435 1851 502 REIP.
1903 446 2034 503 etc.
2236 425 2372 500 565

341 553 706 621 Conductio
764 553 1163 642 vectigalium
1218 552 1411 617 fiebat
1460 576 1575 643 per
1624 576 1831 618 unum
1881 555 2158 642 aliquem
2181 601 2199 633 ,
2264 553 2375 638 qui

257 661 438 747 quasi
490 660 789 747 princeps
835 674 970 722 erat
1019 659 1390 723 societatis:
1429 660 1764 723 dicebatur
1815 680 2147 746 mancep5‚
2196 657 2377 743 quasi

184 849 188 857 Ι
259 786 606 851 manuceps
625 811 644 844 ,
675 763 744 827 id
778 779 902 847 est,
932 786 1128 827 manu
1159 764 1414 851 capiens
1435 812 1452 845 ‚
1482 764 1695 851 inquit
1717 766 1974 845 Festus,
2001 764 2149 851 quia
2180 783 2378 823 manu

259 870 511 933 sublata
543 891 612 932 se
642 870 844 957 pluris
877 892 1013 933 esse
1048 869 1359 932 licitatum
1396 869 1810 956 significabat.
1856 870 1933 932 In
1969 868 2380 932 auctionibus

257 976 437 1039 enim
474 975 725 1039 sublata
769 998 997 1055 manu,
1033 975 1134 1037 vel
1174 972 1376 1062 digito
1428 974 1807 1039 licitationes
1850 974 2109 1038 fiebant.
2136 974 2384 1055 Quam-

257 1103 453 1168 quam
477 1082 598 1168 ipsi
615 1083 914 1144 universe
935 1080 1263 1168 publicani
1290 1079 1638 1166 aliquando
1670 1082 1993 1169 mancipes
2019 1104 2054 1143 a
2078 1079 2386 1144 Cicerone

255 1187 660 1274 appellantur
688 1209 705 1249 ε
742 1201 819 1248 ut
852 1186 916 1247 in
958 1184 1234 1248 Divinat.
1263 1185 1327 1246 in
1356 1185 1564 1248 Caecil.
1585 1207 1723 1271 cap.
1759 1207 1859 1248 10.

345 1292 657 1379 Mancipis
696 1290 982 1379 periculo
1028 1291 1302 1353 maxime
1341 1305 1555 1354 totum
1602 1289 2009 1379 vectigalium
2049 1290 2383 1379 negotium

260 1397 618 1485 gerebatur.
647 1399 792 1482 Ipse
815 1395 1137 1483 praecipue
1167 1394 1533 1483 reipublicae
1560 1410 1696 1459 erat
1726 1395 2065 1483 obligatus.
2097 1397 2242 1483 Ipse
2264 1419 2385 1483 pro

263 1526 331 1565 se
365 1518 429 1565 et
460 1524 579 1589 pro
611 1501 802 1564 sociis
827 1500 1202 1589 cogebatur,
1230 1500 1394 1564 datis
1425 1500 1917 1587 fidejussoribus
1939 1550 1954 1577 ,
1997 1501 2108 1587 qui
2144 1499 2385 1588 praedes

239 1610 530 1700 'proprie
564 1608 963 1688 dicebantur,
1000 1630 1220 1672 cavere
1250 1608 1514 1696 poptilO.
1548 1607 1806 1689 Festus;
1839 1609 2073 1671 Ascon.

351 1714 650 1777 Diversus
673 1737 707 1776 a
730 1713 1024 1800 mancipe
1043 1730 1178 1777 erat
1203 1714 1315 1800 qui
1344 1714 1681 1777 dicebatur
1699 1714 2004 1801 magister
2031 1711 2350 1775 societatis
2367 1761 2384 1791 ,

263 1818 447 1897 cujus
499 1819 743 1882 mentio
787 1841 952 1905 saepe
983 1819 1264 1882 occurrit
1300 1820 1366 1881 in
1409 1819 1731 1895 Verrinis‚
1768 1834 1833 1882 et
1865 1818 2039 1882 alibi.
2084 1817 2391 1905 Magister

264 1925 460 1988 fuisse
486 1922 741 1987 videtur
763 1925 1100 2011 primarius
1132 1924 1361 2011 aliquis
1395 1925 1645 2006 sociuS,
1681 1924 1792 2011 qui
1825 1923 2041 1986 omnia
2071 1922 2390 1985 societatis

265 2031 521 2119 negotia
548 2032 767 2093 Romae
791 2028 1280 2093 administrabat
1302 2054 1320 2110 3
1351 2029 1432 2093 ad
1466 2052 1663 2116 quem
1688 2031 2140 2093 controversiae
2163 2050 2391 2090 omnes

265 2134 753 2216 deferebantur,
780 2159 923 2222 quae
951 2135 1032 2198 ad
1057 2157 1193 2198 rem
1224 2157 1639 2198 communem
1669 2135 2119 2221 pertinebant3
2153 2133 2266 2219 qui
2302 2155 2394 2194 ra-

265 2241 473 2305 tiones
496 2242 814 2305 societatis
847 2240 1271 2323 conficiebat3
1305 2256 1371 2303 et
1406 2240 1580 2329 apud
1613 2263 1809 2327 quem
1846 2242 2080 2304 tabulae
2109 2261 2393 2303 asserva·

265 2346 526 2413 bantur.
543 2348 697 2428 Ejus
714 2346 1156 2438 magisterium
1180 2347 1378 2410 fuisse
1392 2370 1518 2410 ann
1529 2370 1712 2428 uum,
1730 2370 1765 2410 a
1781 2347 2094 2412 Cicerone
2107 2344 2397 2410 adducor

268 2468 348 2515 ut
390 2451 685 2533 credam,
718 2453 836 2516 lib.-
863 2455 927 2516 11
966 2454 1030 2516 in
1061 2454 1241 2516 Verr.
1281 2476 1419 2539 cap.
1455 2457 1562 2538 74.
1607 2456 1799 2515 Anno
1846 2468 2100 2527 exact0‚
2151 2450 2310 2514 alter
2345 2453 2403 2513 ei

271 2556 653 2620 succedebat
680 2558 1009 2645 magister3
1054 2559 1143 2621 sic
1170 2573 1304 2620 tota
1336 2558 1402 2618 in
1437 2557 1756 2619 locatione
1788 2556 2072 2644 magistri
2110 2555 2400 2642 quinque

271 2663 485 2726 selecti
517 2684 595 2725 ex
624 2663 812 2725 sociis
849 2665 1381 2728 numerabantur.

356 2768 662 2856 Magister
697 2768 763 2830 in
807 2769 1205 2854 provinciam
1253 2769 1435 2848 cujus
1482 2770 1811 2856 vectigalia
1850 2768 2249 2831 conduxerat
2294 2792 2400 2830 so·

271 2874 497 2953 cietaS,
543 2871 853 2935 vicarium
888 2872 1182 2935 mittebat
1227 2873 1340 2959 qui
1387 2873 1524 2952 ejus
1563 2873 1722 2935 inibi
1759 2873 1963 2936 vicem
2011 2889 2298 2961 gereret,
2338 2888 2401 2935 et

272 2980 473 3043 totius
507 2978 853 3066 provinciae
888 2976 1214 3065 vectigalia
1261 2995 1535 3041 curaret.
1585 2979 1647 3041 Is
1698 2977 2033 3042 dicebatur
2081 3002 2201 3066 pro
2255 3003 2394 3042 ma·-

275 3085 474 3173 gistro
511 3082 662 3146 dare
695 3104 952 3170 operas3
992 3098 1055 3144 et
1089 3083 1224 3169 ipse
1254 3084 1679 3171 promagister
1704 3106 1842 3146 uno
1875 3084 2075 3147 verbo
2097 3134 2113 3166 ,
2151 3101 2226 3148 ut
2258 3108 2408 3172 pro-

277 3189 533 3268 consul,
565 3187 1018 3276 appellabatur.
1043 3187 1222 3250 -Talis
1256 3203 1391 3250 erat
1422 3188 1725 3251 Zachaeus
1756 3188 1863 3251 ille
1885 3239 1902 3269 ‚
1949 3190 2061 3275 qui
2096 3189 2397 3276 princeps

277 3295 771 3381 publicanorum
801 3309 1069 3358 vocatur
1098 3293 1165 3358 in
1194 3295 1577 3382 Evangelio,
1611 3294 1785 3386 apud
1815 3297 1881 3360 B.
1904 3296 2176 3376 Lucam,
2208 3320 2261 3358 c.
2304 3319 2326 3358 ι
2337 3318 2404 3380 9,

279 3423 440 3465 vers».
484 3423 541 3465 a.

366 3508 604 3570 Praeter
637 3529 746 3570 eos
784 3507 898 3593 qui
938 3510 1308 3571 societatem
1346 3509 1869 3587 constituebant,
1919 3522 2100 3570 erant
2142 3508 2206 3568 in
2252 3530 2407 3594 pro·

279 3599 504 3674 vinciis
538 3611 726 3673 etiam
762 3612 863 3673 alii
891 3613 1004 3698 qui
1042 3614 1328 3676 societati
1361 3614 1753 3694 serviebant,
1790 3635 1955 3699 quos
1985 3609 2409 3700 promagister

280 3738 398 3803 per
431 3717 626 3779 urbes
667 3716 1061 3799 dimittebat,
1096 3719 1210 3805 qui
1242 3719 1526 3806 portoria
1547 3767 1564 3800 ‚
1596 3719 1978 3806 scripturam
2000 3768 2017 3798 ‚
2054 3733 2173 3782 etc.
2201 3718 2413 3806 exige·

280 3835 456 3900 rent,
486 3820 761 3882 ministri
789 3821 1285 3907 publicanorum
1314 3839 1378 3885 et
1402 3823 1814 3887 mercenarii:
1841 3822 1987 3911 gall.
2007 3823 2118 3885 des
2138 3828 2409 3885 commis,

280 3925 420 3988 Val.
461 3925 631 3988 Max.
666 3925 776 3987 lib.
795 3927 922 4006 VI,
965 3949 1105 4015 cap.
1145 3951 1222 4012 9,
1278 3933 1311 4008 S
1354 3928 1410 3992 8.
1465 3930 1570 3992 Sic
1613 3930 1956 3993 Canuleius
2002 3929 2106 3991 ille
2150 3926 2232 3990 de
2283 3950 2415 4014 quo

282 4030 541 4111 Cicero,
586 4030 694 4093 lib.
734 4031 796 4093 II
841 4031 906 4092 in
938 4033 1121 4095 Verr.
1165 4056 1300 4121 cap.
1334 4057 1453 4120 70,
1489 4035 1554 4096 in
1591 4048 1788 4121 portu
1824 4032 2151 4121 Syracusis
2186 4055 2412 4119 operas

287 4133 495 4199 dabat.
540 4136 644 4199 Sic
688 4136 1015 4224 Rupilius,
1066 4139 1317 4203 Valerio
1375 4156 1536 4203 teste
1595 4139 1708 4202 ubi
1773 4162 1965 4226 supra
1987 4188 2003 4220 ,
2056 4137 2414 4225 publicanis
