3044 4788
964 350 980 377 1

598 423 689 494 88
1238 430 1334 497 Μ.
1387 430 1464 496 Τ.
1520 428 2070 498 CICERONIS

695 549 884 626 XXI.
945 545 1140 638 Quid
1194 547 1371 619 mihi
1408 548 1513 620 ‘ad
1564 547 2107 621 defendendum
2153 546 2485 636 dedisti1,
2535 546 2740 618 bone

603 655 1014 733 accusator?
1053 655 1232 753 quid
1258 658 1453 729 hisce
1483 675 1728 731 autem
1760 659 1853 730 ad
1886 657 2442 757 suspicandum?
2467 663 2574 732 Ne
2607 684 2740 729 ex·

604 764 1094 854 heredaretur‚
1119 770 1391 839 veritus
1427 784 1555 841 est.
1593 768 1832 841 Audio
1867 795 1883 838 :
1919 768 2043 839 sed
2077 793 2224 865 qua
2256 767 2347 839 de
2379 792 2592 838 causa
2622 793 2742 839 ve-

604 878 743 945 reri
790 873 1156 963 debuerit,
1206 903 1423 950 nemo
1459 878 1654 950 dicit.
1712 878 2042 963 Habebat
2081 893 2284 976 pater
2335 881 2410 947 in
2459 881 2736 949 animo,

602 984 903 1055 Planum
931 982 1062 1055 fae.
1089 985 1284 1057 Nihil
1308 1003 1457 1058 est:
1488 991 2026 1085 non²,quicum
2051 986 2486 1075 deliberarit,
2506 1012 2736 1084 quem

604 1098 985 1166 certiorem
1017 1094 1300 1184 fecerit,
1336 1098 1536 1171 unde
1562 1098 1759 1171 istud
1785 1098 1993 1169 vobis
2024 1100 2373 1196 suspicari
2411 1100 2487 1166 in
2530 1121 2741 1166 men-

605 1220 752 1276 tem
786 1208 1085 1277 venerit.
1137 1210 1384 1299 Quum
1423 1209 1565 1280 hoc
1601 1208 1823 1281 modo
1850 1232 2180 1294 accusa5,
2210 1210 2456 1294 Eruci,
2484 1222 2739 1276 nonne

603 1313 746 1386 hoc
767 1317 999 1413 palam
1035 1316 1258 1391 dicis?
1292 1342 1465 1415 egn,
1491 1318 1673 1415 quid
1706 1322 2108 1417 acceperim
2131 1372 2151 1405 ,
2185 1321 2369 1404 scio;
2409 1315 2591 1413 quid
2619 1315 2738 1385 di-

606 1447 788 1511 cam,
816 1428 1059 1507 nescio
1086 1452 1102 1494 ε
1137 1452 1366 1498 unum
1399 1426 1580 1497 illud
1607 1432 1958 1525 spectavi,
1982 1426 2185 1524 quod
2218 1426 2737 1523 Chrysogonus

601 1533 874 1623 aiebat,
903 1539 1268 1608 neminem
1297 1540 1411 1607 isti
1443 1552 1832 1635 patronum
1859 1537 2223 1624 futurum;
2246 1535 2337 1607 de
2365 1534 2736 1606 bonorum

604 1648 973 1742 emptione
995 1698 1015 1733 ,
1064 1645 1301 1743 deque
1336 1671 1417 1717 ea
1452 1649 1791 1718 societate
1834 1650 2201 1717 neminem
2230 1671 2382 1718 esse
2410 1648 2538 1742 qui
2570 1669 2737 1714 ver-

602 1751 784 1823 bum
823 1753 1055 1825 facere
1086 1754 1228 1832 hoc
1269 1770 1594 1854 tempore
1626 1754 1946 1827 auderet.
1979 1761 2144 1826 Haec
2178 1771 2247 1826 te
2281 1758 2530 1854 opinio
2562 1752 2736 1824 falsa

606 1866 682 1933 in
715 1867 923 1935 istam
951 1863 1276 1935 fraudem
1310 1866 1601 1964 impulit
1629 1892 1644 1934 :
1680 1891 1830 1935 non
1868 1865 2280 1935 mehercule
2303 1864 2606 1935 verbum
2635 1861 2739 1933 fe-

608 1977 846 2062 cisses,
869 1977 925 2044 si
952 1973 1083 2044 tibi
1103 1999 1546 2071 quemquam
1572 2000 2086 2073 responsurum
2112 1989 2454 2072 putasses.
2484 1979 2739 2071 Operae

605 2086 922 2181 pretium
955 2098 1128 2172 erat,
1149 2088 1206 2153 si
1235 2086 1859 2172 animadvertistis,
1871 2112 1896 2181 J
1906 2084 2175 2183 udiceS,
2191 2078 2738 2181 negligentiam³

609 2192 869 2286 ejus'in
896 2192 1303 2273 accusando
1341 2195 1817 2271 considerare.
1863 2194 2122 2282 Credo,
2158 2219 2391 2291 quum
2420 2191 2741 2279 vidisset,

610 2306 739 2400 qui
794 2302 1126 2376 homines
1175 2309 1249 2376 in
1297 2305 1495 2378 hisce
1548 2306 1903 2378 subselliis
1954 2303 2323 2392 sederent,
2367 2306 2741 2401 quaesisse,

612 2439 791 2484 num
819 2415 936 2487 ille
953 2431 1081 2487 aut
1102 2419 1219 2488 ille
1245 2415 1673 2489 defensurus
1697 2433 1882 2489 esset
1899 2444 1917 2504 ;
1937 2415 2028 2487 de
2049 2441 2163 2485 me
2180 2440 2272 2486 ne
2297 2418 2743 2513 suspicatum

612 2523 945 2620 quidem,
976 2526 1179 2624 quod
1217 2544 1428 2630 antea
1462 2552 1748 2600 causam
1776 2527 2190 2626 publicam‘*
2223 2526 2494 2596 nullam
2537 2524 2742 2596 dixe·

609 2636 783 2703 rim:
804 2651 1273 2733 posteaquam
1295 2640 1575 2708 invenit
1598 2641 1961 2709 neminem
1985 2639 2401 2732 eorum,qui
2430 2648 2744 2732 possunt

606 2758 678 2814 et
697 2743 955 2833 solent,
972 2749 1071 2816 ita
1098 2747 1469 2844 negligens
1490 2772 1645 2819 esse
1671 2751 1914 2845 coepit,
1940 2761 2044 2833 ut,
2064 2772 2295 2842 quum
2317 2749 2390 2816 in
2419 2759 2738 2815 mentem

604 2855 884 2924 veniret
922 2857 1027 2941 ei,
1072 2856 1466 2944 resideret3
1516 2856 1780 2928 deinde
1831 2859 2259 2953 spatiaretur
2276 2852 2329 2942 ⁵3
2376 2879 2744 2924 nonnum-

606 2984 827 3057 quam
851 2966 1063 3032 etiam
1091 2989 1404 3062 puerum
1428 2981 1754 3055 vocaret,
1782 2964 1999 3036 credo
2018 3021 2037 3054 ,
2066 2969 2181 3035 cui
2209 2990 2489 3036 coenam
2515 2967 2746 3062 impe-

606 3213 775 3251 tunam
837 3213 954 3252 tune
1005 3204 1313 3255 solummodo
1366 3207 1627 3255 accusandi
1716 3207 1898 3254 diceret
1921 3241 1934 3265 ‚
1985 3206 2144 3254 solute
2185 3217 2344 3253 tamen
2384 3213 2433 3250 et
2477 3202 2742 3250 oscitanter

607 3283 750 3330 vobis
786 3283 879 3331 erit
918 3284 1071 3336 loeus.
1109 3288 1266 3348 Quem
1307 3286 1438 3334 enim
1474 3285 1628 3346 judex

607 3362 1001 3412 calumnintorem
1027 3365 1440 3428 pronuntiaverat,
1464 3366 1507 3413 is
1528 3382 1625 3413 am-

606 3439 738 3504 plius
760 3457 985 3490 accusare
1003 3459 1104 3492 uon
1122 3454 1333 3508 poterat.
1352 3444 1499 3493 Ludit
1517 3461 1630 3493 ore·

607 3528 690 3565 tor
717 3519 772 3567 in
796 3521 948 3570 verbo
970 3538 1217 3571 accusare.
1253 3524 1377 3571 Nam
1402 3539 1630 3573 accusare

608 3607 800 3644 nostras
819 3599 1037 3647 fortunas
1063 3601 1288 3659 dicimur,
1306 3617 1458 3665 quum
1479 3604 1542 3652 de
1559 3605 1630 3651 eis

610 3675 877 3739 querimur.

678 3755 822 3802 xxt.
849 3771 897 3804 r.
918 3755 1121 3805 Dedisti.
1138 3759 1319 3808 Dixisti
1343 3758 1477 3823 quod
1501 3774 1529 3805 e
1552 3776 1630 3808 me

610 3834 675 3882 sit
699 3834 1031 3883 refellendum.

679 3928 706 3959 2
719 3947 733 3960 .
753 3913 883 3961 Non.
901 3912 1017 3961 Seil.
1039 3913 1238 3977 planum
1261 3915 1395 3963 sacis.

686 3992 732 4038 3.
767 3990 1147 4057 Negligentiam.
1184 3993 1315 4040 Hinc
1339 3992 1463 4039 illud
1492 3993 1630 4042 Cice-

609 4073 745 4121 ronis
770 4072 824 4118 in
846 4073 917 4119 M.
938 4070 1223 4128 Calidium,
1242 4071 1325 4134 qui
1344 4106 1360 4130 ,
1383 4087 1534 4134 quum
1553 4074 1629 4118 in-

609 4151 736 4200 dicia
770 4153 940 4202 mortis
965 4168 1015 4199 se
1050 4151 1339 4215 comperisse
1374 4150 1627 4200 manifesto

1715 3296 1876 3349 egerat
1897 3299 1910 3333 :
1935 3287 2048 3332 «Tu
2075 3285 2199 3331 istuc
2224 3281 2425 3341 Callicli,
2462 3280 2557 3329 nisi
2588 3279 2742 3343 finge-

1718 3381 1813 3422 res,
1839 3365 1909 3411 sic
1931 3380 2095 3427 ageres
2111 3386 2152 3412 u.

1789 3452 1838 3499 4.
1878 3443 2086 3490 Causam
2115 3439 2386 3506 publicam.
2436 3440 2552 3487 Non
2591 3438 2738 3485 semel

1713 3524 1812 3584 jam
1858 3538 2022 3569 ceum
2061 3530 2281 3582 oraverat
2321 3519 2495 3568 Cicero
2529 3515 2605 3583 (ut
2640 3532 2739 3581 pro

1717 3601 1894 3664 Quint.
1915 3600 2078 3648 videre
2095 3609 2169 3647 est
2197 3614 2307 3662 cap.
2334 3597 2410 3661 ι),
2440 3596 2525 3644 sed
2546 3607 2740 3644 tentum

1718 3681 1770 3727 in
1816 3679 2018 3743 privatis
2059 3677 2276 3737 judiciis.
2325 3676 2575 3724 Peablicam
2621 3690 2742 3721 vero

1717 3774 1945 3811 causam,
1972 3759 2007 3806 i.
2028 3773 2073 3806 e.
2091 3773 2202 3820 quae
2230 3756 2290 3804 de
2312 3756 2390 3803 his
2412 3755 2622 3803 habetur
2642 3752 2740 3800 cri·

1717 3836 1934 3885 minibus
1960 3852 2173 3899 quorum
2198 3834 2449 3898 castigatio
2480 3833 2545 3881 ad
2581 3848 2740 3897 remp.

1717 3916 1945 3979 pertinet,
1965 3915 2146 3963 nullam
2173 3925 2309 3962 antea
2335 3923 2562 3976 gesserat.

1788 3995 1840 4042 5.
1894 3994 2214 4058 Spatiaremr.
2266 3994 2447 4041 Causas
2496 4006 2640 4055 aequo
2690 3990 2742 4037 in

1715 4072 1829 4120 loco
1857 4073 2083 4121 dicebant
2101 4107 2115 4130 ,
2166 4083 2214 4119 et
2242 4071 2485 4120 interdum
2517 4068 2744 4117 inambu-

1715 4151 1880 4201 labunt
1908 4154 1960 4200 in
1993 4153 2152 4217 spatio
2169 4152 2309 4216 quod
2326 4152 2454 4200 inter
2472 4149 2744 4198 advocato-
