3044 4788
557 340 693 427 264
1190 342 1287 408 Μ.
1341 343 1416 407 Τ.
1475 339 2043 408 clcssssoN-ls

541 461 817 557 judice,
864 485 1082 558 quam
1128 474 1465 557 praetore,
1508 459 1697 529 hanc
1733 484 1889 530 rem
1943 462 2240 553 transigi
2289 459 2569 546 malim;
2621 474 2698 530 et

542 568 863 666 jurato¹⁶
902 595 1142 657 suam,
1188 594 1410 666 quam
1446 571 1762 664 injurato
1806 569 2118 642 aliorum
2152 569 2447 642 tabellas
2482 594 2695 641 com-

548 686 858 754 mittere.

648 797 767 864 XI.
799 795 1015 863 Nunc
1041 801 1238 887 θεοῖ,
1262 788 1536 884 judices
1554 844 1573 878 ,
1595 790 1745 884 jam
1774 814 1901 861 vos
1926 790 2262 876 consu10‚
2303 788 2482 886 quid
2511 788 2696 859 mihi

547 901 961 976 faciendum
993 903 1261 998 putetis
1291 929 1307 972 ε
1337 899 1411 971 id
1446 902 1643 972 enim
1682 900 1961 971 consilii
1996 900 2172 970 mihi
2210 898 2544 998 profecto
2584 915 2697 968 ta-

549 1017 673 1087 citi
716 1011 1014 1099 dabitis,
1042 1010 1243 1110 quod
1284 1027 1573 1107 egomet
1610 1009 1790 1081 mihi
1826 1015 2228 1082 necessario
2256 1009 2694 1108 capiendum

553 1124 900 1221 intelligo.
932 1126 1001 1194 Si
1037 1137 1199 1193 utar
1215 1122 1305 1193 ad
1327 1122 1723 1193 dicendum
1743 1146 1911 1194 meo
1931 1122 2256 1221 legitimo
2277 1133 2307 1164 ‘²
2338 1137 2696 1219 tempore,

556 1236 695 1304 mei
733 1231 1031 1321 laboris,
1057 1232 1426 1304 industriae
1462 1230 2001 1329 diligentiaeque
2034 1233 2312 1330 capiam
2340 1231 2697 1317 fructum;

556 1358 630 1415 et
664 1339 801 1413 ex3·
840 1343 1293 1414 accusatione
1331 1340 1732 1438 perficiam,
1769 1357 1855 1413 ut
1894 1368 2112 1414 nemo
2153 1367 2503 1440 umquam
2533 1357 2702 1440 post

558 1452 940 1524 hominum
979 1454 1407 1524 memoriam
1458 1453 1804 1548 paratior,
1848 1452 2290 1549 vigilantior,
2333 1455 2701 1550 composi-

562 1567 746 1636 τίοι-4
777 1563 865 1635 ad
896 1563 1250 1661 judicium
1282 1565 1565 1633 venisse
1594 1561 1948 1638 videatur.
1989 1562 2129 1635 Sed
2162 1565 2238 1633 in
2276 1560 2458 1633 hac⁵
2485 1561 2703 1634 laude

559 1672 926 1746 industrias
955 1698 1163 1758 meae,
1198 1695 1370 1742 reus
1395 1697 1488 1743 ne
1525 1670 1875 1761 elabatur,
1900 1698 2268 1744 summum
2294 1673 2701 1771 periculum

560 1802 691 1858 est.
731 1785 931 1877 Quid
959 1799 1070 1856 est
1104 1784 1351 1878 igitur,
1379 1783 1584 1879 quod
1613 1782 1768 1856 fieri
1797 1785 2066 1881 possit?
2093 1809 2247 1855 non
2279 1782 2703 1872 obscurum,

519 1955 530 1966 .
557 1900 844 1994 opinor,
872 1918 1112 1990 neque
1133 1891 1660 1964 absconditum.
1691 1898 2035 1966 Fructum
2060 1901 2281 1968 istum
2298 1896 2554 1982 laudis,
2572 1899 2703 1993 qui

560 2031 650 2077 ex
689 2016 1043 2101 perpetua
1073 2003 1405 2072 oratione
1449 2006 1727 2102 percipi
1773 2007 2050 2102 potuit,
2084 2010 2160 2078 in
2197 2008 2335 2079 alia
2374 2022 2707 2104 tempora

561 2135 1009 2185 reservemus
1054 2137 1070 2180 ε
1119 2135 1318 2182 nunc
1371 2112 1749 2185 hominem
1804 2114 2109 2204 tabulis,
2154 2117 2498 2205 testibus,
2550 2120 2705 2215 pri-

561 2224 742 2294 vatis
766 2219 1223 2319 publicisque
1259 2221 1482 2295 literis
1515 2226 2220 2326 auctoritatibusque
2260 2254 2700 2301 accusemus.

563 2340 700 2407 Res
740 2333 981 2404 omnis
1014 2332 1194 2403 mihi
1239 2348 1481 2405 tecum
1519 2336 1686 2423 erit,
1726 2341 2090 2412 Hortensi.
2140 2341 2395 2412 Dicam
2433 2354 2704 2439 aperte.

562 2449 633 2517 Si
676 2461 747 2517 te
786 2469 1074 2516 mecum
1113 2443 1424 2516 dicendo
1462 2470 1544 2516 ac
1582 2444 1947 2520 diluendis
1989 2450 2415 2521 criminibus
2457 2451 2532 2519 in
2571 2447 2706 2519 hac

563 2581 778 2630 causa
806 2553 1247 2627 contendere
1277 2569 1643 2651 putarem;
1668 2581 1803 2654 ego
1831 2583 2132 2655 quoque
2164 2562 2242 2629 in
2274 2556 2703 2639 accusandO,

563 2685 785 2766 atque
808 2669 887 2737 in
914 2664 1354 2764 explicandis
1385 2665 1816 2754 criminibus
1840 2691 2138 2765 operam
2161 2691 2702 2740 consumerem:

566 2803 805 2865 nunc,
858 2777 1205 2873 quoniam
1253 2800 1580 2872 pugnare
1618 2791 1873 2858 contra
1927 2802 2044 2859 me
2093 2779 2498 2864 instituisti,
2556 2801 2707 2846 nou

571 3027 688 3075 dum
721 3024 826 3072 dies
855 3022 1007 3071 futuri
1044 3034 1158 3072 sunt
1191 3034 1396 3088 propter
1431 3022 1597 3081 ferias,

564 3110 809 3168 festosque
830 3102 951 3152 dies.

646 3187 727 3234 16.
747 3179 1161 3241 Jurato.Judices
1183 3180 1441 3240 jurabant3
1472 3195 1595 3243 prae·

569 3278 647 3315 tor
687 3280 792 3312 non
825 3261 1040 3323 jurabat.
1076 3260 1268 3307 Mavult
1305 3260 1506 3317 Cicero,
1543 3270 1598 3307 ut

568 3343 795 3394 Metellus
829 3343 891 3389 sit
922 3340 1077 3403 iudex
1107 3350 1158 3387 et
1184 3354 1319 3386 suam
1344 3337 1450 3401 ipse
1478 3339 1598 3386 ferat

569 3423 884 3479 sententiam,
916 3436 1061 3484 quam
1089 3430 1145 3466 ut
1172 3418 1233 3465 sit
1261 3426 1444 3481 praetor
1469 3428 1519 3465 et
1545 3418 1598 3465 in

571 3517 658 3549 sna
677 3510 918 3563 potestate
944 3498 1122 3547 habeat
1151 3496 1353 3545 tabellas
1376 3496 1599 3559 onmium

565 3579 807 3643 judicum.

645 3661 735 3708 xl.
779 3674 823 3706 1.
866 3654 1078 3714 Schiitz,
1129 3666 1241 3719 post
1285 3657 1563 3704 Ernestium
1583 3692 1597 3719 2

573 3739 708 3788 malit
737 3737 887 3785 -Non
916 3752 1007 3798 ego
1023 3757 1066 3784 ιι.
1099 3738 1306 3784 Frustra.
1321 3738 1354 3784 J
1360 3739 1447 3784 .V.
1471 3739 1528 3784 1..

642 3836 691 3865 α.
730 3811 968 3880 Legitima
1007 3826 1239 3878 tempore.
1266 3816 1458 3879 Viginti
1497 3815 1599 3864 die·

569 3900 694 3947 bus:
726 3906 801 3944 tot
820 3894 950 3942 enim
978 3892 1125 3942 dabat
1154 3893 1234 3943 lex
1270 3894 1332 3942 ad
1368 3910 1598 3943 accusan-

572 3981 709 4039 dum,
726 3975 1026 4038 totidemque
1046 3973 1287 4024 defensori
1309 3976 1374 4024 ad
1392 3991 1598 4040 respon-

570 4058 800 4109 dendum.
816 4058 981 4105 Ascox«
991 4091 1003 4103 .

1760 3023 1808 3071 3.
1830 3024 1914 3071 Ex
1938 3023 2035 3071 hoc
2058 3023 2173 3071 loco
2203 3038 2304 3070 non
2334 3021 2396 3070 de
2425 3021 2573 3069 latina
2595 3037 2712 3069 con·

1686 3102 1943 3151 suetudine
1969 3102 2167 3164 dicitur,
2194 3114 2367 3167 estque
2395 3101 2516 3148 mihi
2544 3118 2710 3164 suspe-

1687 3192 1839 3230 ctum.
1884 3185 1966 3230 An
2011 3184 2128 3242 fuit,
2170 3205 2197 3224 κ
2213 3199 2267 3231 ea
2307 3183 2660 3230 accusatione?
2685 3204 2711 3223 ι

1688 3263 1875 3310 Ernest.
1910 3265 1942 3311 J
1947 3296 1959 3309 .
1976 3264 2041 3309 V,
2067 3263 2120 3310 L.

1759 3348 1807 3398 4.
1823 3344 1984 3401 Graev.
1999 3340 2153 3399 malit,
2172 3356 2236 3388 ex
2254 3341 2524 3404 interprete
2543 3340 2712 3396 veteri,

1685 3420 1957 3483 cope'osior5
1988 3419 2054 3467 ita
2075 3432 2237 3468 umen
2254 3430 2310 3468 ut
2331 3419 2517 3484 optime
2541 3420 2711 3482 vulga-

1686 3510 1786 3546 tam
1798 3498 2058 3557 lectionem
2077 3499 2313 3563 explicari
2330 3515 2478 3563 posse
2491 3500 2713 3548 fateatur.

1686 3579 1814 3626 Nam
1866 3578 2178 3642 compositior
2227 3578 2294 3626 ad
2347 3581 2607 3627 oratoriam
2659 3578 2714 3624 in

1688 3657 2044 3730 componendis
2076 3658 2374 3722 argumentis
2408 3657 2711 3722 diligentiam

1687 3736 1906 3785 refertur.
1940 3737 2021 3784 sic
2058 3760 2081 3778 e«
2097 3751 2393 3800 cognoscere
2429 3747 2478 3783 et
2515 3753 2714 3801 compo·

1688 3830 1801 3869 nere
1821 3832 2023 3864 causas-o
2042 3827 2115 3864 est
2131 3816 2355 3864 meditari
2374 3827 2424 3863 et
2440 3832 2715 3881 preparare

1687 3894 1808 3958 quid
1831 3895 1884 3942 in
1911 3911 2054 3943 causa
2079 3895 2343 3944 dicendum
2365 3895 2444 3944 sit.

1761 3974 1807 4021 5.
1836 3977 1895 4022 In
1916 3974 2011 4024 bac
2038 3975 2203 4025 laude.
2240 3978 2368 4025 Dum
2394 3991 2562 4039 quaero
2590 3975 2716 4022 hanc

1688 4053 1897 4117 laudern.
