3044 4788
671 460 778 530 IN
829 454 1268 528 VERREM
1321 462 2091 545 ACT.11‚L113.11.
2312 462 2442 544 421

316 584 548 680 gravis
573 579 999 651 auctoritas?
1030 578 1314 649 nullum
1353 580 1800 677 exemplum,
1839 580 2041 678 quod
2071 581 2281 679 sequi
2311 582 2454 651 vel—

318 693 423 763 les
440 692 469 760 ?
485 695 757 761 Verum
775 742 795 777 ,
813 703 895 759 ut
912 689 1193 760 institui
1211 689 1451 761 dicere
1465 746 1485 779 ,
1509 691 1841 788 quinque
1859 691 2229 786 judicibus
2254 691 2457 762 nulla

318 802 507 898 lege,
528 799 734 871 nullo
771 802 1141 886 institut0,
1176 800 1374 871 nulla
1405 801 1801 895 rejectione
1815 798 1868 889 ⁵,
1883 801 2080 872 nulla
2101 817 2329 889 sorte,
2369 827 2458 872 ex

317 909 621 982 libidine
671 911 877 980 istius
922 906 1141 989 datis,
1190 934 1341 979 non
1386 912 1515 1007 qui
1558 934 1843 981 causam
1890 926 2415 1009 cognoscerent
2441 965 2459 996 ,

316 1018 445 1092 sed
489 1022 661 1116 qui,
712 1018 913 1116 quod
960 1022 1397 1116 imperatum
1448 1035 1667 1108 esset,
1704 1020 2152 1114 judicarent3
2198 1046 2287 1092 eo
2340 1020 2458 1092 die

318 1129 499 1216 nihil
542 1143 782 1200 actum
820 1141 958 1215 est3
1001 1127 1247 1199 adesse
1287 1128 1642 1223 jubentur
1679 1130 2050 1226 postridie.

416 1243 641 1311 XVII.
704 1236 1072 1310 Heraclius
1118 1240 1432 1327 interea,
1494 1262 1726 1334 quum
1778 1263 2036 1310 omnes
2084 1239 2379 1311 insidias
2419 1266 2462 1312 a

323 1364 628 1451 praetore
665 1346 977 1419 fortunis
1011 1350 1160 1419 suis
1183 1346 1341 1418 fieri
1363 1345 1644 1419 videret
1668 1402 1686 1434 ,
1733 1350 1924 1446 capit
1960 1350 2338 1419 consilium
2370 1349 2463 1420 de

324 1463 720 1533 amicorum
759 1474 832 1531 et
867 1459 1451 1558 propinquorum
1482 1459 1873 1546 sententia,
1904 1483 2053 1529 non
2082 1457 2332 1531 adesse
2370 1458 2459 1530 ad

319 1571 719 1667 judicium:
769 1571 1017 1667 itaque
1072 1570 1437 1667 Syracusis
1484 1569 1607 1639 illa
1655 1583 1873 1640 nocte
1928 1567 2272 1667 profugit.
2321 1574 2465 1640 Iste

327 1695 618 1779 postero
658 1679 775 1751 die
812 1702 1023 1750 mane
1047 1733 1066 1768 ,
1102 1703 1332 1775 quum
1371 1679 1608 1749 multo
1647 1683 2031 1765 maturiuS,
2058 1703 2276 1775 quam
2315 1702 2467 1750 um-

327 1815 547 1889 quam
599 1804 844 1876 antea,
898 1791 1353 1878 surrexisset3
1404 1788 1687 1883 judices
1749 1790 1993 1860 citari¹
2045 1789 2301 1885 jubet:
2339 1788 2465 1860 ubi

327 1903 682 1997 comperit
724 1898 1135 1970 Heraclium
1176 1924 1323 1970 non
1371 1897 1651 1988 adesse,
1695 1924 1955 1996 cogere
1994 1900 2245 1998 incipit
2292 1925 2417 1971 eos
2447 1955 2467 1988 ,

329 2025 413 2082 ut
439 2010 810 2082 absentem
847 2009 1255 2080 Heraclium
1292 2008 1886 2080 condemnarent.
1922 2008 2036 2080 Illi
2072 2033 2239 2079 eum
2276 2033 2467 2079 com-

327 2119 857 2208 monefaciunt,
885 2133 1008 2204 ut,
1048 2122 1108 2190 si
1145 2120 1211 2191 ei
1243 2118 1594 2207 videatur,
1628 2133 1874 2190 utatur
1904 2120 2235 2190 instituto
2260 2143 2394 2190 suo
2413 2130 2468 2204 ²,

327 2256 465 2303 nec
494 2244 702 2328 cogat
723 2243 891 2300 ante
918 2229 1171 2299 horam
1197 2227 1593 2301 decimam³
1622 2230 1712 2301 de
1742 2229 2038 2301 absente
2066 2228 2466 2302 secundum

328 2354 754 2441 praesentem
787 2337 1114 2435 judicare
1150 2366 1166 2409 :
1203 2340 1621 2438 impetrant.
1663 2343 1949 2411 Interea
1979 2363 2152 2412 sane
2189 2353 2473 2438 pertur-

328 2452 543 2523 batus
570 2465 641 2521 et
667 2454 818 2548 ipse
837 2504 857 2538 ,
886 2463 957 2519 et
985 2450 1049 2545 ej
1060 2474 1144 2520 us
1164 2451 1372 2521 amici
1400 2464 1471 2522 et
1496 2449 1924 2537 consiliarii,
1948 2449 2256 2520 moleste.
2282 2448 2471 2520 ferre

252 2643 257 2650 .
330 2574 749 2660 coeperunt,
798 2560 1207 2630 Heraclium
1256 2557 1660 2658 profugisse
1698 2584 1716 2629 ε
1757 2557 2114 2657 putabant
2152 2557 2472 2630 absentis

332 2672 916 2756 damnationem,
957 2674 1351 2767 praesertim
1403 2683 1619 2740 tantae
1671 2672 2038 2767 pecuniae,
2082 2668 2310 2737 multo
2364 2669 2472 2738 in-

334 2780 792 2852 vidiosiorem
839 2778 1033 2867 fore,
1078 2805 1298 2877 quam
1350 2781 1411 2850 si
1454 2803 1769 2877 praesens
1816 2776 2200 2848 damnatus
2259 2792 2469 2847 esset.

332 2898 436 2965 Eo
474 2890 899 2979 accedebat,
950 2889 1151 2988 quod
1192 2888 1471 2987 judices
1512 2913 1554 2959 e
1596 2888 1752 2987 lege
1797 2887 2084 2985 Rupilia
2121 2886 2271 2957 dati
2324 2912 2473 2957 non

334 3018 570 3092 erant;
607 3002 841 3073 multo
870 3002 1085 3071 etiam
1118 2991 1269 3070 rem
1303 2999 1752 3098 turpiorem'*
1788 3011 1862 3068 et
1902 2997 2336 3093 iniquiorem
2366 2999 2477 3067 vi-

334 3137 499 3185 sum
533 3113 620 3183 iri
657 3110 1172 3208 intelligebant.
1206 3114 1459 3207 ltaque
1502 3108 1646 3179 hoc
1676 3107 1853 3179 dum
1888 3108 2244 3203 corrigere
2281 3105 2474 3191 vult,
2513 3171 2516 3174 ,

407 3359 456 3406 5.
485 3356 843 3421 Al.reIigione‚
877 3357 1040 3404 minus
1064 3367 1260 3421 aptum,
1282 3358 1356 3404 iu-

336 3439 442 3484 vito
459 3438 622 3485 Gtaev.
644 3436 693 3483 J.
707 3436 771 3481 V.
793 3437 849 3482 L.
870 3463 942 3471 —
960 3435 1107 3484 Nulla
1127 3437 1357 3500 permina

1445 3356 1652 3405 concedi
1679 3355 1891 3415 solebat,
1916 3353 1978 3402 ad
2012 3351 2279 3401 sistendum
2308 3368 2362 3398 oe
2391 3367 2480 3399 eo-

1446 3451 1551 3482 rnm
1577 3434 1759 3494 jndice.
1783 3433 1910 3480 Vide
1940 3434 2021 3493 ju·
2054 3433 2156 3479 ΧΠ
2186 3429 2324 3478 uhb.
2344 3431 2480 3493 apud

330 3514 554 3574 iudicum
579 3513 893 3562 recusatione.

407 3593 574 3640 xvn.
603 3607 645 3639 1.
665 3592 861 3640 Iudices
883 3593 1043 3642 citari.
1074 3598 1185 3644 Hoc
1209 3597 1261 3643 in
1278 3595 1361 3656 ju·

336 3671 479 3718 diciis
501 3686 752 3735 praecones
777 3688 954 3719 munus
983 3673 1257 3734 habebant,
1301 3686 1358 3723 ut

336 3749 521 3798 scilicet
566 3749 758 3810 judices
782 3785 799 3811 ‚
842 3761 1083 3817 testesque
1146 3763 1194 3800 et
1248 3769 1357 3800 reon

339 3841 687 3878 convocarent.

409 3924 459 3954 α.
485 3909 713 3956 Instituta
747 3927 856 3957 suo.
894 3912 957 3958 Η.
986 3926 1034 3958 e.
1061 3926 1165 3957 non
1188 3922 1358 3959 contra

336 4004 394 4036 ea
410 4003 519 4050 quae
538 3988 642 4051 ipse
667 3986 883 4035 decrevit
900 4022 917 4047 ‚
950 3998 1076 4050 agat.

409 4068 457 4115 3.
485 4069 618 4114 Ante
650 4065 823 4113 horam
860 4067 1118 4116 decimam.
1161 4067 1361 4115 Duabus

339 4157 450 4195 ante
496 4156 688 4194 noctem
736 4147 889 4195 boris.
943 4147 1059 4193 Dies
1100 4156 1231 4194 totus
1275 4163 1358 4194 reo

1446 3513 1594 3562 Bach.
1621 3523 1740 3562 tom.
1768 3517 1809 3561 1.
1847 3542 1913 3550 —
1945 3509 2235 3558 Secundum.
2270 3511 2480 3573 Propter

1446 3601 1749 3658 praesentem.

1520 3681 1569 3728 4.
1606 3674 1724 3719 Post
1760 3670 2066 3733 «turpiorem
2078 3691 2103 3710 »ι
2143 3669 2262 3720 Em.
2294 3668 2477 3718 delevit

1447 3773 1469 3795 ι
1489 3753 1595 3799 sore
1609 3773 1633 3792 υ
1649 3785 1663 3809 ,
1698 3749 1835 3813 quod
1855 3749 1909 3796 in
1934 3748 2073 3796 libris
2100 3760 2221 3797 vett.
2244 3765 2346 3796 non
2372 3758 2445 3795 est
2461 3782 2477 3802 ‚

1446 3841 1493 3878 et
1528 3829 1591 3878 ab
1628 3830 1865 3877 sententia
1896 3827 2147 3880 abhorret.
2189 3830 2266 3876 Ex
2304 3826 2477 3876 iisdem

1447 3927 1565 3958 mox
1600 3909 1786 3967 edidit,
1826 3924 2013 3971 «quum
2045 3906 2210 3956 multis
2249 3905 2480 3970 lacrymis

1447 4007 1558 4038 eum
1599 3998 1824 4045 oraretn,
1859 4004 1956 4053 pro
1999 4008 2022 4031 ι
2042 3987 2207 4035 multis
2246 3985 2479 4050 lacrymis

1448 4085 1602 4133 quum
1628 4085 1738 4117 eum
1767 4083 1840 4114 or.
1857 4090 1881 4108 n·
1921 4070 2042 4114 Item
2071 4082 2212 4123 mox,
2238 4076 2478 4129 «postem

1452 4147 1530 4195 die
1549 4169 1568 4188 ι
1588 4181 1603 4205 ,
1627 4163 1721 4213 pro
1743 4144 2065 4213 «postridie».
2084 4147 2133 4195 J.
2154 4146 2216 4193 V.
2250 4146 2304 4196 1..
