3044 4788
942 461 1078 528 DE
1128 459 1777 535 PROVINCIIS.
2281 454 2422 528 233

296 595 403 659 Sic
442 607 509 657 et
556 589 640 673 Q.
677 588 893 654 Tullio
937 588 1114 652 fratri
1160 586 1488 653 Ciceronis
1540 585 1941 653 manendum
1983 586 2109 652 fuit
2157 587 2226 652 in
2262 587 2425 651 Asiae
2496 629 2503 646 .

295 713 572 789 praetura
599 719 716 784 per
734 694 1082 759 triennium
1111 708 1377 783 propter
1398 712 1659 760 senatus
1685 692 2045 775 decretum,
2065 717 2199 757 non
2226 694 2427 759 modo

296 821 529 894 preter
558 825 743 867 suam
769 799 1191 885 voluntatem,
1212 799 1328 866 sed
1349 802 1546 865 etiam
1572 799 1882 866 adversus
1898 800 2256 865 amicorum
2274 822 2426 865 con-

287 911 657 975 tentionem
677 956 695 989 ,
729 907 843 995 qui
863 954 883 987 ,
929 922 1006 969 ut
1036 907 1094 970 ei
1132 927 1464 971 successor
1503 905 1992 987 decerneretur,
2024 928 2289 994 operam
2321 903 2429 970 de-

296 1016 547 1086 derant.
579 1011 959 1079 Notandum
985 1028 1205 1077 tamen
1234 1027 1332 1077 est
1354 1058 1374 1093 ,
1403 1013 1649 1077 nullam
1678 1011 1945 1101 quidem
1972 1012 2171 1077 fuisse
2204 1032 2432 1101 proro-

295 1122 619 1211 gationem
640 1168 660 1203 ,
717 1135 794 1184 ut
852 1142 891 1182 a
943 1119 1315 1183 volentibus
1373 1119 1786 1184 obtineretur
1839 1120 2191 1208 imperium
2256 1119 2430 1182 ultra

295 1251 579 1309 annum;
608 1225 1030 1292 necessariam
1060 1241 1279 1290 autem
1310 1225 1539 1309 fuisse,
1588 1242 1665 1290 ut
1700 1226 1941 1291 invitus
1972 1226 2294 1313 quispiam
2321 1246 2427 1288 re-
2536 1213 2537 1216 ¹

300 1356 560 1397 manere
586 1348 946 1421 cogeretur.
969 1332 1206 1420 Elapso
1238 1332 1459 1419 itaque
1485 1354 1663 1396 anno
1690 1355 1729 1396 a
1761 1333 2011 1421 legibus
2042 1331 2431 1409 constituto,

301 1439 356 1503 si
391 1454 650 1503 senatus
686 1438 963 1502 misisset
993 1458 1465 1518 successorem,
1526 1439 1889 1501 necessario
1929 1453 2065 1502 erat
2112 1434 2434 1501 deceden-

304 1544 505 1624 dum3
545 1544 599 1607 si
632 1558 1041 1631 prorogasset
1061 1543 1417 1630 'imperium
1437 1591 1458 1623 ‚
1491 1545 1852 1609 necessario
1894 1542 2327 1625 manendum3
2377 1543 2431 1606 si

309 1666 614 1713 neutrum
634 1695 653 1727 ,
687 1648 963 1712 liberum
1000 1662 1137 1711 erat
1166 1648 1426 1734 proetori
1456 1663 1600 1710 tum
1628 1639 1961 1730 decedere,
1986 1666 2129 1712 tum
2152 1671 2432 1712 manere.

307 1756 532 1818 Cicero
566 1754 747 1842 epist.
784 1776 897 1832 10,
921 1753 1033 1816 lib.
1066 1753 1167 1815 11:
1204 1781 1230 1807 α
1252 1752 1510 1833 Quare,
1542 1753 1631 1816 mi
1668 1753 1874 1830 Rufe,
1899 1754 2121 1842 vigila,
2147 1754 2437 1842 primum

309 1876 383 1923 ut
404 1860 563 1923 mihi
589 1857 1007 1938 succedatur3
1038 1859 1140 1921 sin
1179 1855 1251 1920 id
1293 1859 1450 1938 erit,
1474 1871 1553 1921 ut
1587 1858 1813 1922 scribis
1833 1906 1853 1939 ,
1903 1875 1970 1922 et
2001 1875 2076 1922 ut
2110 1882 2232 1949 ego
2261 1858 2438 1923 arbi·

308 1983 464 2048 tror,
496 1966 797 2053 spissius,
829 1963 1024 2045 illud,
1051 1961 1234 2050 quod
1266 1963 1450 2027 facile
1485 1980 1585 2027 est
1610 2012 1628 2045 ,
1675 1988 1759 2028 ne
1789 1963 1953 2052 quid
1982 1964 2143 2028 mihi
2180 1981 2440 2053 tempo·

306 2073 392 2136 ris
421 2088 809 2161 prorogetur
826 2101 869 2134 ».
900 2071 978 2133 In
1011 2069 1235 2157 primis
1272 2070 1446 2134 enim
1482 2093 1564 2142 ex
1591 2093 1700 2152 eo,
1721 2070 1904 2158 quod
1930 2069 2012 2134 de
2041 2086 2325 2158 utroque
2347 2070 2441 2134 la·

193 2175 216 2198 '
308 2179 530 2260 borat,
579 2193 793 2266 patet,
839 2192 1195 2265 utrumque
1236 2178 1529 2264 potuisse
1577 2199 1713 2241 non
1752 2179 2159 2266 contingere3
2205 2176 2445 2241 deinde
2531 2160 2537 2166 ⁵

306 2285 591 2373 primum
633 2285 831 2371 petit,
893 2299 968 2346 ut
1013 2282 1136 2346 sibi
1184 2282 1607 2364 succedatur,
1649 2300 1726 2347 ut
1765 2284 2127 2347 necessario
2166 2282 2321 2363 sibi,
2377 2298 2449 2345 et·

308 2391 449 2456 sine
492 2390 628 2455 ulla
665 2389 1169 2479 reprehensione
1209 2386 1657 2454 decedendum
1694 2389 1817 2470 sit;
1871 2389 2000 2454 hoc
2039 2389 2094 2453 si
2141 2387 2276 2453 fieri
2325 2412 2441 2453 ne·

309 2511 536 2583 queat,
576 2518 661 2558 ne
697 2495 857 2581 quid
890 2496 1198 2583 temporis
1235 2512 1649 2583 prorogetur,
1680 2517 1763 2559 ne
1789 2495 1914 2558 sibi
1935 2496 2278 2559 necessitas
2302 2517 2443 2582 per-

312 2601 617 2666 manendi
641 2602 1035 2690 imponatur.
1056 2601 1350 2667 Tandem
1376 2602 1672 2690 loquitur
1697 2601 1779 2666 de
1797 2601 2257 2691 prorogatione
2278 2616 2442 2664 tem·

311 2708 513 2796 poris,
532 2729 669 2771 non
695 2705 985 2796 imperii;
1029 2708 1182 2796 quia
1206 2731 1343 2773 non
1371 2709 1846 2797 prorogabatur
1873 2707 2253 2796 imperium,
2277 2706 2444 2770 sicut

311 2830 466 2877 ante
497 2812 705 2902 legem
740 2814 1105 2878 Corneliam
1127 2861 1146 2895 ,
1183 2813 1298 2879 sed
1331 2830 1591 2902 tempus
1621 2812 1934 2878 manendi
1964 2813 2032 2877 in
2073 2812 2438 2901 provinciis.

402 2919 565 3001 Quae
609 2941 766 2983 vero
811 2917 892 2982 de
928 2920 1238 2984 Cicerone
1283 2918 1615 2999 dicuntur,
1659 2919 2023 2984 accuratius
2067 2916 2443 3005 explicanda
2538 2926 2541 2933 ’

313 3038 509 3088 sunt:
533 3045 685 3087 nam
710 3023 1022 3112 Pompeio
1053 3026 1316 3089 tertium
1345 3024 1616 3089 consule
1641 3024 1884 3087 factum
1910 3038 2008 3087 est
2033 3038 2446 3089 senatuscon-

313 3128 590 3210 sultum,
614 3146 780 3201 teste
799 3131 1013 3195 Dione
1037 3130 1149 3195 lib.
1170 3131 1319 3194 XL:
1356 3131 1495 3195 «Ne
1531 3131 1830 3194 consules
1855 3146 1921 3194 et
1946 3145 2251 3217 praetores
2274 3131 2444 3192 irent

314 3237 380 3297 in
406 3235 765 3322 provincias
788 3236 957 3302 intra
982 3237 1511 3324 quinquennium
1532 3267 1584 3317 n,
1602 3230 1739 3323 qu'o
1757 3236 2010 3324 privati,
2032 3252 2228 3322 atque
2250 3235 2443 3298 etiam

314 3342 454 3429 ipse
484 3342 708 3406 Cicero
738 3344 942 3407 coacti
968 3359 1125 3407 sunt
1155 3348 1249 3407 ire
1276 3344 1346 3405 in
1382 3343 1787 3430 provincia33
1832 3357 1898 3405 et
1926 3341 2033 3405 ille
2060 3339 2327 3428 quidem
2350 3340 2446 3403 in·

314 3448 521 3527 vitus3
557 3446 715 3534 quid
739 3450 913 3512 enim
944 3447 1014 3512 id
1042 3448 1328 3536 privatus
1354 3449 1668 3529 ambiret,
1704 3448 1885 3535 quod
1916 3463 2157 3536 praetor
2180 3461 2246 3511 et
2279 3468 2442 3511 con-

315 3552 417 3615 sul
443 3552 887 3642 repudiasset?
915 3555 1142 3637 Quum
1186 3554 1386 3643 igitur
1423 3553 1607 3618 inviti
1640 3555 2071 3634 mitterentur,
2098 3552 2181 3616 ad
2214 3575 2443 3617 eorum

315 3658 650 3739 solatium,
681 3658 841 3723 illud
873 3661 1196 3748 singulare
1227 3659 1520 3724 additum
1546 3676 1711 3747 puto
1744 3659 2341 3739 senatusconsulto,
2368 3674 2447 3721 ut

316 3786 562 3828 annuas
595 3780 851 3829 tantum
883 3765 1196 3830 haberent
1225 3766 1609 3853 provincias.
1639 3766 1743 3829 Sic
1767 3765 1950 3853 epist.
1978 3789 2039 3852 7,
2063 3765 2174 3829 lib.
2197 3765 2340 3845 XV,
2364 3762 2447 3827 ad

319 3868 697 3933 Marcellum
722 3895 736 3933 ε
779 3871 920 3934 «Ne
946 3870 1108 3957 quid
1129 3869 1389 3936 accedat
1419 3872 1730 3959 temporis
1755 3871 1839 3936 ad
1870 3871 1958 3954 id,
1981 3870 2162 3960 quod
2185 3886 2259 3933 tu
2288 3869 2448 3932 mihi

318 3992 384 4041 et
415 3978 479 4041 S.
508 3978 579 4041 C.
611 3993 677 4040 et
710 3978 850 4064 lege
880 3975 1076 4041 finisti
1095 4008 1141 4041 υ.
1176 3977 1342 4042 Ibid.
1366 4001 1466 4067 ep.
1497 3982 1612 4059 14,
1643 3978 1726 4043 ad
1749 3979 2038 4043 Cassium
2063 4001 2079 4042 :
2113 3976 2259 4041 «Ad
2278 3978 2446 4039 hane

325 4083 742 4167 provinciam,
775 4105 968 4169 quam
1005 4099 1066 4145 et
1110 4099 1397 4167 senatus,
1435 4102 1498 4148 et
1536 4087 1815 4174 populus
1847 4106 2131 4149 annuam
2169 4104 2309 4146 esse
2328 4102 2447 4145 vo-
