<?xml version="1.0" encoding="UTF-8"?>
<!DOCTYPE html PUBLIC "-//W3C//DTD XHTML 1.0 Transitional//EN"
    "http://www.w3.org/TR/xhtml1/DTD/xhtml1-transitional.dtd">
<html xmlns="http://www.w3.org/1999/xhtml" xml:lang="en" lang="en">
 <head>
  <title>
</title>
<meta http-equiv="Content-Type" content="text/html;charset=utf-8" />
  <meta name='ocr-system' content='tesseract 3.04.00' />
  <meta name='ocr-capabilities' content='ocr_page ocr_carea ocr_par ocr_line ocrx_word'/>
</head>
<body>
  <div class='ocr_page' id='page_1' title='image "./mtciceronisquae09lemagoog/mtciceronisquae09lemagoog_0053.png"; bbox 0 0 3044 4788; ppageno 0'>
   <div class='ocr_carea' id='block_1_1' title="bbox 682 427 2400 517">
    <p class='ocr_par' dir='ltr' id='par_1_1' title="bbox 682 427 2400 517">
     <span class='ocr_line' id='line_1_1' title="bbox 682 427 2400 517; baseline -0.005 -19"><span class='ocrx_word' id='word_1_1' title='bbox 682 429 1090 498; x_wconf 86' lang='lat' dir='ltr'><strong>ORATIO</strong></span> <span class='ocrx_word' id='word_1_2' title='bbox 1140 428 1347 496; x_wconf 89' lang='lat' dir='ltr'><strong>PRO</strong></span> <span class='ocrx_word' id='word_1_3' title='bbox 1397 430 1474 496; x_wconf 90' lang='lat' dir='ltr'><strong>P.</strong></span> <span class='ocrx_word' id='word_1_4' title='bbox 1526 427 2002 517; x_wconf 89' lang='lat' dir='ltr'><strong>QUINTIO.</strong></span> <span class='ocrx_word' id='word_1_5' title='bbox 2326 447 2400 490; x_wconf 81' lang='grc' dir='ltr'><strong>ιῐ</strong></span> 
     </span>
    </p>
   </div>
   <div class='ocr_carea' id='block_1_2' title="bbox 257 546 2422 3069">
    <p class='ocr_par' dir='ltr' id='par_1_2' title="bbox 257 546 2418 979">
     <span class='ocr_line' id='line_1_2' title="bbox 269 546 2414 647; baseline -0.001 -26"><span class='ocrx_word' id='word_1_6' title='bbox 269 554 477 641; x_wconf 85' lang='lat' dir='ltr'><strong>riam,</strong></span> <span class='ocrx_word' id='word_1_7' title='bbox 493 554 745 622; x_wconf 88' lang='lat' dir='ltr'><strong>omnia</strong></span> <span class='ocrx_word' id='word_1_8' title='bbox 761 553 1052 621; x_wconf 88' lang='lat' dir='ltr'><strong>inimica</strong></span> <span class='ocrx_word' id='word_1_9' title='bbox 1072 562 1290 647; x_wconf 90' lang='lat' dir='ltr'><strong>atque</strong></span> <span class='ocrx_word' id='word_1_10' title='bbox 1310 547 1569 621; x_wconf 90' lang='lat' dir='ltr'><strong>infesta</strong></span> <span class='ocrx_word' id='word_1_11' title='bbox 1586 548 1890 621; x_wconf 87' lang='lat' dir='ltr'><strong>fuerint:</strong></span> <span class='ocrx_word' id='word_1_12' title='bbox 1918 550 2103 634; x_wconf 85' lang='lat' dir='ltr'><strong>te‚C.</strong></span> <span class='ocrx_word' id='word_1_13' title='bbox 2120 546 2414 642; x_wconf 83' lang='lat' dir='ltr'><strong>Aquini,</strong></span> 
     </span>
     <span class='ocr_line' id='line_1_3' title="bbox 263 654 2417 759; baseline -0.002 -29"><span class='ocrx_word' id='word_1_14' title='bbox 263 686 549 759; x_wconf 87' lang='lat' dir='ltr'><strong>vosque</strong></span> <span class='ocrx_word' id='word_1_15' title='bbox 570 716 592 747; x_wconf 83' lang='lat'>‚</span> <span class='ocrx_word' id='word_1_16' title='bbox 634 664 763 759; x_wconf 91' lang='lat' dir='ltr'><strong>qui</strong></span> <span class='ocrx_word' id='word_1_17' title='bbox 798 664 876 731; x_wconf 91' lang='lat' dir='ltr'><strong>in</strong></span> <span class='ocrx_word' id='word_1_18' title='bbox 909 660 1212 731; x_wconf 89' lang='lat' dir='ltr'><strong>consilio</strong></span> <span class='ocrx_word' id='word_1_19' title='bbox 1242 658 1508 731; x_wconf 90' lang='lat' dir='ltr'><strong>adestis</strong></span> <span class='ocrx_word' id='word_1_20' title='bbox 1531 715 1550 747; x_wconf 87' lang='lat'>,</span> <span class='ocrx_word' id='word_1_21' title='bbox 1594 673 1752 731; x_wconf 88' lang='lat' dir='ltr'><strong>orat</strong></span> <span class='ocrx_word' id='word_1_22' title='bbox 1779 673 2002 755; x_wconf 91' lang='lat' dir='ltr'><strong>atque</strong></span> <span class='ocrx_word' id='word_1_23' title='bbox 2048 654 2417 743; x_wconf 80' lang='lat' dir='ltr'>obsecrat,</span> 
     </span>
     <span class='ocr_line' id='line_1_4' title="bbox 258 768 2418 868; baseline -0.003 -27"><span class='ocrx_word' id='word_1_24' title='bbox 258 786 345 841; x_wconf 92' lang='lat' dir='ltr'><strong>ut</strong></span> <span class='ocrx_word' id='word_1_25' title='bbox 384 770 637 841; x_wconf 88' lang='lat' dir='ltr'><strong>multis</strong></span> <span class='ocrx_word' id='word_1_26' title='bbox 671 773 955 867; x_wconf 89' lang='lat' dir='ltr'><strong>injuriis</strong></span> <span class='ocrx_word' id='word_1_27' title='bbox 975 772 1309 867; x_wconf 85' lang='lat' dir='ltr'><strong>jactatam</strong></span> <span class='ocrx_word' id='word_1_28' title='bbox 1340 785 1563 868; x_wconf 86' lang='lat' dir='ltr'><strong>atque</strong></span> <span class='ocrx_word' id='word_1_29' title='bbox 1594 772 1931 868; x_wconf 86' lang='lat' dir='ltr'><strong>agitatam</strong></span> <span class='ocrx_word' id='word_1_30' title='bbox 1965 768 2418 864; x_wconf 84' lang='lat' dir='ltr'><strong>aequitatem,</strong></span> 
     </span>
     <span class='ocr_line' id='line_1_5' title="bbox 257 878 2417 979; baseline -0 -31"><span class='ocrx_word' id='word_1_31' title='bbox 257 883 336 949; x_wconf 90' lang='lat' dir='ltr'><strong>in</strong></span> <span class='ocrx_word' id='word_1_32' title='bbox 374 879 522 951; x_wconf 89' lang='lat' dir='ltr'><strong>hoc</strong></span> <span class='ocrx_word' id='word_1_33' title='bbox 546 878 841 979; x_wconf 81' lang='lat' dir='ltr'><strong>tandem</strong></span> <span class='ocrx_word' id='word_1_34' title='bbox 863 880 1029 951; x_wconf 91' lang='lat' dir='ltr'><strong>loco</strong></span> <span class='ocrx_word' id='word_1_35' title='bbox 1053 882 1444 952; x_wconf 81' lang='lat' dir='ltr'><strong>consistere</strong></span> <span class='ocrx_word' id='word_1_36' title='bbox 1474 894 1550 950; x_wconf 88' lang='lat' dir='ltr'><strong>et</strong></span> <span class='ocrx_word' id='word_1_37' title='bbox 1575 878 1990 951; x_wconf 89' lang='lat' dir='ltr'><strong>confirmari</strong></span> <span class='ocrx_word' id='word_1_38' title='bbox 2018 878 2417 976; x_wconf 87' lang='lat' dir='ltr'><strong>patiamini.</strong></span> 
     </span>
    </p>

    <p class='ocr_par' dir='ltr' id='par_1_3' title="bbox 258 988 2422 3069">
     <span class='ocr_line' id='line_1_6' title="bbox 357 988 2420 1089; baseline -0.002 -28"><span class='ocrx_word' id='word_1_39' title='bbox 357 996 498 1061; x_wconf 90' lang='lat'><strong>111.</strong></span> <span class='ocrx_word' id='word_1_40' title='bbox 544 990 631 1062; x_wconf 93' lang='lat' dir='ltr'><strong>Id</strong></span> <span class='ocrx_word' id='word_1_41' title='bbox 672 1015 824 1087; x_wconf 89' lang='lat' dir='ltr'><strong>quo</strong></span> <span class='ocrx_word' id='word_1_42' title='bbox 862 988 1139 1063; x_wconf 88' lang='lat' dir='ltr'><strong>facilius</strong></span> <span class='ocrx_word' id='word_1_43' title='bbox 1180 988 1417 1062; x_wconf 87' lang='lat' dir='ltr'><strong>facere</strong></span> <span class='ocrx_word' id='word_1_44' title='bbox 1460 994 1798 1089; x_wconf 87' lang='lat' dir='ltr'><strong>possitis,</strong></span> <span class='ocrx_word' id='word_1_45' title='bbox 1842 988 2035 1061; x_wconf 88' lang='lat' dir='ltr'>dabo</span> <span class='ocrx_word' id='word_1_46' title='bbox 2080 1011 2376 1086; x_wconf 84' lang='lat' dir='ltr'>operam</span> <span class='ocrx_word' id='word_1_47' title='bbox 2400 1042 2420 1074; x_wconf 88' lang='lat'>‚</span> 
     </span>
     <span class='ocr_line' id='line_1_7' title="bbox 258 1101 2419 1199; baseline 0 -30"><span class='ocrx_word' id='word_1_48' title='bbox 258 1114 349 1170; x_wconf 91' lang='lat' dir='ltr'><strong>ut</strong></span> <span class='ocrx_word' id='word_1_49' title='bbox 396 1125 440 1170; x_wconf 90' lang='lat' dir='ltr'><strong>a</strong></span> <span class='ocrx_word' id='word_1_50' title='bbox 471 1104 876 1198; x_wconf 79' lang='lat' dir='ltr'><strong>principie,</strong></span> <span class='ocrx_word' id='word_1_51' title='bbox 907 1126 1019 1172; x_wconf 87' lang='lat' dir='ltr'><strong>res</strong></span> <span class='ocrx_word' id='word_1_52' title='bbox 1052 1101 1675 1199; x_wconf 87' lang='lat' dir='ltr'><strong>quemadmodum</strong></span> <span class='ocrx_word' id='word_1_53' title='bbox 1710 1116 1907 1199; x_wconf 86' lang='lat' dir='ltr'><strong>gesta</strong></span> <span class='ocrx_word' id='word_1_54' title='bbox 1939 1114 2012 1172; x_wconf 89' lang='lat' dir='ltr'><strong>et</strong></span> <span class='ocrx_word' id='word_1_55' title='bbox 2048 1114 2419 1172; x_wconf 83' lang='lat' dir='ltr'><strong>contracta</strong></span> 
     </span>
     <span class='ocr_line' id='line_1_8' title="bbox 258 1205 2419 1307; baseline -0.001 -28"><span class='ocrx_word' id='word_1_56' title='bbox 258 1214 359 1280; x_wconf 86' lang='lat' dir='ltr'><strong>sit</strong></span> <span class='ocrx_word' id='word_1_57' title='bbox 381 1265 403 1298; x_wconf 87' lang='lat'>‚</span> <span class='ocrx_word' id='word_1_58' title='bbox 438 1214 913 1307; x_wconf 83' lang='lat' dir='ltr'><strong>cognoscatis.</strong></span> <span class='ocrx_word' id='word_1_59' title='bbox 946 1217 1023 1283; x_wconf 94' lang='lat' dir='ltr'><strong>C.</strong></span> <span class='ocrx_word' id='word_1_60' title='bbox 1056 1215 1403 1303; x_wconf 89' lang='lat' dir='ltr'><strong>Quintius</strong></span> <span class='ocrx_word' id='word_1_61' title='bbox 1436 1210 1579 1282; x_wconf 87' lang='lat' dir='ltr'><strong>fuit</strong></span> <span class='ocrx_word' id='word_1_62' title='bbox 1598 1217 1674 1283; x_wconf 92' lang='lat' dir='ltr'><strong>P.</strong></span> <span class='ocrx_word' id='word_1_63' title='bbox 1707 1213 1989 1303; x_wconf 87' lang='lat' dir='ltr'><strong>Quintii</strong></span> <span class='ocrx_word' id='word_1_64' title='bbox 2026 1209 2246 1305; x_wconf 89' lang='lat' dir='ltr'><strong>hujus</strong></span> <span class='ocrx_word' id='word_1_65' title='bbox 2275 1205 2419 1278; x_wconf 88' lang='lat' dir='ltr'><strong>fra·</strong></span> 
     </span>
     <span class='ocr_line' id='line_1_9' title="bbox 262 1319 2422 1422; baseline -0.001 -32"><span class='ocrx_word' id='word_1_66' title='bbox 262 1335 418 1407; x_wconf 80' lang='lat' dir='ltr'><strong>ter3</strong></span> <span class='ocrx_word' id='word_1_67' title='bbox 448 1344 624 1391; x_wconf 89' lang='lat' dir='ltr'><strong>sane</strong></span> <span class='ocrx_word' id='word_1_68' title='bbox 646 1335 1049 1392; x_wconf 89' lang='lat' dir='ltr'><strong>ceterarum</strong></span> <span class='ocrx_word' id='word_1_69' title='bbox 1067 1333 1340 1393; x_wconf 85' lang='lat' dir='ltr'><strong>rerum¹</strong></span> <span class='ocrx_word' id='word_1_70' title='bbox 1360 1320 1870 1422; x_wconf 83' lang='lat' dir='ltr'><strong>paterfamilias</strong></span> <span class='ocrx_word' id='word_1_71' title='bbox 1902 1335 1976 1391; x_wconf 88' lang='lat' dir='ltr'><strong>et</strong></span> <span class='ocrx_word' id='word_1_72' title='bbox 1996 1319 2320 1417; x_wconf 87' lang='lat' dir='ltr'><strong>prudens</strong></span> <span class='ocrx_word' id='word_1_73' title='bbox 2348 1332 2422 1389; x_wconf 90' lang='lat' dir='ltr'><strong>et</strong></span> 
     </span>
     <span class='ocr_line' id='line_1_10' title="bbox 263 1429 2418 1530; baseline -0 -31"><span class='ocrx_word' id='word_1_74' title='bbox 263 1444 635 1516; x_wconf 80' lang='lat' dir='ltr'><strong>attentuS‚</strong></span> <span class='ocrx_word' id='word_1_75' title='bbox 671 1454 818 1501; x_wconf 88' lang='lat' dir='ltr'><strong>una</strong></span> <span class='ocrx_word' id='word_1_76' title='bbox 855 1434 933 1500; x_wconf 90' lang='lat' dir='ltr'><strong>in</strong></span> <span class='ocrx_word' id='word_1_77' title='bbox 976 1457 1053 1502; x_wconf 91' lang='lat' dir='ltr'><strong>re</strong></span> <span class='ocrx_word' id='word_1_78' title='bbox 1105 1432 1353 1530; x_wconf 88' lang='lat' dir='ltr'><strong>paullo</strong></span> <span class='ocrx_word' id='word_1_79' title='bbox 1405 1436 1650 1503; x_wconf 91' lang='lat' dir='ltr'><strong>minus</strong></span> <span class='ocrx_word' id='word_1_80' title='bbox 1696 1429 2235 1516; x_wconf 80' lang='lat' dir='ltr'><strong>consideratuS‚</strong></span> <span class='ocrx_word' id='word_1_81' title='bbox 2288 1432 2418 1526; x_wconf 93' lang='lat' dir='ltr'><strong>qui</strong></span> 
     </span>
     <span class='ocr_line' id='line_1_11' title="bbox 268 1538 2421 1629; baseline -0.001 -20"><span class='ocrx_word' id='word_1_82' title='bbox 268 1542 691 1611; x_wconf 85' lang='lat' dir='ltr'><strong>societatem</strong></span> <span class='ocrx_word' id='word_1_83' title='bbox 718 1565 888 1612; x_wconf 93' lang='lat' dir='ltr'><strong>cum</strong></span> <span class='ocrx_word' id='word_1_84' title='bbox 913 1546 1068 1613; x_wconf 75' lang='lat' dir='ltr'><strong>Sex,</strong></span> <span class='ocrx_word' id='word_1_85' title='bbox 1105 1545 1351 1614; x_wconf 80' lang='lat' dir='ltr'><strong>Naevio</strong></span> <span class='ocrx_word' id='word_1_86' title='bbox 1378 1539 1657 1629; x_wconf 82' lang='lat' dir='ltr'><strong>feoerit,</strong></span> <span class='ocrx_word' id='word_1_87' title='bbox 1687 1543 1845 1610; x_wconf 87' lang='lat' dir='ltr'><strong>viro</strong></span> <span class='ocrx_word' id='word_1_88' title='bbox 1877 1538 2104 1626; x_wconf 91' lang='lat' dir='ltr'><strong>bono,</strong></span> <span class='ocrx_word' id='word_1_89' title='bbox 2134 1562 2421 1609; x_wconf 88' lang='lat' dir='ltr'><strong>verum-</strong></span> 
     </span>
     <span class='ocr_line' id='line_1_12' title="bbox 275 1646 2420 1748; baseline -0 -29"><span class='ocrx_word' id='word_1_90' title='bbox 275 1664 527 1719; x_wconf 83' lang='lat' dir='ltr'><strong>tamen</strong></span> <span class='ocrx_word' id='word_1_91' title='bbox 570 1673 715 1719; x_wconf 89' lang='lat' dir='ltr'><strong>non</strong></span> <span class='ocrx_word' id='word_1_92' title='bbox 754 1653 855 1721; x_wconf 88' lang='lat' dir='ltr'><strong>ita</strong></span> <span class='ocrx_word' id='word_1_93' title='bbox 903 1653 1238 1721; x_wconf 89' lang='lat' dir='ltr'><strong>instituto</strong></span> <span class='ocrx_word' id='word_1_94' title='bbox 1263 1705 1284 1740; x_wconf 86' lang='lat'>,</span> <span class='ocrx_word' id='word_1_95' title='bbox 1336 1664 1421 1722; x_wconf 91' lang='lat' dir='ltr'><strong>ut</strong></span> <span class='ocrx_word' id='word_1_96' title='bbox 1454 1653 1621 1748; x_wconf 88' lang='lat' dir='ltr'><strong>jura</strong></span> <span class='ocrx_word' id='word_1_97' title='bbox 1665 1653 2025 1722; x_wconf 88' lang='lat' dir='ltr'><strong>societatis</strong></span> <span class='ocrx_word' id='word_1_98' title='bbox 2070 1664 2144 1721; x_wconf 90' lang='lat' dir='ltr'><strong>et</strong></span> <span class='ocrx_word' id='word_1_99' title='bbox 2179 1646 2420 1720; x_wconf 88' lang='lat' dir='ltr'><strong>officia</strong></span> 
     </span>
     <span class='ocr_line' id='line_1_13' title="bbox 273 1754 2417 1859; baseline -0.001 -30"><span class='ocrx_word' id='word_1_100' title='bbox 273 1761 455 1829; x_wconf 86' lang='lat' dir='ltr'><strong>certi</strong></span> <span class='ocrx_word' id='word_1_101' title='bbox 474 1769 504 1800; x_wconf 83' lang='lat'>²</span> <span class='ocrx_word' id='word_1_102' title='bbox 524 1758 1047 1856; x_wconf 83' lang='lat' dir='ltr'><strong>patrisfamilias</strong></span> <span class='ocrx_word' id='word_1_103' title='bbox 1073 1784 1285 1831; x_wconf 91' lang='lat' dir='ltr'><strong>nosse</strong></span> <span class='ocrx_word' id='word_1_104' title='bbox 1306 1775 1589 1859; x_wconf 87' lang='lat' dir='ltr'><strong>posset:</strong></span> <span class='ocrx_word' id='word_1_105' title='bbox 1617 1785 1769 1831; x_wconf 91' lang='lat' dir='ltr'><strong>non</strong></span> <span class='ocrx_word' id='word_1_106' title='bbox 1803 1784 1954 1857; x_wconf 91' lang='lat' dir='ltr'><strong>quo</strong></span> <span class='ocrx_word' id='word_1_107' title='bbox 1976 1754 2005 1802; x_wconf 79' lang='lat'><em>³</em></span> <span class='ocrx_word' id='word_1_108' title='bbox 2037 1761 2101 1829; x_wconf 89' lang='lat' dir='ltr'><strong>ei</strong></span> <span class='ocrx_word' id='word_1_109' title='bbox 2134 1755 2417 1829; x_wconf 88' lang='lat' dir='ltr'><strong>deesset</strong></span> 
     </span>
     <span class='ocr_line' id='line_1_14' title="bbox 271 1867 2421 1968; baseline -0 -31"><span class='ocrx_word' id='word_1_110' title='bbox 271 1870 693 1965; x_wconf 80' lang='lat' dir='ltr'><strong>ingenium3</strong></span> <span class='ocrx_word' id='word_1_111' title='bbox 724 1893 890 1939; x_wconf 88' lang='lat' dir='ltr'><strong>nam</strong></span> <span class='ocrx_word' id='word_1_112' title='bbox 926 1894 1167 1965; x_wconf 91' lang='lat' dir='ltr'><strong>neque</strong></span> <span class='ocrx_word' id='word_1_113' title='bbox 1198 1893 1457 1968; x_wconf 91' lang='lat' dir='ltr'><strong>parum</strong></span> <span class='ocrx_word' id='word_1_114' title='bbox 1495 1867 1770 1942; x_wconf 88' lang='lat' dir='ltr'><strong>facetus</strong></span> <span class='ocrx_word' id='word_1_115' title='bbox 1802 1893 2050 1941; x_wconf 88' lang='lat' dir='ltr'><strong>scurra</strong></span> <span class='ocrx_word' id='word_1_116' title='bbox 2076 1870 2237 1939; x_wconf 85' lang='lat' dir='ltr'><strong>Sex.</strong></span> <span class='ocrx_word' id='word_1_117' title='bbox 2267 1872 2421 1939; x_wconf 80' lang='lat' dir='ltr'><strong>Nae-</strong></span> 
     </span>
     <span class='ocr_line' id='line_1_15' title="bbox 262 1977 2421 2078; baseline -0 -31"><span class='ocrx_word' id='word_1_118' title='bbox 262 1982 464 2065; x_wconf 74' lang='lat' dir='ltr'><strong>vius,</strong></span> <span class='ocrx_word' id='word_1_119' title='bbox 519 2003 759 2076; x_wconf 89' lang='lat' dir='ltr'><strong>neque</strong></span> <span class='ocrx_word' id='word_1_120' title='bbox 791 1978 1286 2049; x_wconf 68' lang='lat' dir='ltr'><strong>inhumanus⁴</strong></span> <span class='ocrx_word' id='word_1_121' title='bbox 1327 1977 1598 2078; x_wconf 87' lang='lat' dir='ltr'><strong>praeco⁵</strong></span> <span class='ocrx_word' id='word_1_122' title='bbox 1633 1978 1741 2051; x_wconf 88' lang='lat' dir='ltr'><strong>est</strong></span> <span class='ocrx_word' id='word_1_123' title='bbox 1800 2004 2150 2077; x_wconf 88' lang='lat' dir='ltr'><strong>umquam</strong></span> <span class='ocrx_word' id='word_1_124' title='bbox 2185 1980 2421 2049; x_wconf 85' lang='lat' dir='ltr'><strong>existi-</strong></span> 
     </span>
     <span class='ocr_line' id='line_1_16' title="bbox 266 2085 2420 2186; baseline -0 -29"><span class='ocrx_word' id='word_1_125' title='bbox 266 2101 534 2157; x_wconf 88' lang='lat' dir='ltr'><strong>matus.</strong></span> <span class='ocrx_word' id='word_1_126' title='bbox 589 2085 789 2177; x_wconf 90' lang='lat' dir='ltr'><strong>Quid</strong></span> <span class='ocrx_word' id='word_1_127' title='bbox 835 2112 1008 2183; x_wconf 88' lang='lat' dir='ltr'><strong>ergo</strong></span> <span class='ocrx_word' id='word_1_128' title='bbox 1041 2088 1201 2159; x_wconf 76' lang='lat' dir='ltr'><strong>est?</strong></span> <span class='ocrx_word' id='word_1_129' title='bbox 1249 2114 1483 2186; x_wconf 91' lang='lat' dir='ltr'><strong>quum</strong></span> <span class='ocrx_word' id='word_1_130' title='bbox 1536 2092 1600 2159; x_wconf 91' lang='lat' dir='ltr'><strong>ei</strong></span> <span class='ocrx_word' id='word_1_131' title='bbox 1643 2105 1899 2161; x_wconf 89' lang='lat' dir='ltr'><strong>natura</strong></span> <span class='ocrx_word' id='word_1_132' title='bbox 1934 2089 2117 2159; x_wconf 90' lang='lat' dir='ltr'><strong>nihil</strong></span> <span class='ocrx_word' id='word_1_133' title='bbox 2161 2088 2420 2158; x_wconf 88' lang='lat' dir='ltr'><strong>melius</strong></span> 
     </span>
     <span class='ocr_line' id='line_1_17' title="bbox 265 2198 2418 2299; baseline -0.001 -31"><span class='ocrx_word' id='word_1_134' title='bbox 265 2222 495 2294; x_wconf 89' lang='lat' dir='ltr'><strong>quam</strong></span> <span class='ocrx_word' id='word_1_135' title='bbox 532 2222 787 2270; x_wconf 84' lang='lat' dir='ltr'><strong>vocem</strong></span> <span class='ocrx_word' id='word_1_136' title='bbox 833 2198 1149 2270; x_wconf 89' lang='lat' dir='ltr'><strong>dedisset</strong></span> <span class='ocrx_word' id='word_1_137' title='bbox 1174 2253 1195 2286; x_wconf 90' lang='lat'><strong><em>‚</em></strong></span> <span class='ocrx_word' id='word_1_138' title='bbox 1251 2214 1455 2297; x_wconf 86' lang='lat' dir='ltr'><strong>pater</strong></span> <span class='ocrx_word' id='word_1_139' title='bbox 1487 2199 1672 2270; x_wconf 92' lang='lat' dir='ltr'><strong>nihil</strong></span> <span class='ocrx_word' id='word_1_140' title='bbox 1713 2214 1972 2299; x_wconf 83' lang='lat' dir='ltr'><strong>praeter</strong></span> <span class='ocrx_word' id='word_1_141' title='bbox 2013 2199 2418 2271; x_wconf 85' lang='lat' dir='ltr'><strong>libertatem</strong></span> 
     </span>
     <span class='ocr_line' id='line_1_18' title="bbox 268 2306 2420 2407; baseline 0 -30"><span class='ocrx_word' id='word_1_142' title='bbox 268 2306 689 2406; x_wconf 84' lang='lat' dir='ltr'><strong>reliquisset</strong></span> <span class='ocrx_word' id='word_1_143' title='bbox 708 2362 727 2397; x_wconf 91' lang='lat'>,</span> <span class='ocrx_word' id='word_1_144' title='bbox 753 2333 1007 2380; x_wconf 89' lang='lat' dir='ltr'><strong>vocem</strong></span> <span class='ocrx_word' id='word_1_145' title='bbox 1032 2312 1107 2379; x_wconf 93' lang='lat' dir='ltr'><strong>in</strong></span> <span class='ocrx_word' id='word_1_146' title='bbox 1133 2324 1490 2407; x_wconf 84' lang='lat' dir='ltr'><strong>quaestum</strong></span> <span class='ocrx_word' id='word_1_147' title='bbox 1517 2311 1864 2398; x_wconf 88' lang='lat' dir='ltr'><strong>contulit;</strong></span> <span class='ocrx_word' id='word_1_148' title='bbox 1892 2309 2221 2381; x_wconf 90' lang='lat' dir='ltr'><strong>libertate</strong></span> <span class='ocrx_word' id='word_1_149' title='bbox 2245 2334 2420 2379; x_wconf 90' lang='lat' dir='ltr'><strong>usus</strong></span> 
     </span>
     <span class='ocr_line' id='line_1_19' title="bbox 264 2418 2416 2519; baseline -0 -30"><span class='ocrx_word' id='word_1_150' title='bbox 264 2433 408 2506; x_wconf 85' lang='lat' dir='ltr'><strong>est,</strong></span> <span class='ocrx_word' id='word_1_151' title='bbox 433 2443 591 2516; x_wconf 90' lang='lat' dir='ltr'><strong>quo</strong></span> <span class='ocrx_word' id='word_1_152' title='bbox 619 2420 1230 2517; x_wconf 79' lang='lat' dir='ltr'><strong>impunius-dicax</strong></span> <span class='ocrx_word' id='word_1_153' title='bbox 1257 2435 1460 2491; x_wconf 92' lang='lat' dir='ltr'><strong>esset.</strong></span> <span class='ocrx_word' id='word_1_154' title='bbox 1483 2424 1726 2512; x_wconf 89' lang='lat' dir='ltr'><strong>Quare</strong></span> <span class='ocrx_word' id='word_1_155' title='bbox 1750 2421 1952 2519; x_wconf 92' lang='lat' dir='ltr'><strong>quod</strong></span> <span class='ocrx_word' id='word_1_156' title='bbox 1977 2425 2256 2493; x_wconf 89' lang='lat' dir='ltr'><strong>socium</strong></span> <span class='ocrx_word' id='word_1_157' title='bbox 2285 2418 2416 2491; x_wconf 88' lang='lat' dir='ltr'><strong>tibi</strong></span> 
     </span>
     <span class='ocr_line' id='line_1_20' title="bbox 267 2528 2420 2627; baseline 0 -30"><span class='ocrx_word' id='word_1_158' title='bbox 267 2551 440 2598; x_wconf 89' lang='lat' dir='ltr'><strong>eum</strong></span> <span class='ocrx_word' id='word_1_159' title='bbox 470 2528 697 2599; x_wconf 82' lang='lat' dir='ltr'><strong>velles</strong></span> <span class='ocrx_word' id='word_1_160' title='bbox 725 2528 1120 2626; x_wconf 74' lang='lat' dir='ltr'><strong>adjungere</strong></span> <span class='ocrx_word' id='word_1_161' title='bbox 1143 2584 1163 2617; x_wconf 91' lang='lat'>‚</span> <span class='ocrx_word' id='word_1_162' title='bbox 1196 2529 1382 2600; x_wconf 91' lang='lat' dir='ltr'><strong>nihil</strong></span> <span class='ocrx_word' id='word_1_163' title='bbox 1414 2546 1604 2618; x_wconf 87' lang='lat' dir='ltr'><strong>erat,</strong></span> <span class='ocrx_word' id='word_1_164' title='bbox 1654 2531 1792 2601; x_wconf 90' lang='lat' dir='ltr'><strong>nisi</strong></span> <span class='ocrx_word' id='word_1_165' title='bbox 1827 2546 1910 2602; x_wconf 91' lang='lat' dir='ltr'><strong>ut</strong></span> <span class='ocrx_word' id='word_1_166' title='bbox 1936 2533 2012 2601; x_wconf 91' lang='lat' dir='ltr'><strong>in</strong></span> <span class='ocrx_word' id='word_1_167' title='bbox 2042 2545 2166 2601; x_wconf 87' lang='lat' dir='ltr'><strong>tua</strong></span> <span class='ocrx_word' id='word_1_168' title='bbox 2200 2554 2420 2627; x_wconf 87' lang='lat' dir='ltr'><strong>pecu-</strong></span> 
     </span>
     <span class='ocr_line' id='line_1_21' title="bbox 271 2635 2419 2740; baseline 0 -33"><span class='ocrx_word' id='word_1_169' title='bbox 271 2635 426 2708; x_wconf 81' lang='lat' dir='ltr'><strong>nia⁶</strong></span> <span class='ocrx_word' id='word_1_170' title='bbox 454 2638 934 2727; x_wconf 87' lang='lat' dir='ltr'><strong>condisceret,</strong></span> <span class='ocrx_word' id='word_1_171' title='bbox 948 2643 1076 2738; x_wconf 92' lang='lat' dir='ltr'><strong>qui</strong></span> <span class='ocrx_word' id='word_1_172' title='bbox 1105 2644 1429 2740; x_wconf 86' lang='lat' dir='ltr'><strong>pecuniae</strong></span> <span class='ocrx_word' id='word_1_173' title='bbox 1464 2639 1743 2712; x_wconf 87' lang='lat' dir='ltr'><strong>fructus</strong></span> <span class='ocrx_word' id='word_1_174' title='bbox 1771 2654 1977 2713; x_wconf 88' lang='lat' dir='ltr'><strong>esset.</strong></span> <span class='ocrx_word' id='word_1_175' title='bbox 2006 2645 2274 2711; x_wconf 89' lang='lat' dir='ltr'><strong>Tamen</strong></span> <span class='ocrx_word' id='word_1_176' title='bbox 2314 2643 2419 2709; x_wconf 92' lang='lat' dir='ltr'><strong>in-</strong></span> 
     </span>
     <span class='ocr_line' id='line_1_22' title="bbox 270 2745 2420 2843; baseline 0.002 -27"><span class='ocrx_word' id='word_1_177' title='bbox 270 2745 539 2818; x_wconf 90' lang='lat' dir='ltr'><strong>ductus</strong></span> <span class='ocrx_word' id='word_1_178' title='bbox 590 2749 1122 2822; x_wconf 90' lang='lat' dir='ltr'><strong>consuetudine</strong></span> <span class='ocrx_word' id='word_1_179' title='bbox 1162 2775 1247 2821; x_wconf 88' lang='lat' dir='ltr'><strong>ac</strong></span> <span class='ocrx_word' id='word_1_180' title='bbox 1290 2749 1769 2823; x_wconf 85' lang='lat' dir='ltr'><strong>familiaritate</strong></span> <span class='ocrx_word' id='word_1_181' title='bbox 1823 2754 2168 2843; x_wconf 89' lang='lat' dir='ltr'><strong>Quintius</strong></span> <span class='ocrx_word' id='word_1_182' title='bbox 2217 2747 2420 2836; x_wconf 89' lang='lat' dir='ltr'><strong>fecit,</strong></span> 
     </span>
     <span class='ocr_line' id='line_1_23' title="bbox 275 2856 2415 2959; baseline 0.002 -34"><span class='ocrx_word' id='word_1_183' title='bbox 275 2870 358 2925; x_wconf 89' lang='lat' dir='ltr'><strong>ut</strong></span> <span class='ocrx_word' id='word_1_184' title='bbox 385 2856 532 2927; x_wconf 84' lang='lat' dir='ltr'><strong>dixi</strong></span> <span class='ocrx_word' id='word_1_185' title='bbox 553 2913 572 2946; x_wconf 91' lang='lat'>,</span> <span class='ocrx_word' id='word_1_186' title='bbox 610 2861 1026 2930; x_wconf 85' lang='lat' dir='ltr'><strong>societatem</strong></span> <span class='ocrx_word' id='word_1_187' title='bbox 1060 2886 1307 2932; x_wconf 88' lang='lat' dir='ltr'><strong>earum</strong></span> <span class='ocrx_word' id='word_1_188' title='bbox 1342 2887 1588 2932; x_wconf 90' lang='lat' dir='ltr'><strong>rerum</strong></span> <span class='ocrx_word' id='word_1_189' title='bbox 1611 2915 1632 2950; x_wconf 87' lang='lat'>,</span> <span class='ocrx_word' id='word_1_190' title='bbox 1658 2887 1820 2959; x_wconf 82' lang='lat' dir='ltr'><strong>quae</strong></span> <span class='ocrx_word' id='word_1_191' title='bbox 1855 2865 1930 2931; x_wconf 92' lang='lat' dir='ltr'><strong>in</strong></span> <span class='ocrx_word' id='word_1_192' title='bbox 1959 2861 2187 2933; x_wconf 87' lang='lat' dir='ltr'><strong>Gallia</strong></span> <span class='ocrx_word' id='word_1_193' title='bbox 2214 2884 2415 2931; x_wconf 89' lang='lat' dir='ltr'><strong>com-</strong></span> 
     </span>
     <span class='ocr_line' id='line_1_24' title="bbox 273 2965 2416 3069; baseline 0.001 -33"><span class='ocrx_word' id='word_1_194' title='bbox 273 2965 740 3060; x_wconf 83' lang='lat' dir='ltr'><strong>parabantur.</strong></span> <span class='ocrx_word' id='word_1_195' title='bbox 759 2972 929 3039; x_wconf 90' lang='lat' dir='ltr'><strong>Erat</strong></span> <span class='ocrx_word' id='word_1_196' title='bbox 955 2972 1021 3040; x_wconf 89' lang='lat' dir='ltr'><strong>ei</strong></span> <span class='ocrx_word' id='word_1_197' title='bbox 1049 2974 1385 3068; x_wconf 87' lang='lat' dir='ltr'><strong>pecuaria</strong></span> <span class='ocrx_word' id='word_1_198' title='bbox 1415 2981 1559 3042; x_wconf 87' lang='lat' dir='ltr'><strong>res⁷</strong></span> <span class='ocrx_word' id='word_1_199' title='bbox 1587 2971 1850 3069; x_wconf 90' lang='lat' dir='ltr'><strong>ampla,</strong></span> <span class='ocrx_word' id='word_1_200' title='bbox 1868 2986 1941 3043; x_wconf 88' lang='lat' dir='ltr'><strong>et</strong></span> <span class='ocrx_word' id='word_1_201' title='bbox 1963 2975 2227 3042; x_wconf 89' lang='lat' dir='ltr'><strong>rustica</strong></span> <span class='ocrx_word' id='word_1_202' title='bbox 2245 2995 2416 3041; x_wconf 87' lang='lat' dir='ltr'><strong>sane</strong></span> 
     </span>
    </p>
   </div>
   <div class='ocr_carea' id='block_1_3' title="bbox 270 3143 1300 3370">
    <p class='ocr_par' dir='ltr' id='par_1_4' title="bbox 270 3143 1300 3370">
     <span class='ocr_line' id='line_1_25' title="bbox 352 3143 1296 3198; baseline 0.008 -8"><span class='ocrx_word' id='word_1_203' title='bbox 352 3143 437 3190; x_wconf 84' lang='lat'><strong>111.</strong></span> <span class='ocrx_word' id='word_1_204' title='bbox 465 3159 513 3192; x_wconf 80' lang='grc' dir='ltr'><strong>ι.</strong></span> <span class='ocrx_word' id='word_1_205' title='bbox 549 3144 827 3193; x_wconf 76' lang='lat' dir='ltr'><strong>Ceterarum</strong></span> <span class='ocrx_word' id='word_1_206' title='bbox 866 3163 1044 3197; x_wconf 80' lang='lat' dir='ltr'><strong>rerum.</strong></span> <span class='ocrx_word' id='word_1_207' title='bbox 1078 3148 1296 3198; x_wconf 80' lang='lat' dir='ltr'><strong>Subaud.</strong></span> 
     </span>
     <span class='ocr_line' id='line_1_26' title="bbox 274 3219 1296 3293; baseline 0.011 -26"><span class='ocrx_word' id='word_1_208' title='bbox 274 3219 333 3267; x_wconf 77' lang='lat' dir='ltr'><strong>in</strong></span> <span class='ocrx_word' id='word_1_209' title='bbox 374 3223 577 3285; x_wconf 72' lang='lat' dir='ltr'><strong>negocio.</strong></span> <span class='ocrx_word' id='word_1_210' title='bbox 614 3224 697 3272; x_wconf 87' lang='lat' dir='ltr'><strong>Sic</strong></span> <span class='ocrx_word' id='word_1_211' title='bbox 725 3225 778 3272; x_wconf 85' lang='lat' dir='ltr'><strong>iu</strong></span> <span class='ocrx_word' id='word_1_212' title='bbox 816 3226 924 3276; x_wconf 76' lang='lat' dir='ltr'><strong>Cat.</strong></span> <span class='ocrx_word' id='word_1_213' title='bbox 952 3229 1071 3289; x_wconf 75' lang='lat' dir='ltr'><strong>Maj.</strong></span> <span class='ocrx_word' id='word_1_214' title='bbox 1100 3230 1296 3293; x_wconf 61' lang='lat' dir='ltr'><strong>«Smpe-</strong></span> 
     </span>
     <span class='ocr_line' id='line_1_27' title="bbox 270 3302 1300 3370; baseline 0.009 -23"><span class='ocrx_word' id='word_1_215' title='bbox 270 3315 483 3348; x_wconf 69' lang='grc' dir='ltr'><strong>πωπω-ο</strong></span> <span class='ocrx_word' id='word_1_216' title='bbox 506 3302 729 3352; x_wconf 68' lang='lat' dir='ltr'><strong>namin-ari</strong></span> <span class='ocrx_word' id='word_1_217' title='bbox 753 3305 915 3364; x_wconf 69' lang='lat' dir='ltr'><strong>soleo,</strong></span> <span class='ocrx_word' id='word_1_218' title='bbox 933 3322 1086 3370; x_wconf 88' lang='lat' dir='ltr'><strong>quum</strong></span> <span class='ocrx_word' id='word_1_219' title='bbox 1115 3318 1300 3356; x_wconf 73' lang='lat' dir='ltr'><strong>cetera-</strong></span> 
     </span>
    </p>
   </div>
   <div class='ocr_carea' id='block_1_4' title="bbox 1383 3149 2416 3367">
    <p class='ocr_par' dir='ltr' id='par_1_5' title="bbox 1383 3149 2416 3367">
     <span class='ocr_line' id='line_1_28' title="bbox 1383 3149 2416 3215; baseline -0.001 -17"><span class='ocrx_word' id='word_1_220' title='bbox 1383 3149 1580 3199; x_wconf 80' lang='lat' dir='ltr'><strong>laudare</strong></span> <span class='ocrx_word' id='word_1_221' title='bbox 1609 3150 1733 3198; x_wconf 82' lang='lat' dir='ltr'><strong>velle</strong></span> <span class='ocrx_word' id='word_1_222' title='bbox 1760 3151 1984 3200; x_wconf 75' lang='lat' dir='ltr'><strong>Naevium</strong></span> <span class='ocrx_word' id='word_1_223' title='bbox 2003 3150 2215 3210; x_wconf 83' lang='lat' dir='ltr'><strong>videtur,</strong></span> <span class='ocrx_word' id='word_1_224' title='bbox 2239 3150 2416 3215; x_wconf 79' lang='lat' dir='ltr'><strong>pungit</strong></span> 
     </span>
     <span class='ocr_line' id='line_1_29' title="bbox 1384 3231 1576 3278; baseline -0.01 0"><span class='ocrx_word' id='word_1_225' title='bbox 1384 3231 1576 3278; x_wconf 81' lang='lat' dir='ltr'><strong>acriter.</strong></span> 
     </span>
     <span class='ocr_line' id='line_1_30' title="bbox 1459 3306 2408 3367; baseline -0.004 -10"><span class='ocrx_word' id='word_1_226' title='bbox 1459 3317 1507 3363; x_wconf 70' lang='grc'><strong>4.</strong></span> <span class='ocrx_word' id='word_1_227' title='bbox 1531 3308 1864 3356; x_wconf 70' lang='lat' dir='ltr'><strong>Inhumanus.</strong></span> <span class='ocrx_word' id='word_1_228' title='bbox 1894 3306 2111 3355; x_wconf 76' lang='lat' dir='ltr'><strong>Insunvis</strong></span> <span class='ocrx_word' id='word_1_229' title='bbox 2129 3340 2145 3366; x_wconf 88' lang='lat'><strong><em>‚</em></strong></span> <span class='ocrx_word' id='word_1_230' title='bbox 2183 3306 2408 3367; x_wconf 78' lang='lat' dir='ltr'><strong>iniucun-</strong></span> 
     </span>
    </p>
   </div>
   <div class='ocr_carea' id='block_1_5' title="bbox 257 3385 1300 4240">
    <p class='ocr_par' dir='ltr' id='par_1_6' title="bbox 264 3385 1300 3762">
     <span class='ocr_line' id='line_1_31' title="bbox 271 3385 1298 3446; baseline 0.009 -19"><span class='ocrx_word' id='word_1_231' title='bbox 271 3395 389 3428; x_wconf 80' lang='lat' dir='ltr'><strong>rum</strong></span> <span class='ocrx_word' id='word_1_232' title='bbox 411 3397 570 3429; x_wconf 73' lang='lat' dir='ltr'><strong>rerum</strong></span> <span class='ocrx_word' id='word_1_233' title='bbox 588 3394 717 3431; x_wconf 79' lang='lat' dir='ltr'><strong>tuam</strong></span> <span class='ocrx_word' id='word_1_234' title='bbox 737 3385 1057 3434; x_wconf 77' lang='lat' dir='ltr'><strong>excellentem</strong></span> <span class='ocrx_word' id='word_1_235' title='bbox 1070 3420 1085 3446; x_wconf 84' lang='lat'>‚</span> <span class='ocrx_word' id='word_1_236' title='bbox 1115 3388 1189 3436; x_wconf 90' lang='grc' dir='ltr'><strong>Μ.</strong></span> <span class='ocrx_word' id='word_1_237' title='bbox 1207 3388 1298 3436; x_wconf 76' lang='grc' dir='ltr'><strong>Οε-</strong></span> 
     </span>
     <span class='ocr_line' id='line_1_32' title="bbox 265 3460 1298 3526; baseline 0.006 -19"><span class='ocrx_word' id='word_1_238' title='bbox 265 3471 352 3518; x_wconf 77' lang='grc' dir='ltr'><strong>ιο,</strong></span> <span class='ocrx_word' id='word_1_239' title='bbox 373 3460 683 3524; x_wconf 70' lang='lat' dir='ltr'><strong>sapientiam,</strong></span> <span class='ocrx_word' id='word_1_240' title='bbox 709 3474 811 3512; x_wconf 82' lang='lat' dir='ltr'><strong>tum</strong></span> <span class='ocrx_word' id='word_1_241' title='bbox 829 3464 907 3512; x_wconf 82' lang='lat' dir='ltr'><strong>vel</strong></span> <span class='ocrx_word' id='word_1_242' title='bbox 927 3466 1150 3526; x_wconf 77' lang='lat' dir='ltr'><strong>maxime,</strong></span> <span class='ocrx_word' id='word_1_243' title='bbox 1167 3476 1298 3513; x_wconf 76' lang='lat' dir='ltr'><strong>etc.-</strong></span> 
     </span>
     <span class='ocr_line' id='line_1_33' title="bbox 265 3538 1300 3607; baseline 0.006 -21"><span class='ocrx_word' id='word_1_244' title='bbox 265 3540 337 3587; x_wconf 59' lang='grc' dir='ltr'><strong>Β(</strong></span> <span class='ocrx_word' id='word_1_245' title='bbox 360 3538 528 3587; x_wconf 77' lang='lat' dir='ltr'><strong>multo</strong></span> <span class='ocrx_word' id='word_1_246' title='bbox 555 3551 662 3602; x_wconf 76' lang='lat' dir='ltr'><strong>post</strong></span> <span class='ocrx_word' id='word_1_247' title='bbox 682 3555 695 3589; x_wconf 77' lang='lat' dir='ltr'><em>z</em></span> <span class='ocrx_word' id='word_1_248' title='bbox 718 3559 903 3607; x_wconf 74' lang='lat' dir='ltr'><strong>«quum</strong></span> <span class='ocrx_word' id='word_1_249' title='bbox 924 3543 1136 3593; x_wconf 76' lang='lat' dir='ltr'><strong>hominis</strong></span> <span class='ocrx_word' id='word_1_250' title='bbox 1165 3555 1300 3594; x_wconf 72' lang='lat' dir='ltr'><strong>uatu-</strong></span> 
     </span>
     <span class='ocr_line' id='line_1_34' title="bbox 264 3618 1298 3680; baseline 0.008 -16"><span class='ocrx_word' id='word_1_251' title='bbox 264 3633 321 3665; x_wconf 71' lang='lat' dir='ltr'><strong>ra</strong></span> <span class='ocrx_word' id='word_1_252' title='bbox 338 3628 507 3666; x_wconf 74' lang='lat' dir='ltr'><strong>morte</strong></span> <span class='ocrx_word' id='word_1_253' title='bbox 525 3618 820 3680; x_wconf 72' lang='lat' dir='ltr'><strong>dissolvitur,</strong></span> <span class='ocrx_word' id='word_1_254' title='bbox 845 3633 1115 3671; x_wconf 75' lang='lat' dir='ltr'><strong>ceterarum</strong></span> <span class='ocrx_word' id='word_1_255' title='bbox 1136 3640 1298 3672; x_wconf 84' lang='lat' dir='ltr'><strong>rerum</strong></span> 
     </span>
     <span class='ocr_line' id='line_1_35' title="bbox 265 3699 1298 3762; baseline 0.008 -18"><span class='ocrx_word' id='word_1_256' title='bbox 265 3699 587 3762; x_wconf 68' lang='lat' dir='ltr'><strong>perspicuum</strong></span> <span class='ocrx_word' id='word_1_257' title='bbox 610 3709 699 3758; x_wconf 72' lang='lat' dir='ltr'><strong>est,</strong></span> <span class='ocrx_word' id='word_1_258' title='bbox 723 3711 857 3750; x_wconf 73' lang='lat' dir='ltr'><strong>etc.»</strong></span> <span class='ocrx_word' id='word_1_259' title='bbox 881 3702 962 3751; x_wconf 86' lang='lat' dir='ltr'><strong>Sic</strong></span> <span class='ocrx_word' id='word_1_260' title='bbox 991 3702 1149 3750; x_wconf 78' lang='lat' dir='ltr'><strong>Graeci</strong></span> <span class='ocrx_word' id='word_1_261' title='bbox 1171 3717 1184 3750; x_wconf 73' lang='grc' dir='ltr'><em>τ</em></span> <span class='ocrx_word' id='word_1_262' title='bbox 1203 3706 1298 3752; x_wconf 76' lang='grc' dir='ltr'><strong>τῶν</strong></span> 
     </span>
    </p>

    <p class='ocr_par' dir='ltr' id='par_1_7' title="bbox 257 3857 1299 4143">
     <span class='ocr_line' id='line_1_36' title="bbox 337 3857 1299 3917; baseline 0.006 -15"><span class='ocrx_word' id='word_1_263' title='bbox 337 3871 389 3906; x_wconf 74' lang='lat'><strong>2.</strong></span> <span class='ocrx_word' id='word_1_264' title='bbox 435 3857 583 3904; x_wconf 76' lang='lat' dir='ltr'><strong>cerei.</strong></span> <span class='ocrx_word' id='word_1_265' title='bbox 624 3857 824 3907; x_wconf 71' lang='lat' dir='ltr'><strong>Sincera</strong></span> <span class='ocrx_word' id='word_1_266' title='bbox 866 3857 989 3917; x_wconf 78' lang='lat' dir='ltr'><strong>fide,</strong></span> <span class='ocrx_word' id='word_1_267' title='bbox 1029 3861 1109 3908; x_wconf 83' lang='lat' dir='ltr'><strong>cui</strong></span> <span class='ocrx_word' id='word_1_268' title='bbox 1148 3859 1299 3908; x_wconf 79' lang='lat' dir='ltr'><strong>fidere</strong></span> 
     </span>
     <span class='ocr_line' id='line_1_37' title="bbox 264 3935 1298 3997; baseline 0.007 -15"><span class='ocrx_word' id='word_1_269' title='bbox 264 3935 439 3997; x_wconf 64' lang='lat' dir='ltr'><strong>pouit.</strong></span> <span class='ocrx_word' id='word_1_270' title='bbox 470 3935 553 3982; x_wconf 80' lang='lat' dir='ltr'><strong>Sic</strong></span> <span class='ocrx_word' id='word_1_271' title='bbox 574 3936 715 3983; x_wconf 77' lang='lat' dir='ltr'><strong>Vct-r.</strong></span> <span class='ocrx_word' id='word_1_272' title='bbox 737 3938 811 3984; x_wconf 86' lang='lat'><strong>11:</strong></span> <span class='ocrx_word' id='word_1_273' title='bbox 830 3959 856 3978; x_wconf 73' lang='grc' dir='ltr'><strong>α</strong></span> <span class='ocrx_word' id='word_1_274' title='bbox 870 3937 1067 3986; x_wconf 85' lang='lat' dir='ltr'><strong>homine</strong></span> <span class='ocrx_word' id='word_1_275' title='bbox 1094 3939 1298 3989; x_wconf 73' lang='lat' dir='ltr'><strong>certissi-</strong></span> 
     </span>
     <span class='ocr_line' id='line_1_38' title="bbox 264 4015 1296 4068; baseline 0.006 -6"><span class='ocrx_word' id='word_1_276' title='bbox 264 4030 408 4063; x_wconf 77' lang='lat' dir='ltr'><strong>mo».</strong></span> <span class='ocrx_word' id='word_1_277' title='bbox 437 4015 520 4062; x_wconf 67' lang='lat' dir='ltr'><strong>stc</strong></span> <span class='ocrx_word' id='word_1_278' title='bbox 538 4029 555 4063; x_wconf 89' lang='lat'>:</span> <span class='ocrx_word' id='word_1_279' title='bbox 598 4017 826 4064; x_wconf 71' lang='lat' dir='ltr'><strong>«amicus</strong></span> <span class='ocrx_word' id='word_1_280' title='bbox 861 4028 1021 4066; x_wconf 78' lang='lat' dir='ltr'><strong>certus</strong></span> <span class='ocrx_word' id='word_1_281' title='bbox 1049 4019 1100 4067; x_wconf 89' lang='lat' dir='ltr'><strong>iu</strong></span> <span class='ocrx_word' id='word_1_282' title='bbox 1137 4036 1189 4067; x_wconf 86' lang='lat' dir='ltr'><strong>re</strong></span> <span class='ocrx_word' id='word_1_283' title='bbox 1223 4022 1296 4068; x_wconf 85' lang='lat' dir='ltr'><strong>iu-</strong></span> 
     </span>
     <span class='ocr_line' id='line_1_39' title="bbox 257 4094 712 4143; baseline 0.011 -5"><span class='ocrx_word' id='word_1_284' title='bbox 257 4104 390 4141; x_wconf 65' lang='lat' dir='ltr'><strong>cern</strong></span> <span class='ocrx_word' id='word_1_285' title='bbox 421 4094 646 4142; x_wconf 66' lang='lat' dir='ltr'><strong>cernitur</strong></span> <span class='ocrx_word' id='word_1_286' title='bbox 667 4118 712 4143; x_wconf 73' lang='grc' dir='ltr'><strong>ιι.</strong></span> 
     </span>
    </p>

    <p class='ocr_par' dir='ltr' id='par_1_8' title="bbox 334 4169 1292 4240">
     <span class='ocr_line' id='line_1_40' title="bbox 334 4169 1292 4240; baseline 0.004 -19"><span class='ocrx_word' id='word_1_287' title='bbox 334 4169 385 4221; x_wconf 84' lang='grc'><strong>3.</strong></span> <span class='ocrx_word' id='word_1_288' title='bbox 414 4172 535 4218; x_wconf 77' lang='lat' dir='ltr'><strong>Non</strong></span> <span class='ocrx_word' id='word_1_289' title='bbox 564 4188 681 4236; x_wconf 80' lang='lat' dir='ltr'><strong>quo.</strong></span> <span class='ocrx_word' id='word_1_290' title='bbox 717 4175 1019 4239; x_wconf 72' lang='lat' dir='ltr'><strong>occupatio,</strong></span> <span class='ocrx_word' id='word_1_291' title='bbox 1052 4193 1145 4240; x_wconf 81' lang='lat' dir='ltr'><strong>qua</strong></span> <span class='ocrx_word' id='word_1_292' title='bbox 1177 4176 1292 4225; x_wconf 80' lang='lat' dir='ltr'><strong>dum</strong></span> 
     </span>
    </p>
   </div>
   <div class='ocr_carea' id='block_1_6' title="bbox 1384 3387 2416 4239">
    <p class='ocr_par' dir='ltr' id='par_1_9' title="bbox 1386 3387 2337 3452">
     <span class='ocr_line' id='line_1_41' title="bbox 1386 3387 2337 3452; baseline -0.002 -16"><span class='ocrx_word' id='word_1_293' title='bbox 1386 3388 1492 3436; x_wconf 76' lang='lat' dir='ltr'><strong>dus.</strong></span> <span class='ocrx_word' id='word_1_294' title='bbox 1513 3388 1636 3436; x_wconf 81' lang='lat' dir='ltr'><strong>Vid.</strong></span> <span class='ocrx_word' id='word_1_295' title='bbox 1666 3403 1758 3452; x_wconf 85' lang='lat' dir='ltr'><strong>pro</strong></span> <span class='ocrx_word' id='word_1_296' title='bbox 1782 3387 1950 3435; x_wconf 72' lang='lat' dir='ltr'><strong>Plane.</strong></span> <span class='ocrx_word' id='word_1_297' title='bbox 1977 3395 2056 3442; x_wconf 77' lang='lat'><strong>14.</strong></span> <span class='ocrx_word' id='word_1_298' title='bbox 2086 3387 2222 3434; x_wconf 87' lang='lat' dir='ltr'><strong>Brut.</strong></span> <span class='ocrx_word' id='word_1_299' title='bbox 2253 3387 2337 3441; x_wconf 75' lang='lat'><strong>46.</strong></span> 
     </span>
    </p>

    <p class='ocr_par' dir='ltr' id='par_1_10' title="bbox 1384 3463 2416 3849">
     <span class='ocr_line' id='line_1_42' title="bbox 1456 3463 2410 3528; baseline -0.004 -13"><span class='ocrx_word' id='word_1_300' title='bbox 1456 3468 1504 3515; x_wconf 82' lang='lat'><strong>5.</strong></span> <span class='ocrx_word' id='word_1_301' title='bbox 1544 3469 1732 3515; x_wconf 82' lang='lat' dir='ltr'><strong>Proeco.</strong></span> <span class='ocrx_word' id='word_1_302' title='bbox 1759 3466 1894 3516; x_wconf 83' lang='lat' dir='ltr'><strong>Servi</strong></span> <span class='ocrx_word' id='word_1_303' title='bbox 1926 3465 2045 3513; x_wconf 88' lang='lat' dir='ltr'><strong>olim</strong></span> <span class='ocrx_word' id='word_1_304' title='bbox 2068 3475 2204 3512; x_wconf 74' lang='lat' dir='ltr'><strong>erant</strong></span> <span class='ocrx_word' id='word_1_305' title='bbox 2222 3463 2410 3528; x_wconf 84' lang='lat' dir='ltr'><strong>publici</strong></span> 
     </span>
     <span class='ocr_line' id='line_1_43' title="bbox 1384 3544 2416 3611; baseline -0.002 -17"><span class='ocrx_word' id='word_1_306' title='bbox 1384 3561 1666 3609; x_wconf 60' lang='lat' dir='ltr'><strong>praenomen</strong></span> <span class='ocrx_word' id='word_1_307' title='bbox 1709 3561 1922 3611; x_wconf 86' lang='lat' dir='ltr'><strong>quorum</strong></span> <span class='ocrx_word' id='word_1_308' title='bbox 1963 3545 2162 3593; x_wconf 81' lang='lat' dir='ltr'><strong>minime</strong></span> <span class='ocrx_word' id='word_1_309' title='bbox 2201 3544 2416 3592; x_wconf 76' lang='lat' dir='ltr'><strong>liberalis</strong></span> 
     </span>
     <span class='ocr_line' id='line_1_44' title="bbox 1385 3623 2413 3690; baseline -0.002 -18"><span class='ocrx_word' id='word_1_310' title='bbox 1385 3624 1658 3673; x_wconf 72' lang='lat' dir='ltr'><strong>habebatur</strong></span> <span class='ocrx_word' id='word_1_311' title='bbox 1675 3636 1905 3690; x_wconf 62' lang='lat' dir='ltr'><strong>quastus.</strong></span> <span class='ocrx_word' id='word_1_312' title='bbox 1929 3624 2115 3672; x_wconf 83' lang='lat' dir='ltr'><strong>Notum</strong></span> <span class='ocrx_word' id='word_1_313' title='bbox 2141 3623 2267 3671; x_wconf 86' lang='lat' dir='ltr'><strong>illud</strong></span> <span class='ocrx_word' id='word_1_314' title='bbox 2279 3626 2413 3671; x_wconf 72' lang='lat' dir='ltr'><strong>Mar·</strong></span> 
     </span>
     <span class='ocr_line' id='line_1_45' title="bbox 1386 3702 2414 3767; baseline 0 -16"><span class='ocrx_word' id='word_1_315' title='bbox 1386 3702 1544 3761; x_wconf 65' lang='lat' dir='ltr'><strong>dalis,</strong></span> <span class='ocrx_word' id='word_1_316' title='bbox 1568 3703 1656 3752; x_wconf 81' lang='lat' dir='ltr'><strong>lib.</strong></span> <span class='ocrx_word' id='word_1_317' title='bbox 1674 3705 1739 3763; x_wconf 76' lang='lat' dir='ltr'><strong>V,</strong></span> <span class='ocrx_word' id='word_1_318' title='bbox 1764 3705 1919 3767; x_wconf 85' lang='lat' dir='ltr'><strong>epigr.</strong></span> <span class='ocrx_word' id='word_1_319' title='bbox 1943 3704 2038 3762; x_wconf 85' lang='lat'><strong>56,</strong></span> <span class='ocrx_word' id='word_1_320' title='bbox 2069 3716 2157 3751; x_wconf 83' lang='lat' dir='ltr'><strong>xo:</strong></span> <span class='ocrx_word' id='word_1_321' title='bbox 2181 3725 2207 3744; x_wconf 75' lang='grc' dir='ltr'><strong>σι</strong></span> <span class='ocrx_word' id='word_1_322' title='bbox 2223 3704 2273 3751; x_wconf 86' lang='lat' dir='ltr'><strong>Si</strong></span> <span class='ocrx_word' id='word_1_323' title='bbox 2304 3702 2414 3751; x_wconf 83' lang='lat' dir='ltr'><strong>duri</strong></span> 
     </span>
     <span class='ocr_line' id='line_1_46' title="bbox 1386 3782 2413 3849; baseline 0 -19"><span class='ocrx_word' id='word_1_324' title='bbox 1386 3799 1509 3845; x_wconf 82' lang='lat' dir='ltr'><strong>puer</strong></span> <span class='ocrx_word' id='word_1_325' title='bbox 1521 3782 1687 3849; x_wconf 78' lang='lat' dir='ltr'><strong>ingeni</strong></span> <span class='ocrx_word' id='word_1_326' title='bbox 1700 3782 1910 3842; x_wconf 71' lang='lat' dir='ltr'><strong>vidntur,</strong></span> <span class='ocrx_word' id='word_1_327' title='bbox 1922 3785 2202 3830; x_wconf 69' lang='lat' dir='ltr'><strong>Praecouem</strong></span> <span class='ocrx_word' id='word_1_328' title='bbox 2219 3782 2413 3830; x_wconf 67' lang='lat' dir='ltr'><strong>facitoe.</strong></span> 
     </span>
    </p>

    <p class='ocr_par' dir='ltr' id='par_1_11' title="bbox 1386 3861 2413 4164">
     <span class='ocr_line' id='line_1_47' title="bbox 1456 3861 2412 3925; baseline -0.005 -14"><span class='ocrx_word' id='word_1_329' title='bbox 1456 3863 1511 3911; x_wconf 81' lang='lat'><strong>6.</strong></span> <span class='ocrx_word' id='word_1_330' title='bbox 1542 3864 1604 3910; x_wconf 78' lang='lat' dir='ltr'><strong>In</strong></span> <span class='ocrx_word' id='word_1_331' title='bbox 1632 3873 1719 3910; x_wconf 76' lang='lat' dir='ltr'><strong>tua</strong></span> <span class='ocrx_word' id='word_1_332' title='bbox 1746 3862 1979 3925; x_wconf 80' lang='lat' dir='ltr'><strong>pecunia.</strong></span> <span class='ocrx_word' id='word_1_333' title='bbox 2004 3863 2063 3909; x_wconf 88' lang='lat' dir='ltr'><strong>Iu</strong></span> <span class='ocrx_word' id='word_1_334' title='bbox 2089 3861 2261 3910; x_wconf 73' lang='lat' dir='ltr'><strong>aliena.</strong></span> <span class='ocrx_word' id='word_1_335' title='bbox 2300 3863 2412 3909; x_wconf 83' lang='lat' dir='ltr'><strong>Hoc</strong></span> 
     </span>
     <span class='ocr_line' id='line_1_48' title="bbox 1386 3940 2413 4005; baseline -0.004 -16"><span class='ocrx_word' id='word_1_336' title='bbox 1386 3940 1513 3989; x_wconf 84' lang='lat' dir='ltr'><strong>euim</strong></span> <span class='ocrx_word' id='word_1_337' title='bbox 1547 3940 1611 3989; x_wconf 75' lang='lat' dir='ltr'><strong>ad</strong></span> <span class='ocrx_word' id='word_1_338' title='bbox 1642 3941 1863 4005; x_wconf 77' lang='lat' dir='ltr'><strong>quemvis</strong></span> <span class='ocrx_word' id='word_1_339' title='bbox 1894 3941 2155 4004; x_wconf 69' lang='lat' dir='ltr'><strong>generatim</strong></span> <span class='ocrx_word' id='word_1_340' title='bbox 2193 3940 2413 3988; x_wconf 80' lang='lat' dir='ltr'><strong>refertur.</strong></span> 
     </span>
     <span class='ocr_line' id='line_1_49' title="bbox 1387 4019 2413 4081; baseline -0.004 -13"><span class='ocrx_word' id='word_1_341' title='bbox 1387 4020 1613 4069; x_wconf 69' lang='lat' dir='ltr'><strong>Pecuniae</strong></span> <span class='ocrx_word' id='word_1_342' title='bbox 1639 4037 1756 4069; x_wconf 83' lang='lat' dir='ltr'><strong>vero</strong></span> <span class='ocrx_word' id='word_1_343' title='bbox 1786 4020 1973 4069; x_wconf 76' lang='lat' dir='ltr'><strong>fructus</strong></span> <span class='ocrx_word' id='word_1_344' title='bbox 2000 4030 2071 4067; x_wconf 72' lang='lat' dir='ltr'><strong>eat</strong></span> <span class='ocrx_word' id='word_1_345' title='bbox 2094 4019 2284 4068; x_wconf 87' lang='lat' dir='ltr'><strong>lucrum</strong></span> <span class='ocrx_word' id='word_1_346' title='bbox 2312 4033 2413 4081; x_wconf 88' lang='lat' dir='ltr'><strong>quo</strong></span> 
     </span>
     <span class='ocr_line' id='line_1_50' title="bbox 1388 4099 1984 4164; baseline 0.002 -18"><span class='ocrx_word' id='word_1_347' title='bbox 1388 4099 1634 4148; x_wconf 71' lang='lat' dir='ltr'><strong>familian&#39;s</strong></span> <span class='ocrx_word' id='word_1_348' title='bbox 1663 4116 1738 4148; x_wconf 75' lang='lat' dir='ltr'><strong>res</strong></span> <span class='ocrx_word' id='word_1_349' title='bbox 1763 4110 1984 4164; x_wconf 71' lang='lat' dir='ltr'><strong>augetur.</strong></span> 
     </span>
    </p>

    <p class='ocr_par' dir='ltr' id='par_1_12' title="bbox 1460 4173 2415 4239">
     <span class='ocr_line' id='line_1_51' title="bbox 1460 4173 2415 4239; baseline -0.005 -13"><span class='ocrx_word' id='word_1_350' title='bbox 1460 4195 1506 4238; x_wconf 86' lang='lat'><strong>7.</strong></span> <span class='ocrx_word' id='word_1_351' title='bbox 1546 4177 1788 4226; x_wconf 55' lang='lat' dir='ltr'><strong>Pet-uaria</strong></span> <span class='ocrx_word' id='word_1_352' title='bbox 1820 4193 1909 4225; x_wconf 82' lang='lat' dir='ltr'><strong>res.</strong></span> <span class='ocrx_word' id='word_1_353' title='bbox 1949 4175 2162 4226; x_wconf 73' lang='lat' dir='ltr'><strong>Plurima</strong></span> <span class='ocrx_word' id='word_1_354' title='bbox 2204 4173 2415 4239; x_wconf 72' lang='lat' dir='ltr'><strong>posside-</strong></span> 
     </span>
    </p>
   </div>
  </div>
 </body>
</html>
