3044 4788
692 426 801 496 IN
851 425 1284 497 VERREM
1331 425 1545 496 Aer.
1598 426 1703 512 11,
1752 428 1938 495 LIB.
1986 428 2039 495 1.
2289 423 2431 521 369

292 552 493 629 Junii
526 560 727 624 tutor
761 565 916 622 erat
954 563 1387 621 testamento
1421 550 1684 647 patris;
1730 574 1895 620 cum
1944 570 2034 621 eo
2078 550 2232 621 sine
2275 550 2429 621 ullo

294 655 867 737 intertrimento⁸
892 650 1337 732 'convenerat
1362 660 1538 756 jam,
1559 658 2175 756 quemadmodum
2202 659 2434 732 trade-

295 789 516 846 retur.
551 777 694 843 Iste
722 768 814 841 ad
848 794 924 840 se
959 770 1362 841 Rabonium
1396 785 1651 841 vocat:
1686 770 1974 866 quaerit,
2012 769 2274 868 ecquid
2302 773 2429 860 sit,

294 880 498 979 quod
533 905 576 951 a
611 878 892 978 pupillo
930 877 1271 949 traditum
1319 904 1473 951 non
1510 884 1638 968 sit,
1681 878 1883 976 quod
1922 882 2107 977 exigi
2148 880 2429 953 debeat.

292 995 542 1085 Quum
578 989 732 1075 ille,
797 987 871 1058 id
912 986 1114 1085 quod
1167 1002 1362 1076 erat,
1405 987 1710 1073 diceret,
1765 987 2044 1061 facilem
2075 1003 2106 1049 9
2151 993 2433 1089 pupillo

295 1100 757 1173 traditionem
819 1123 1008 1186 esse;
1063 1100 1269 1195 signa
1310 1114 1380 1169 et
1436 1097 1627 1171 dona
1680 1124 2098 1197 comparere
2156 1102 2434 1189 omnia3

292 1213 533 1307 ipsum
563 1207 919 1307 templum
946 1209 1148 1279 omni
1174 1232 1396 1307 opere
1425 1232 1579 1280 esse
1608 1210 1972 1307 integrum
2001 1237 2017 1280 ε
2051 1210 2431 1307 indignum

293 1322 411 1393 isti
429 1320 657 1391 videri
683 1320 904 1418 coepit
921 1373 940 1406 ,
970 1343 1059 1390 ex
1079 1333 1277 1389 tanta
1299 1318 1448 1391 aede
1465 1374 1484 1408 ,
1515 1334 1866 1417 tantoque
1894 1346 2148 1419 opere,
2173 1347 2251 1394 se
2279 1349 2431 1394 non

296 1433 624 1528 opimum
655 1428 928 1527 praeda,
960 1431 1357 1526 praesertim
1389 1453 1433 1500 a
1462 1429 1781 1526 pupille,
1818 1428 2204 1502 discedere.

397 1544 507 1610 LI.
568 1541 788 1611 Venit
823 1541 975 1636 ipse
1023 1540 1100 1609 in
1140 1538 1365 1610 aedem
1410 1540 1763 1626 Castoris3
1807 1537 2210 1612 considerat
2248 1555 2433 1611 tem-

301 1648 545 1747 plum;
573 1647 764 1720 videt
790 1646 1119 1746 undique
1157 1662 1430 1721 tectum
1464 1647 1951 1745 pulcherrime
1985 1647 2435 1746 laqueatum,

299 1772 643 1856 praeterea
668 1773 906 1830 cetera
931 1783 1121 1829 nova
1140 1773 1360 1854 atque
1393 1759 1691 1852 integra.
1721 1760 1974 1827 Versat
2004 1781 2121 1846 se;
2147 1759 2438 1854 quaerit,

299 1866 481 1965 quid
521 1881 698 1965 agat.
736 1867 930 1936 Dicit
959 1867 1025 1937 ei
1066 1864 1362 1963 quidam
1402 1891 1492 1937 ex
1530 1865 1667 1936 illis
1710 1864 2042 1953 canibuS,
2080 1892 2268 1964 quos
2303 1868 2435 1939 iste

296 1978 545 2073 Liguri
572 1975 853 2046 dixerat
885 1999 1039 2046 esse
1079 1976 1268 2045 circa
1318 1999 1396 2046 se
1432 1976 1744 2046 multos:
1778 1979 1925 2061 Tu,
1964 1981 2265 2065 Verres»,
2313 1978 2436 2049 hic

297 2085 502 2184 quod
531 2087 865 2173 moliare,
914 2085 1096 2155 nihil
1141 2084 1402 2173 habes;
1438 2089 1575 2156 nisi
1612 2085 1800 2157 forte
1845 2088 1950 2156 vis
1990 2084 2081 2157 ad
2128 2111 2439 2185 perpen-

299 2198 652 2270 diculum¹
679 2197 1053 2268 columnas
1072 2198 1376 2293 exigere.
1398 2202 1636 2267 Homo
1670 2198 2001 2266 omnium
2034 2222 2277 2268 rerum
2309 2201 2440 2269 im-

301 2311 614 2409 perituS,
653 2309 945 2406 quaerit,
988 2306 1168 2405 quid
1206 2307 1332 2391 sit,
1372 2305 1462 2377 ad
1501 2306 2132 2406 perpendiculum.
2169 2309 2444 2381 Dicunt

300 2421 391 2507 ei,
415 2417 566 2491 fere
586 2418 857 2489 nullam
881 2441 1035 2488 esse
1063 2417 1474 2488 columnam
1493 2472 1512 2504 ,
1530 2443 1693 2515 quae
1720 2417 1808 2488 ad
1834 2417 2441 2515 perpendiculum

301 2554 459 2600 esse
510 2532 803 2625 possit2'.
855 2523 1080 2600 Nam³
1122 2525 1577 2614 mehercule,
1634 2529 1906 2625 inquit,
1949 2529 2051 2598 sic
2103 2552 2440 2623 agamus:

304 2640 658 2710 columnae
696 2636 786 2707 ad
814 2637 1414 2736 perpendiculum
1442 2639 1841 2734 exigantur.
1878 2637 2283 2724 Rabonius,
2313 2645 2442 2736 qui

304 2750 538 2846 legem
575 2762 817 2819 nosset
833 2752 889 2836 4,
927 2770 1074 2845 qua
1112 2753 1188 2820 in
1238 2749 1395 2846 lege
1436 2773 1788 2819 numerus
1830 2733 2113 2820 tantum
2159 2748 2440 2819 colum-

304 2885 564 2954 narum
600 2859 933 2948 traditur,
970 2856 1468 2957 perpendiculi
1501 2859 1776 2929 mentio
1814 2855 1897 2928 fit
1934 2856 2166 2947 nulla,
2204 2874 2277 2930 et
2311 2862 2442 2956 qui

305 3105 424 3153 tuo,
453 3091 668 3141 Castoris
695 3087 848 3140 edem
875 3087 1107 3141 tuendam
1135 3105 1330 3156 recepe-

307 3186 413 3236 nt,
445 3177 589 3224 certis
628 3175 994 3224 conditionibus
1028 3174 1122 3222 sibi
1146 3191 1172 3222 a
1197 3184 1331 3222 tuto·

304 3256 442 3304 ribus
466 3255 602 3303 Junii
633 3255 813 3319 pupilli
847 3254 1095 3304 traditam.
1134 3252 1332 3301 Accidit

304 3350 427 3382 vero
447 3344 503 3382 ut
526 3334 653 3382 idem
668 3334 942 3394 Rabonim,
958 3334 1041 3381 cui
1067 3343 1124 3380 ut
1144 3332 1330 3381 redem-

304 3414 437 3479 ptori
452 3448 467 3472 ,
509 3408 690 3479 pupilli
734 3411 767 3462 J
771 3413 875 3460 unii
928 3411 1155 3470 nomine,
1203 3410 1331 3459 aedee

303 3493 486 3541 tuenda
511 3502 665 3552 esset,
701 3492 845 3539 simul
879 3490 1058 3557 pnpilli
1090 3502 1225 3539 tutor
1258 3501 1333 3538 ee·

303 3583 398 3632 eet,
414 3583 701 3620 testa-ento
720 3571 888 3636 patrie.
910 3572 989 3620 Sic
1010 3569 1204 3619 Schiitz.
1222 3572 1333 3618 Hoc

304 3662 467 3699 autem
514 3652 568 3699 in
616 3650 731 3698 loeo
775 3661 939 3699 errent
988 3650 1239 3698 Emestiua
1284 3660 1337 3697 et

306 3729 591 3779 Menardna.

383 3810 432 3857 8.
460 3807 835 3856 Intertrimeneo.
862 3809 976 3856 Sine
1003 3807 1110 3857 ullo
1138 3808 1335 3856 alteriue

307 3887 463 3951 partis
486 3886 686 3936 damno.

381 3983 431 4029 9.
475 3965 705 4015 Facilem.
747 3965 1162 4031 Quandoquidem
1213 3958 1337 4013 nihil

311 4045 476 4093 deerat
497 4046 548 4092 in
576 4059 745 4108 opere.

382 4126 461 4173 LI.
512 4138 557 4172 ι.
607 4122 1028 4188 Perpendicqum.
1073 4124 1218 4172 Linea
1265 4134 1338 4170 eet

509 4213 562 4279 1.
620 4230 713 4275 Cic.
725 4244 838 4290 pars
858 4226 1078 4275 secunda.

1417 3101 1550 3140 recta
1566 3126 1582 3150 ,
1616 3085 1822 3138 laterum
1852 3089 2177 3154 equalitatem
2200 3106 2228 3136 a
2254 3104 2446 3138 summo

1417 3170 1482 3218 ad
1518 3171 1671 3217 imum
1705 3168 1964 3217 latitudiue
1992 3167 2228 3232 probem.
2257 3168 2450 3216 Annon.

1416 3276 1489 3287 -—
1527 3237 1757 3314 Exigere.
1797 3247 2064 3311 Explorate
2102 3263 2167 3294 nn
2204 3248 2446 3295 columna

1418 3339 1563 3376 rectae
1598 3329 1726 3386 sint,
1759 3343 1917 3390 neque
1954 3327 2005 3374 in
2038 3327 2164 3374 hanc
2200 3338 2286 3374 ant
2316 3326 2447 3374 illam

1418 3417 1605 3471 partem
1630 3406 1883 3454 inclinent.

1492 3503 1542 3534 a.
1571 3485 1796 3534 Herelius
1820 3483 2014 3542 mallet,
2043 3482 2208 3546 -exigi
2231 3484 2388 3547 poenit
2402 3506 2447 3532 n».

1420 3562 1469 3614 J.
1485 3565 1548 3614 V.
1573 3567 1628 3613 1..
2048 3613 2051 3617 Α

1496 3641 1547 3691 3.
1576 3643 1706 3699 Alii,
1733 3641 1863 3706 jam.
1884 3641 2100 3702 Vitiose,
2137 3651 2198 3688 ut
2232 3639 2454 3705 probent

1422 3720 1570 3772 codd.
1587 3730 1634 3769 et
1659 3720 1798 3768 latini
1825 3723 2065 3786 sermonis
2087 3720 2412 3770 consuetudo.

1493 3811 1545 3859 4.
1573 3801 1746 3868 Legem
1781 3814 1955 3850 nosset.
1983 3804 2048 3851 Η.
2083 3817 2128 3850 e.
2152 3801 2307 3863 legem
2341 3811 2456 3848 cen·-

1425 3885 1602 3932 eoriam
1619 3919 1634 3943 ,
1678 3894 1982 3932 contractum
2031 3881 2290 3930 locationis
2310 3915 2325 3939 ,
2378 3894 2452 3928 σε·

1425 3964 1640 4012 cundum
1662 3980 1809 4027 quem
1829 3964 2006 4012 sanius
2033 3961 2152 4010 olitn
2182 3960 2333 4008 aedem
2362 3962 2454 4010 Ce-
2537 4027 2542 4032 1

1426 4045 1572 4091 storia
1611 4042 1842 4091 tuendam
1886 4041 2178 4098 redemerat,
2219 4039 2307 4103 qui
2338 4053 2454 4086 cou—

1426 4132 1611 4171 tnctus
1637 4121 1700 4170 ad
1727 4120 2005 4169 Rabonium
2028 4117 2279 4168 miliat.

2120 4211 2210 4286 24
