3044 4788
636 436 762 509 132
835 475 838 476 ⁷
1267 436 1362 505 M.
1415 438 1492 504 T.
1547 435 2103 506 CICERONIS

622 563 813 639 illius
845 558 1077 630 filium
1105 556 1351 629 studes
1381 558 1727 657 perdere3
1756 582 2002 628 nonne
2035 553 2392 643 ostendis,
2424 555 2498 626 id
2527 571 2600 628 te
2635 583 2756 630 ve-

618 676 789 760 reri,
819 668 1021 767 quod
1047 683 1307 766 praeter
1334 684 1611 739 ceteros
1644 683 1724 737 tu
1759 681 2080 738 metuere
2114 691 2262 736 non
2289 665 2549 739 debeas
2569 665 2628 756 ³,
2658 694 2754 738 ne

615 780 911 879 quando
937 779 1181 850 liberis
1203 781 1779 877 proscriptorum
1805 777 2003 849 bona
2028 779 2258 875 patria
2290 775 2749 848 reddantur&

511 980 522 988 ·
612 895 809 963 Facis
831 892 1205 985 injuriam,
1231 887 1727 985 chrysogone,
1753 890 1810 957 si
1840 888 2187 983 majorem
2214 911 2418 984 spem
2442 891 2750 984 emptio·

612 1006 724 1072 nis
748 995 886 1070 tuae
908 1002 985 1070 in
1008 997 1226 1093 hujus
1253 994 1506 1068 exitio⁵
1537 1000 1778 1094 ponis,
1806 1020 2027 1093 quam
2049 999 2125 1065 in
2159 994 2273 1066 his
2300 994 2545 1085 rebus,
2563 1022 2749 1094 quas

611 1118 684 1184 L.
714 1111 908 1182 Sulla
939 1111 1175 1206 gessit.
1217 1108 1435 1198 Quod
1469 1110 1528 1177 si
1571 1105 1701 1177 tibi
1735 1130 1949 1177 causa
1974 1106 2173 1175 nulla
2199 1120 2345 1193 est,
2376 1130 2506 1176 cur
2541 1106 2746 1178 hunc

609 1225 952 1292 miserum
979 1232 1175 1288 tanta
1195 1217 1595 1287 calamitate
1619 1214 1808 1286 affici
1828 1216 2046 1302 velis,
2078 1218 2135 1284 si
2156 1213 2288 1285 tibi
2314 1220 2560 1287 omnia
2587 1243 2744 1304 sua,

609 1345 864 1429 praeter
906 1332 1258 1414 animam,
1304 1324 1640 1412 tradidit,
1689 1349 1825 1395 nec
1875 1324 2013 1395 sibi
2052 1323 2458 1421 quidquam
2499 1343 2742 1423 pater·

604 1465 782 1510 num
804 1437 861 1526 ⁶,
906 1463 999 1509 ne
1028 1438 1485 1506 monumenti
1526 1433 1826 1531 quidem
1856 1459 2069 1505 causa
2090 1488 2109 1522 ,
2144 1438 2528 1507 reservavit
2558 1463 2575 1506 :
2609 1462 2743 1536 per

601 1551 777 1622 deos
822 1545 1299 1633 immortales,
1345 1569 1508 1642 quae
1544 1545 1677 1614 ista
1720 1559 1917 1614 tanta
1966 1542 2352 1615 crudelitas
2398 1545 2543 1615 est?
2574 1571 2740 1644 quae

602 1677 745 1732 tam
771 1658 919 1730 fera
938 1659 1419 1752 immanisque
1445 1654 1744 1724 natura?
1761 1658 1926 1751 quis
1954 1677 2303 1751 umquam
2324 1653 2570 1751 praedo
2598 1655 2741 1727 fuit

599 1787 744 1840 tam
778 1766 1137 1838 nefarius?
1159 1767 1325 1861 quis
1351 1766 1582 1860 pirata
1622 1778 1764 1834 tam
1792 1761 2146 1834 barbarus
2166 1817 2187 1851 ,
2221 1778 2338 1851 ut,
2365 1789 2599 1861 quum
2626 1770 2738 1836 in-

597 1893 868 1975 tegram
902 1872 1216 1974 praedam
1250 1876 1404 1942 sine
1441 1872 2090 1969 sanguine'habere
2124 1889 2401 1971 posset,
2434 1893 2735 1948 cruenta

594 1988 822 2085 spolia
848 1983 1225 2055 detrahere
1255 1982 1541 2053 mallet?
1576 1986 1725 2054 Scis
1758 1982 1958 2053 hunc
1995 1982 2182 2052 nihil
2211 1982 2513 2073 habere,
2550 1987 2730 2058 nihil

590 2097 898 2180 audere,
943 2093 1126 2164 nihil
1156 2117 1367 2190 posse
1390 2148 1409 2179 ‚
1453 2093 1634 2166 nihil
1664 2118 2015 2190 umquam
2053 2109 2307 2165 contra
2346 2121 2497 2166 rem
2533 2113 2733 2171 tuam

591 2209 976 2301 cogitasse:
1007 2217 1080 2273 et
1108 2217 1347 2273 tamen
1390 2228 1771 2302 oppugnas
1805 2227 1975 2274 eum
1998 2258 2017 2291 ‚
2051 2229 2273 2300 quem
2302 2230 2543 2302 neque
2583 2234 2734 2280 me-

598 2334 798 2387 tuere
865 2328 1074 2413 potes
1096 2368 1116 2401 ‚
1191 2338 1433 2411 neque
1499 2313 1737 2386 odisse
1796 2312 2056 2401 debeS,
2112 2337 2247 2386 nec
2323 2315 2729 2415 quidquam

489 2407 510 2426 ⁴
594 2425 861 2497 habere
898 2427 1046 2521 jam
1094 2424 1349 2520 reliqui
1395 2422 1631 2511 videS,
1686 2423 1888 2521 quod
1933 2427 1998 2494 ei
2036 2423 2411 2496 detrahere
2450 2433 2727 2525 possis:

594 2540 730 2609 nisi
764 2537 906 2607 hoc
937 2533 1320 2630 indignum
1357 2548 1605 2630 putas,
1630 2532 1835 2631 quod
1866 2537 2209 2606 vestitum
2241 2535 2487 2607 sedere
2513 2542 2590 2607 in
2613 2567 2638 2635 J
2652 2566 2732 2609 u·

588 2648 779 2720 dicio
807 2644 1033 2731 videS,
1061 2667 1280 2739 quem
1312 2656 1389 2711 tu
1420 2667 1460 2712 e
1489 2646 1953 2739 patrimonio,
1978 2658 2346 2741 tamquam
2376 2671 2416 2716 e
2440 2646 2731 2721 naufra-

595 2764 746 2855 gio,
779 2755 1064 2827 nudum
1101 2754 1462 2851 expulisti.
1495 2755 1720 2841 Quasi
1753 2778 1925 2823 vero
1967 2757 2280 2842 nesciam,
2316 2754 2510 2827 hunc
2534 2774 2609 2828 et
2629 2762 2725 2830 ali

592 2884 668 2940 et
708 2868 950 2936 vestiri
1004 2889 1046 2934 a
1086 2864 1403 2949 Caecilia,
1452 2864 1787 2934 Balearici
1851 2861 2036 2950 filia,
2093 2869 2392 2962 Nepotis
2437 2892 2726 2956 sorore,

591 2977 1105 3074 spectatissima
1149 2971 1416 3043 femina
1466 3000 1481 3040 :
1540 2998 1699 3069 quoe
1734 3026 1754 3059 ,
1806 2998 2036 3069 quum
2087 2989 2366 3071 patrem
2417 2977 2723 3048 clarissi-

597 3111 795 3157 mum
813 3098 864 3173 ⁷,
924 3084 1402 3181 amplissimos
1452 3099 1751 3181 patruos
1774 3136 1793 3170 ,
1842 3086 2378 3155 ornatissimum
2430 3082 2723 3160 fratrem

663 3282 710 3329 3.
741 3280 849 3327 Non
868 3279 1060 3327 debeas.
1080 3280 1244 3341 Quum
1269 3290 1454 3327 tantum
1477 3280 1608 3344 apud

593 3360 773 3407 Sullam
792 3359 940 3423 gratis
965 3357 1142 3417 valeas,
1157 3369 1395 3423 qnantum
1416 3359 1466 3406 in
1491 3360 1610 3406 civi·

591 3450 686 3487 tate
710 3453 854 3485 nemo
881 3437 1018 3486 alius.

661 3524 711 3569 4.
737 3516 1035 3564 Redduntur.
1056 3517 1181 3579 Quae
1204 3533 1267 3564 ne
1293 3516 1612 3565 redderentur

589 3595 779 3643 Valeria
802 3594 909 3659 lege
925 3607 1120 3643 eentum
1136 3606 1257 3644 erat.
1433 3642 1436 3645 .

642 3677 690 3722 5.
717 3677 779 3720 In
804 3673 947 3735 hujus
973 3674 1144 3723 exicio.
1180 3675 1366 3734 Iniuste
1400 3676 1543 3733 fecis,
1570 3677 1610 3722 si

589 3770 723 3817 spem
769 3763 912 3801 certoe
965 3752 1291 3816 possessionis
1343 3754 1610 3803 Rosciana-

586 3848 694 3880 rum
719 3829 989 3887 bonorum,
1016 3847 1126 3894 qnae
1152 3832 1337 3891 emisti,
1365 3836 1420 3879 in
1443 3844 1608 3897 erepta

584 3913 752 3975 potins
779 3910 895 3957 hnic
923 3910 1021 3957 vita
1044 3912 1217 3976 ponis,
1253 3928 1397 3974 quem
1427 3911 1479 3959 in
1504 3912 1610 3974 lege

586 3989 804 4047 Valeria,
841 4004 937 4051 qne
974 3990 1136 4037 omnia
1174 3991 1320 4039 sulla
1354 4000 1461 4038 ecta
1501 4002 1605 4038 rats

584 4086 686 4116 esse
738 4068 987 4130 jubentur.
1051 4071 1117 4116 Ea
1171 4070 1300 4117 enim
1363 4067 1607 4131 siquando

583 4147 898 4212 abrogabitnr
916 4181 931 4208 ‚
992 4146 1183 4197 excidet
1252 4146 1339 4195 uhi
1400 4150 1567 4211 rapine
1592 4182 1606 4206 ,

1699 3282 1885 3329 etiamsi
1904 3282 2018 3329 Sex.
2037 3282 2205 3329 Roscii
2227 3280 2383 3330 filium
2408 3284 2721 3337 interfeceris.

1770 3360 1819 3408 6.
1860 3359 2141 3423 Quidquam
2167 3373 2447 3425 paternum.
2490 3366 2534 3413 1.
2578 3383 2622 3414 e.
2655 3384 2721 3414 ue

1700 3449 1889 3488 tentum
1927 3439 2125 3504 quidem
2160 3444 2353 3504 paterni
2390 3446 2521 3507 egri,
2562 3462 2721 3509 qnan-

1699 3531 1803 3567 tum
1821 3518 2049 3567 adeundo
2070 3522 2221 3584 petris
2240 3521 2467 3584 sepulcro
2486 3526 2600 3572 sutis
2620 3537 2719 3573 est:

1699 3599 1777 3645 vel
1794 3598 1977 3662 potius,
1990 3599 2125 3662 quod
2140 3599 2256 3647 satis
2274 3600 2337 3647 sit
2355 3612 2413 3649 nt
2432 3618 2543 3649 cnm
2563 3615 2722 3667 peter-

1700 3678 1776 3725 nis
1795 3678 2037 3726 cineribus
2057 3694 2173 3726 suos
2190 3679 2309 3727 olim
2326 3681 2541 3730 misceat.

1774 3774 1820 3818 7.
1848 3758 2194 3809 clarissimum
2215 3759 2424 3809 Caeciliae
2443 3764 2601 3824 gentis
2628 3763 2723 3813 ola-

1698 3834 1864 3884 titudo
1911 3848 2111 3886 notatur
2161 3855 2223 3887 ex
2267 3855 2357 3897 eo,
2408 3840 2547 3903 quod
2591 3842 2720 3890 intra

1698 3914 1871 3978 viginti
1920 3927 2132 3979 quatuor
2175 3934 2331 3968 ennon
2375 3921 2601 3969 consules
2633 3932 2724 3969 ent

1695 4010 1918 4043 censores
1949 3996 2084 4043 fuere
2103 3998 2323 4059 Metelli,
2341 4011 2425 4048 ant
2452 3999 2725 4064 triumphe·-

1695 4084 1834 4131 νυοί,
1874 4075 2082 4139 amplius
2118 4077 2414 4140 quindecim.
2453 4080 2578 4128 Plin.
2592 4084 2691 4130 vn
2706 4117 2725 4137 ,

1698 4154 1779 4206 45.
1803 4153 1927 4201 Veu.
1948 4158 2051 4203 Pst.
2071 4157 2147 4216 11,
2172 4172 2191 4204 1
2208 4172 2250 4204 1.
