3044 4788
631 461 759 506 122
1262 438 1361 504 M.
1412 438 1491 503 T.
1545 435 2101 506 CICERONIS

619 580 822 628 mum
865 554 1008 626 hoc
1054 554 1462 643 videamus,
1494 556 1651 652 ejus
1691 555 2008 626 hominis
2049 553 2245 625 bona
2277 578 2420 652 qua
2460 561 2755 630 ratione

618 668 976 737 venierint
995 719 1015 753 ,
1044 679 1172 736 aut
1201 664 1578 762 quomodo
1613 669 1861 737 venire
1891 667 2310 765 potuerint?
2334 671 2575 763 Atque
2604 668 2751 740 hoc

619 799 770 845 non
800 777 897 844 ita
922 798 1276 871 quaeram,
1300 774 1620 871 judiceS,
1651 791 1735 847 ut
1760 774 1837 847 id
1873 774 2103 847 dicam
2134 801 2289 847 esse
2322 776 2746 874 indigntun‚

612 884 930 955 hominis
956 888 1367 956 innocentis
1392 884 1590 957 bona
1614 889 1916 957 venisse.
1945 890 2018 957 Si
2045 890 2241 957 enim
2265 887 2422 958 haec
2444 887 2753 958 audien-

617 1008 758 1080 tur,
779 1017 864 1063 ac
888 993 1116 1065 libere
1145 995 1517 1084 dicentur}
1543 1021 1692 1066 non
1727 995 1865 1067 fuit
1891 1011 2136 1067 tantus
2166 995 2390 1067 homo
2416 1000 2576 1066 Sex.
2601 1000 2748 1066 Ro-

612 1105 804 1172 scius
844 1106 921 1173 in
964 1107 1286 1193 civitate,
1316 1121 1398 1176 ut
1428 1105 1520 1178 de
1559 1131 1647 1176 co
1687 1107 2144 1204 potissimum
2185 1129 2748 1203 conqueramur.

610 1217 883 1283 Verum
929 1214 1072 1285 hoc
1104 1239 1239 1311 ego
1271 1240 1541 1312 quaere,
1579 1218 1707 1312 qui
1739 1229 2141 1313 potuerunt
2174 1217 2308 1285 ista
2348 1217 2499 1310 ipsa
2542 1214 2747 1309 lege,

611 1348 774 1420 quae
806 1323 896 1395 de
927 1329 1456 1424 proscriptione
1493 1340 1637 1411 est,
1674 1329 1821 1395 sive
1842 1322 2169 1395 Valeria³
2204 1339 2347 1410 est,
2378 1327 2526 1393 sive
2558 1328 2745 1394 Cor-

611 1434 796 1504 nelia
820 1434 1011 1529 (non
1037 1438 1233 1506 enim
1261 1438 1429 1506 novi
1448 1437 1504 1520 4,
1532 1459 1667 1505 nec
1693 1434 1911 1529 scio),
1934 1456 2183 1504 verum
2209 1436 2343 1503 ista
2373 1435 2526 1530 ipsa
2560 1431 2747 1528 lege,

613 1543 807 1615 bona
836 1549 994 1616 Sex.
1019 1550 1256 1617 Roscii
1287 1548 1535 1617 venire
1565 1548 1696 1642 qui
1724 1544 2173 1643 potuerunt?

705 1660 1069 1755 Scriptum
1102 1662 1294 1728 enim
1326 1661 1424 1727 ita
1451 1656 1708 1727 dicunt
1738 1681 1926 1738 esse,
1949 1659 2101 1724 «Ut
2122 1678 2375 1724 eorum
2399 1652 2595 1722 bona
2624 1677 2750 1723 ve-

607 1797 641 1832 «
670 1783 911 1854 neunt,
933 1772 1057 1864 qui
1087 1771 1468 1866 proscripti
1503 1782 1679 1837 sunt
1698 1794 1768 1854 »3
1792 1789 1942 1862 quo
1972 1765 2048 1833 in
2082 1787 2389 1832 numero
2415 1766 2573 1833 Sex,
2599 1768 2749 1832 Ro-

608 1880 800 1947 scius
828 1901 977 1945 non
1011 1892 1152 1947 cst:
1178 1892 1352 1947 «aut
1379 1902 1633 1947 eorum
1654 1931 1673 1962 ‚
1705 1879 1933 1973 quiin
1960 1873 2532 1944 adversariorum
2562 1897 2747 1969 prae-

604 1986 858 2056 «sidiis
903 1989 1117 2056 occisi
1175 2003 1421 2058 sunt».
1482 1993 1674 2057 Dum
1719 1983 2045 2084 praesidia
2091 1982 2234 2051 ulla
2279 1979 2612 2066 fuerunt,
2660 1986 2739 2052 in

603 2096 814 2166 Sullae
836 2094 1183 2191 praesidiis
1202 2095 1340 2166 fuit
1362 2124 1377 2164 t
1402 2112 1875 2193 posteaquam
1898 2093 1990 2162 ab
2017 2096 2232 2162 armis
2262 2108 2743 2174 rec-esserunt,

607 2207 682 2274 in
710 2225 996 2272 summo
1029 2207 1217 2290 oti0,
1252 2204 1541 2274 rediens
1574 2229 1616 2273 a
1650 2228 1880 2285 coena,
1910 2206 2153 2271 Romae
2184 2204 2469 2270 occisus
2501 2216 2631 2271 est.
2667 2207 2737 2272 Si

606 2314 800 2409 leg63
831 2311 1025 2383 bona
1048 2338 1347 2412 quoque
1373 2316 1530 2411 lege
1559 2316 1837 2386 venisse
1866 2311 2127 2383 fateor:
2158 2315 2269 2381 sin
2290 2326 2534 2381 autem
2565 2336 2744 2381 con—

606 2436 783 2507 stat,
821 2438 1071 2494 contra
1103 2448 1356 2495 omncs
1404 2449 1554 2496 non
1602 2424 1821 2494 modo
1856 2438 2132 2493 veteres
2168 2424 2359 2517 leges
2377 2420 2432 2508 ⁵,
2480 2448 2735 2494 verum

603 2535 819 2603 etiam
852 2558 1111 2623 novem,
1163 2540 1482 2606 occisum
1526 2561 1714 2621 esse3
1761 2534 1955 2605 bona
1985 2559 2137 2631 quo
2162 2536 2364 2630 jure,
2411 2550 2540 2604 aut
2581 2559 2736 2630 quo

602 2643 825 2714 modo
845 2698 864 2730 ‚
884 2661 1010 2716 aut
1036 2671 1182 2743 qua
1213 2647 1368 2743 lege
1401 2649 1792 2731 venierint,
1827 2668 2097 2742 quaerO.

696 2759 942 2826 XLIV.
975 2763 1059 2828 In
1088 2783 1309 2855 quem
1337 2758 1480 2827 hoc
1505 2756 1740 2827 dicam
1765 2811 1784 2843 ,
1822 2758 2083 2853 quaeris
2105 2810 2125 2842 ‚
2158 2756 2421 2827 Eruci?
2450 2759 2616 2826 Non
2652 2758 2732 2824 in

600 2889 793 2949 eum,
823 2890 1042 2961 quem
1070 2872 1199 2953 viS‚
1226 2883 1297 2938 et
1323 2882 1576 2966 putas:
1609 2891 1775 2937 nam
1803 2865 2073 2936 Sullam
2094 2880 2169 2935 et
2193 2868 2425 2935 oratio
2452 2888 2607 2933 mea
2632 2863 2733 2933 ab

601 2976 849 3061 initio,
890 2991 962 3046 et
987 2980 1213 3074 ipsius
1245 2981 1500 3048 eximia
1529 2980 1756 3048 virtus
1784 2980 1982 3046 omni
2018 2992 2336 3073 tempore
2370 2976 2730 3071 purgavit.

599 3086 751 3180 Ego
778 3083 929 3156 haec
961 3091 1205 3159 omnia
1238 3087 1787 3185 Chrysogonum
1824 3085 2074 3158 fecisse
2106 3086 2303 3171 dice,
2332 3096 2453 3155 ut¹
2487 3109 2738 3155 emcn-

669 3365 717 3411 3.
761 3366 975 3415 Valeria.
1004 3369 1113 3429 Qun
1148 3370 1201 3414 L.
1226 3366 1445 3423 Valerius
1484 3365 1612 3412 Flac·
1778 3366 1825 3413 5.
1860 3368 2051 3410 Veteres
2084 3363 2230 3428 leges.
2269 3364 2489 3410 Porciam
2522 3373 2567 3410 et
2592 3363 2733 3409 Sem-

598 3456 685 3489 cns
707 3443 889 3490 Sullam
916 3443 1202 3494 dictatorem
1223 3455 1514 3510 perpetuum
1540 3445 1615 3492 di·
1705 3443 1941 3507 proniam.
1958 3445 2174 3505 Quarum
2202 3443 2295 3491 alin
2336 3442 2530 3491 vetabat
2566 3442 2728 3489 civem

593 3520 683 3568 xit.
699 3522 814 3570 Vid.
834 3522 942 3571 Ind.
962 3526 1074 3586 Leg.
1706 3537 1830 3569 rom.
1853 3522 2188 3569 indemnatum
2212 3521 2376 3568 necari
2393 3555 2408 3579 ‚
2443 3521 2531 3567 alia
2562 3520 2729 3584 prohi-

669 3608 718 3656 4.
748 3600 858 3647 Non
885 3602 1010 3649 enim
1040 3603 1165 3649 novi.
1192 3605 1320 3665 Quin
1346 3602 1476 3665 leges
1507 3603 1613 3650 istae
1706 3599 1853 3648 hebet
1881 3601 1943 3647 de
1968 3602 2125 3663 capite
2158 3601 2280 3647 civis
2308 3616 2438 3649 rom.
2474 3600 2567 3645 nisi
2611 3616 2728 3647 oen-

596 3679 919 3739 injustissimae
959 3693 1121 3738 erant,
1157 3681 1323 3746 fingit,
1367 3698 1456 3746 per
1494 3698 1609 3729 con·
1703 3679 1888 3726 turiatis
1901 3680 2110 3726 comitiis
2118 3679 2527 3738 judsscarioeorcia
2541 3677 2620 3724 lex
2635 3678 2726 3725 vir·

599 3767 834 3822 temptum
881 3770 930 3807 et
972 3761 1356 3825 indignationem
1376 3797 1390 3820 ‚
1446 3771 1615 3809 orator
1701 3774 1783 3821 gas
1793 3759 1854 3805 ab
1864 3759 2081 3806 omnium
2100 3759 2280 3806 civium
2296 3773 2508 3822 corpore
2522 3758 2725 3804 amovit.

597 3851 677 3884 en
703 3852 755 3883 se
778 3837 1030 3900 ignorare,
1061 3854 1162 3887 non
1190 3842 1293 3889 sine
1321 3841 1467 3888 Sullae
1497 3856 1616 3887 eon·
1772 3840 1950 3885 XLIV.
1996 3853 2041 3885 1.
2085 3838 2268 3885 Fecisse
2303 3837 2443 3895 dieo,
2493 3846 2572 3889 ut,
2628 3846 2724 3883 etc.

594 3914 823 3962 tumelin:
864 3919 1046 3981 quippe
1071 3919 1187 3966 dum
1213 3936 1291 3966 eas
1327 3936 1378 3966 sc
1416 3933 1518 3964 non
1545 3918 1611 3965 le·
1702 3920 1743 3965 1.
1779 3931 1821 3965 e.
1859 3917 2142 3964 ementitum
2179 3917 2351 3972 fnisse,
2390 3913 2614 3970 finxisse,
2654 3913 2727 3960 di-

593 3995 740 4057 giae,
759 4010 866 4051 nec,
890 3997 1001 4058 quis
1027 3996 1187 4044 tulerit
1204 4030 1218 4051 ‚
1241 3999 1363 4044 scire
1389 3998 1488 4054 ait,
1509 4013 1612 4045 non
1701 3997 1844 4055 xime,
1869 4012 2065 4060 passum
2092 4012 2194 4042 non
2219 4012 2334 4042 esse.
2376 3997 2440 4041 Et
2474 4006 2547 4042 eet
2574 3994 2725 4041 latina

593 4076 724 4139 leges
741 4109 756 4133 ,
783 4075 866 4122 sed
903 4076 1096 4138 tyranni
1137 4074 1318 4134 edicta,
1348 4085 1519 4139 putare
1548 4078 1613 4124 si·
1701 4078 2003 4125 constructio
2028 4078 2206 4141 saepius
2226 4076 2356 4139 apud
2383 4087 2570 4124 veteres
2587 4091 2724 4123 mur·

597 4153 809 4217 gnificat.
1702 4168 1828 4218 pata.
1867 4159 1945 4205 Sic
1986 4158 2048 4205 ad
2093 4158 2206 4205 Div.
2229 4158 2307 4215 Χ,
2348 4171 2440 4218 17:
2479 4156 2638 4204 nfecit
2665 4165 2722 4202 nt
