3044 4788
563 325 701 396 312
1206 328 1304 393 M.
1355 326 1435 391 T.
1486 322 2065 395 CICERONIS

562 448 665 518 illi
719 444 1041 518 accidere
1080 443 1501 526 voluerints
1526 441 1652 513 sed
1694 440 1873 538 quid
1927 443 2102 538 ipsis
2142 443 2218 510 in
2264 438 2385 510 tali
2425 462 2509 511 re
2549 462 2719 511 me-

561 554 919 627 tuendum
984 556 1112 641 sit,
1172 554 1512 650 cogitare.
1573 547 1979 623 Commune
2032 564 2143 622 est
2204 548 2347 620 hoc
2387 547 2670 619 malum
2692 602 2718 634 ,

562 668 1246 742 communismetus
1267 715 1286 749 ,
1328 685 1719 733 commune
1756 658 2183 758 periculum.
2219 654 2493 730 Nullae-‘¹
2529 670 2721 728 sunt

564 774 998 850 occultiores
1054 770 1368 859 insidiae,
1420 794 1644 867 quam
1687 794 1830 857 eae,
1867 793 2028 867 quae
2090 768 2319 839 latent
2365 769 2440 842 in
2486 768 2717 839 simu-

563 886 833 957 latione
885 879 1142 969 officfi,
1193 896 1320 952 aut
1354 882 1430 951 in
1473 881 1720 978 aliquo
1763 879 2314 953 necessitudinis
2357 879 2659 952 nomine
2691 903 2716 950 .·.

567 1019 737 1071 nam
776 1016 943 1066 eum
962 1045 983 1075 ,
1027 994 1155 1088 qui
1191 991 1424 1090 palam
1464 1006 1574 1067 est
1614 990 2095 1078 adversarius,
2132 986 2341 1064 facile
2382 985 2715 1061 cavendo

565 1107 792 1177 vitare
829 1102 1106 1200 possis;
1152 1101 1294 1174 hoc
1318 1126 1494 1175 vero
1530 1099 1941 1187 occultum,
1982 1099 2408 1170 intestinum
2451 1120 2535 1167 ac
2577 1094 2720 1166 do·-

567 1217 952 1290 mesticum
999 1212 1308 1299 malum,
1356 1237 1508 1291 non
1560 1210 1787 1284 modo
1852 1235 2004 1283 non
2062 1210 2332 1280 exsistit
2348 1204 2407 1294 ⁶,
2452 1230 2713 1281 verum

570 1327 784 1397 etiam
811 1324 1193 1421 opprimit,
1220 1337 1616 1419 antequam
1645 1322 2057 1433 prpspicere
2076 1334 2299 1416 atque
2333 1316 2715 1414 explorare

569 1433 916 1532 potueris.
954 1436 1155 1505 Itane
1191 1432 1404 1504 vero?
1435 1446 1515 1507 tu
1539 1486 1558 1520 ‚
1591 1456 1820 1528 quum
1851 1444 2166 1526 quaestor
2191 1426 2285 1499 ad
2313 1431 2716 1498 exercitum

571 1546 827 1615 missus
852 1547 979 1631 sis,
1016 1558 1259 1615 custos
1287 1568 1439 1617 non
1466 1539 1705 1614 solum
1743 1541 2106 1640 pecuniae,
2135 1537 2263 1610 sed
2292 1542 2507 1613 etiam
2537 1561 2719 1608 con-

570 1654 743 1726 sulis
766 1656 1127 1753 particeps
1154 1642 1485 1725 omnium
1516 1677 1796 1740 rerum,
1823 1650 2441 1744 consiliorumque
2466 1644 2717 1735 fueris3

571 1759 863 1833 habitus
899 1766 996 1833 sis
1047 1765 1122 1832 in
1161 1761 1471 1833 liberum
1509 1762 1674 1833 loco
1696 1772 1750 1850 ⁸7,
1788 1764 1972 1832 sicut
2014 1782 2172 1835 mos
2217 1758 2576 1852 majorum
2612 1755 2721 1829 fe-

570 1869 778 1947 rebat
828 1899 844 1940 :
894 1884 1195 1967 repente
1254 1870 1677 1968 relinquas?
1727 1868 2066 1941 deseras?
2123 1867 2217 1941 ad
2260 1867 2719 1940 adversarios

457 2015 474 2047 u
570 1979 928 2051 transeas?
964 1984 1027 2049 Ο
1065 1976 1332 2051 scelus!
1373 2004 1419 2050 o
1455 1993 1879 2077 portentum
1905 1981 1983 2048 in
2011 1978 2304 2050 ultimas
2340 1992 2565 2050 terras
2595 2005 2722 2050 ex-

572 2084 1054 2187 portandum!
1092 2092 1261 2160 Non
1293 2090 1489 2160 enim
1524 2103 1766 2188 potest
1800 2113 1884 2161 ea
1911 2102 2165 2159 natura
2186 2141 2206 2176 ‚
2234 2111 2396 2185 quae
2431 2102 2718 2177 tantum

572 2197 851 2270 facinus
904 2199 1384 2287 commiserit,
1434 2199 1576 2272 hoc
1614 2225 1765 2270 uno
1803 2199 2072 2277 scelere
2118 2222 2274 2269 esse
2322 2212 2664 2272 contenta
2698 2225 2719 2267 t

571 2331 864 2379 necesse
892 2322 1001 2381 est
1019 2332 1306 2408 semper
1330 2309 1603 2408 aliquid
1635 2307 1996 2406 ejusmodi
2025 2308 2365 2383 moliatur
2382 2335 2402 2399 3
2422 2332 2720 2383 necesse

574 2432 684 2489 est
714 2420 790 2488 in
823 2418 1031 2490 simili
1068 2419 1364 2492 audacia
1393 2419 1841 2519 perfidiaque
1862 2434 2211 2492 versetur.
2246 2424 2503 2517 Itaque
2523 2420 2721 2492 idem

579 2531 736 2619 iste,
771 2554 991 2628 quem
1022 2534 1153 2601 Cn.
1183 2524 1609 2603 Dolabella⁸
1645 2543 1916 2629 postea,
1942 2528 2426 2604 C.Malleolo9
2453 2529 2720 2616 occiso,

577 2665 711 2737 pro
748 2654 1104 2738 quaestore
1141 2638 1398 2715 habuit
1437 2639 1672 2738 (haud
1712 2641 1897 2725 scio,
1938 2663 2030 2708 an
2058 2637 2292 2731 major
2319 2639 2535 2712 etiam
2569 2636 2724 2707 haec

581 2748 1039 2821 necessitudo
1081 2747 1338 2839 fuerit,
1366 2775 1589 2848 quam
1627 2749 1747 2823 illa
1778 2747 2172 2837 CarboniS‚
2218 2772 2301 2820 ac
2339 2748 2501 2846 plus
2534 2746 2724 2842 judi-

651 2925 702 2973 5.
718 2923 884 2972 Nulla·
899 2937 1024 2973 sune.
1041 2928 1161 2975 Eam
1182 2927 1468 2977 sententiam
1494 2944 1608 2993 ope-

579 3019 645 3052 rae
672 3003 884 3069 pretinm
920 3004 1013 3051 erit
1043 3006 1265 3055 conferre
1293 3023 1405 3056 cum
1428 3006 1606 3064 simili,

576 3086 726 3131 Rosc.
749 3084 863 3132 Am.
886 3090 951 3140 40
965 3117 980 3140 ‚
1008 3095 1056 3132 et
1079 3085 1336 3134 observare
1353 3084 1607 3149 quomodo

1695 2926 1791 2974 niae
1826 2942 1920 2991 pro
1962 2925 2137 2990 Quint.
2164 2926 2362 2991 passim.
2397 2927 2474 2974 Ex
2513 2936 2724 2990 praetura

1696 3004 1920 3054 Ciliciam
1945 3020 2077 3054 anno
2097 3004 2320 3069 sequenti
2342 3004 2724 3062 administras-113

1695 3098 1755 3132 ex
1805 3100 1902 3148 qua
1944 3100 2054 3132 reus
2100 3084 2256 3131 factus
2308 3083 2371 3131 ab
2417 3083 2724 3132 adolescente

577 3162 740 3211 verbis
774 3178 877 3211 eam
912 3164 1169 3211 variaverit
1208 3175 1387 3211 orator.
1423 3163 1607 3212 Confer

578 3242 725 3290 etiam
744 3243 981 3309 Xenoph.
995 3244 1177 3292 Rerum
1204 3245 1483 3292 Graecarum
1511 3241 1605 3291 lib.

581 3323 631 3369 11
648 3357 663 3380 ,
698 3322 779 3372 15.

653 3399 706 3449 6.
731 3401 846 3449 Non
869 3400 1071 3451 exsistit.
1089 3401 1205 3449 Non
1226 3417 1278 3448 se
1295 3400 1481 3464 aperit:
1506 3416 1609 3448 non

583 3477 685 3542 agit
709 3479 1233 3543 extra.—Prosp1'cere.
1261 3481 1346 3527 Est
1376 3496 1404 3526 a
1425 3479 1612 3527 Pall.et

584 3556 753 3618 Cujac.
795 3555 1133 3619 placueratque
1178 3557 1294 3605 item
1335 3556 1606 3619 Lamb1n03

587 3644 706 3682 vett.
725 3634 844 3684 edd.
864 3634 1151 3697 perspicere.

662 3730 711 3773 7.
744 3715 807 3759 Ia
840 3711 1044 3761 liberum
1076 3712 1207 3764 loco.
1229 3714 1353 3762 Vide
1388 3715 1608 3766 Divinat-

589 3806 702 3854 cap.
730 3806 809 3855 ¹9·

657 3870 709 3916 8.
747 3869 833 3916 Cn.
866 3867 1149 3916 Dolabella.
1178 3869 1364 3917 Praetor
1397 3872 1611 3921 urbanus

585 3963 716 3995 anno
734 3947 857 4007 672,
875 3946 935 3995 de
962 3949 1100 4008 cnjus
1121 3947 1294 4008 injuria
1317 3951 1370 3999 in
1386 3953 1441 3998 P.
1457 3952 1612 4013 Quin-

585 4026 710 4074 tium
746 4041 914 4090 graves
946 4036 1061 4074 sunt
1082 4027 1332 4076 Ciceronis
1366 4029 1612 4093 querimo-

1693 3162 1767 3211 M.
1817 3163 2016 3212 AEmilio
2070 3162 2254 3211 Scauro
2315 3161 2721 3227 repetundarum,

1696 3240 1949 3292 damnatus
1976 3253 2050 3291 est
2076 3244 2139 3291 A.
2161 3241 2223 3287 U.
2243 3241 2376 3302 675,
2404 3242 2615 3291 maxime
2640 3240 2724 3288 ad-

1695 3321 1882 3369 nitente
1903 3324 2071 3371 Verre.
2090 3321 2206 3369 vid.
2229 3320 2320 3369 inf.
2342 3322 2436 3383 30,
2455 3322 2544 3370 38.

1767 3416 1818 3461 9.
1836 3400 1887 3448 G.
1902 3400 2154 3448 Malleolo.
2166 3401 2423 3464 Quaestore
2436 3398 2721 3447 Dolabella.

1695 3506 1767 3515 —
1788 3476 1974 3527 occiso.
1993 3478 2331 3542 Suspiciosum
2349 3478 2575 3537 verbum,
2587 3479 2724 3541 quui

1696 3556 1981 3608 Maueolum
2002 3559 2180 3606 Verres
2194 3591 2210 3616 ,
2237 3559 2318 3606 cui
2343 3573 2475 3605 mors
2500 3558 2633 3605 illius
2656 3557 2725 3604 lu-

1697 3652 1786 3684 cro
1818 3635 1935 3692 fuit,
1970 3636 2225 3689 occiderit.
2245 3636 2378 3684 Illud
2402 3638 2545 3684 etiam
2572 3636 2722 3683 anim-

1697 3714 2050 3763 advertendum
2067 3732 2213 3780 quam
2232 3714 2496 3764 artificiose
2515 3715 2577 3763 ad
2602 3713 2724 3761 illud

1699 3794 2064 3854 conjiciendum
2085 3795 2301 3856 judices,
2330 3805 2574 3858 tamquam
2593 3792 2723 3840 aliud

1698 3888 1846 3936 agens
1862 3907 1877 3931 ,
1916 3873 2194 3938 impulerit,
2226 3889 2379 3937 quum
2409 3872 2599 3920 nullum
2626 3887 2722 3920 nou

1701 3950 1859 3999 scelus
1886 3951 1936 3999 in
1964 3951 2269 4017 proditorem
2298 3950 2470 4000 cadere
2512 3950 2722 4000 declara-

1701 4029 1841 4077 verit.
