3044 4788
610 408 717 476 IN
766 408 1192 476 VERREM
1242 408 1452 475 ACT.
1500 409 1617 490 II,
1669 408 1855 474 LIB.
1907 409 2004 475 II.
2235 414 2372 504 477

248 553 508 604 censor
537 511 662 598 aut
696 529 925 625 legem
969 538 1395 613 metueret’,
1424 552 1568 624 qua
1593 552 1740 598 non
1770 528 2173 618 tenebatur,
2202 556 2383 627 quo-

249 644 441 711 niam
496 653 781 709 creatus
836 639 992 734 lege
1050 662 1197 708 non
1257 651 1454 723 erat3
1518 651 1642 707 ant
1693 637 2379 711 animadversionem

250 766 489 837 tuam,
541 773 775 846 quum,
831 747 943 835 id,
991 745 1192 844 quod
1236 744 1366 816 abs
1417 761 1488 816 te
1542 761 1853 829 emerat,
1902 746 2387 821 vendidisset?

247 866 514 932 Teneat
537 861 685 955 jam
719 883 888 929 sane
917 882 1119 928 meos
1149 871 1368 927 testes
1394 856 1727 928 Metellus
1749 882 1768 939 ς
1793 871 1999 953 cogat
2030 857 2206 930 alios
2236 860 2381 930 lau‘-

248 970 456 1055 dare,
496 972 679 1037 sicut
718 970 793 1037 in
849 966 1094 1037 multis
1143 979 1443 1036 conatus
1475 980 1584 1036 est
1618 992 1632 1033 :
1676 966 1901 1037 modo
1939 966 2091 1038 haec
2137 967 2381 1054 faciat,

247 1102 409 1174 quae
440 1077 626 1148 facit.
662 1078 843 1166 Quis
881 1078 1075 1146 enim
1102 1099 1451 1171 umquam
1489 1089 1687 1145 tanta
1722 1100 1760 1146 a
1798 1102 2170 1174 quoquam
2210 1105 2384 1150 con-

251 1189 803 1284 tumelia‚‘quis
859 1200 1054 1256 tanta
1108 1186 1500 1283 ignominia
1554 1183 1857 1257 affectus
1900 1189 2053 1257 est?
2104 1191 2382 1279 Quinto

250 1322 544 1394 quoque
576 1321 769 1366 anno
801 1295 1036 1366 Sicilia
1064 1309 1212 1366 tota
1241 1308 1577 1365 censetur
1605 1323 1621 1364 :
1656 1309 1808 1366 erat
1836 1321 2062 1368 censa·
2081 1314 2383 1396 praetore

248 1408 611 1479 PeducaeO.
642 1409 959 1497 Quintus
991 1429 1223 1476 annus
1259 1430 1487 1501 quum
1528 1420 1596 1476 te
1639 1419 1945 1503 praetore
1980 1397 2382 1497 incidisset,

228 1541 460 1589 ‚censa
492 1516 735 1587 denuo
764 1530 888 1586 est.
927 1521 1221 1586 Postero
1249 1540 1444 1586 anno
1472 1520 1550 1585 L.
1571 1514 1906 1585 Metellus
1939 1520 2381 1590 mentionem

249 1629 359 1696 tui
395 1651 651 1698 census
708 1625 867 1697 fieri
910 1639 1100 1696 vetat
1140 1651 1156 1693 ε
1191 1650 1528 1697 censores
1576 1625 1747 1695 dicit
1787 1624 1878 1697 de
1917 1628 2201 1725 integro
2243 1629 2381 1701 sibi

249 1740 472 1808 creari
523 1738 805 1834 placere
845 1763 859 1804 :
906 1736 1177 1806 interea
1222 1734 1743 1806 Peducoeanum
1784 1760 2081 1805 censum
2128 1737 2379 1809 obser-

248 1848 396 1916 vari
427 1844 657 1940 jubet.
708 1851 860 1916 Hoc
904 1847 964 1915 si
1010 1859 1180 1915 tuus
1212 1846 1545 1915 inimicus
1585 1842 1717 1915 tibi
1765 1846 2085 1934 fecisset,
2137 1862 2377 1921 tamen

249 1953 414 2026 etsi³
450 1959 693 2026 animo
727 1980 938 2051 aequo
983 1956 1352 2051 provincia
1386 1955 1687 2041 tulisset,
1723 1955 1992 2025 inimici
2029 1956 2378 2052 judicium

250 2070 495 2162 grave⁴
516 2066 887 2137 videretur
915 2092 931 2134 ε
967 2063 1137 2135 fecit
1167 2064 1437 2135 amicus
1466 2088 1742 2149 recenS,
1782 2079 1853 2135 et
1881 2081 2227 2162 cognatus
2259 2094 2384 2139 vo—

250 2179 599 2248 luntarius
623 2173 673 2246 ⁵.
727 2176 951 2247 Aliter
988 2178 1222 2261 enim,
1271 2176 1331 2245 si
1374 2170 1868 2273 provinciam⁶
1914 2178 2267 2264 retinere,
2324 2181 2382 2248 si

249 2289 481 2358 salvus
513 2290 665 2386 ipse
696 2288 769 2357 in
798 2287 1171 2384 provincia
1195 2286 1408 2357 vellet
1446 2309 1637 2373 esse,
1668 2285 1901 2357 facere
1938 2312 2088 2357 non
2118 2292 2378 2384 potuit.

345 2403 557 2469 LVII.
598 2402 980 2494 Exspectas
1000 2399 1250 2484 etiam,
1272 2396 1451 2495 quid
1484 2398 1560 2467 hi
1582 2394 1942 2490 judicent?
1966 2400 2037 2467 Si
2066 2397 2204 2468 tibi
2235 2425 2381 2472 ma·

250 2505 622 2605 gistratum
650 2506 1062 2603 abrogasset
1083 2519 1131 2595 ¹,
1156 2509 1439 2576 minore
1472 2507 1867 2603 ignominia
1896 2522 1966 2577 te
2002 2506 2381 2598 affecisset,

251 2642 470 2715 quam
505 2640 735 2713 quum
768 2640 890 2703 ea,
931 2642 1091 2713 quae
1141 2619 1220 2686 in
1269 2617 1691 2714 magistratu
1728 2618 2043 2713 gessisti,
2098 2621 2382 2691 sustulit

250 2743 468 2825 atque
494 2728 690 2797 irrita
712 2726 922 2822 jussit
957 2752 1128 2799 esse.
1150 2730 1407 2822 Neque
1444 2728 1517 2796 in
1555 2726 1689 2796 hac
1725 2751 1804 2796 re
1842 2725 1992 2797 sola
2030 2725 2167 2798 fuit
2196 2730 2381 2824 ejus-

254 2837 627 2928 modi;sed
648 2893 667 2926 ,
687 2851 1078 2934 antequam
1103 2862 1236 2935 ego
1272 2840 1347 2908 in
1385 2836 1699 2908 Siciliam
1726 2837 1891 2908 veni
1911 2891 1930 2923 ,
1950 2838 2023 2907 in
2055 2841 2381 2911 maximis

252 2952 464 3021 rebus
499 2974 580 3021 ac
619 2948 965 3047 plurimis.
1009 2949 1190 3017 Nam
1237 2962 1309 3018 et
1343 2946 1672 3017 Heraclio
1728 2948 2171 3040 Syracusano
2216 2947 2381 3020 tuos

322 3201 372 3235 a.
410 3185 538 3242 Alii,
580 3182 831 3240 metuerit,-
867 3181 982 3244 alii,
1017 3191 1269 3228 metuerat.

251 3293 320 3301 —
342 3265 437 3326 Qui
460 3281 552 3329 pro
579 3264 687 3328 quis
713 3263 948 3323 sumitur,
977 3272 1034 3309 ut
1058 3275 1201 3323 saepc.

323 3346 350 3393 3
360 3379 372 3392 .
385 3344 515 3392 Olim
527 3378 541 3399 ,
556 3354 718 3389 tamen
732 3342 801 3399 εἰ,-
816 3340 964 3389 codd.
978 3339 1045 3388 al.
1060 3337 1267 3386 tametsi.

251 3424 433 3471 Mureti
453 3421 598 3471 codd.
626 3423 888 3485 sequimur.
911 3418 1047 3470 LV.
1076 3421 1129 3465 1..

325 3512 371 3559 4.
393 3502 636 3549 Iudicium
650 3518 822 3565 grave.
843 3503 1019 3565 Ingens
1041 3498 1133 3547 tibi
1150 3514 1272 3562 prae·

244 3580 485 3638 judicium
510 3577 616 3626 fieri
633 3580 894 3636 videretur.

325 3658 372 3706 5'.
402 3659 643 3723 Cognatas
685 3659 1010 3706 voluntarius.
1048 3661 1271 3721 Repente

248 3739 379 3785 euim
417 3738 567 3802 coepit
601 3737 760 3785 dicere
777 3774 791 3798 ,
828 3754 878 3784 se
919 3739 1080 3784 omnia
1105 3736 1271 3783 Verris

250 3833 393 3865 causa
421 3816 568 3872 velle,
584 3816 771 3880 sibique
793 3832 904 3864 cum
930 3832 989 3863 eo
1009 3814 1269 3862 amicitiam

250 3914 356 3944 esse
382 3892 811 3959 eYcognationem.

324 3980 373 4027 6.
393 3977 447 4022 Si
453 3975 774 4040 provinciam.
803 3977 1047 4022 Excusare
1060 3974 1271 4037 primum

253 4057 507 4112 Metellum
528 4055 736 4113 videtur,
766 4055 851 4102 sed
878 4058 1033 4117 reipsa
1063 4063 1274 4110 accusat,

252 4140 386 4201 quod
409 4141 472 4185 ita
490 4137 552 4184 sit
578 4147 789 4184 mutatus
807 4135 943 4199 quasi
973 4127 1061 4197 ipsi
1091 4148 1273 4180 summa

1360 3180 1434 3226 vis
1469 3177 1688 3226 adhibita
1727 3177 1910 3226 fuisset.
1938 3181 2118 3227 Ferrat.
2147 3180 2383 3245 intellige-

1362 3258 1442 3306 bat
1460 3259 1501 3305 si
1518 3258 1823 3322 provinciam
1850 3273 1954 3304 non
1977 3259 2176 3321 penitus
2200 3263 2380 3324 everti,

1359 3353 1592 3399 suamque
1631 3335 1807 3399 agendi
1846 3337 2080 3383 rationem
2123 3338 2380 3402 reprehen-

1359 3418 1496 3465 sione
1514 3431 1676 3463 carere
1696 3414 1860 3463 vellet.
1884 3417 2052 3464 Garat.
2066 3432 2182 3465 vero
2194 3418 2298 3466 haec
2316 3421 2380 3467 ad

1360 3497 1619 3561 quemdam
1646 3495 1902 3543 seditionis
1932 3507 2114 3544 metum
2141 3499 2381 3561 pertinere

1360 3578 1492 3637 conj.
1520 3580 1735 3624 Frustra.
1757 3575 1865 3624 Cic.
1880 3575 2005 3622 hanc
2025 3593 2158 3623 suam
2181 3591 2380 3628 senten·

1359 3657 1471 3702 tiam
1493 3655 1717 3726 pluribus
1729 3657 1827 3717 jam
1848 3672 1949 3703 non
1966 3656 2113 3704 semel
2131 3657 2290 3706 verbis
2303 3677 2383 3708 ex·

1358 3735 1554 3799 plicnit;
1579 3752 1751 3799 nempe
1766 3736 1970 3783 omniuo
1984 3736 2256 3784 deserturos
2269 3756 2382 3803 pro·

1359 3814 1567 3861 vinciam
1580 3815 1834 3878 agricolas,
1857 3815 1948 3861 nisi
1965 3815 2104 3862 aliter
2120 3829 2380 3880 regeretur.

1430 3895 1579 3942 Lvn.
1630 3910 1672 3943 1.
1714 3894 2023 3959 Abrogassee.
2077 3895 2352 3947 Ademisset
2367 3935 2382 3958 ‚

1360 3983 1574 4020 curasset
1598 3983 1653 4020 ut
1679 3989 1705 4019 a
1738 3986 1786 4021 te
1812 3975 2109 4033 aufert-etun
2147 3976 2381 4041 abrogare

1361 4054 1489 4100 enim
1538 4053 1862 4116 magistratum
1906 4053 2078 4109 alicui,
2112 4066 2184 4102 est
2227 4054 2381 4117 legem

1362 4133 1485 4178 serre
1504 4165 1519 4189 ,
1543 4142 1595 4177 ut
1617 4148 1731 4179 suus
1764 4134 1806 4179 ei
1838 4131 2040 4179 tollatur
2065 4133 2383 4194 magistratus.
