3044 4788
675 368 814 458 546
1443 372 1498 438 Ε
1512 373 1578 438 X
1595 372 1651 439 C
1667 371 1733 438 U
1752 370 1812 435 R
1826 369 1874 435 S
1887 368 1951 435 U
1966 367 2014 433 S

672 517 1013 561 numero...
1045 493 1503 581 frequentavit,
1535 514 1609 554 ac
1631 486 2046 577 vectigalibus
2081 482 2358 573 publicis
2391 482 2836 571 plurifariam

669 600 1050 683 instruxit-3
1094 613 1160 661 et
1199 595 1506 661 Paradox.
1532 595 1663 677 Vl,
1708 593 1781 658 3:
1829 624 1855 647 ιι
1882 613 2016 654 non
2072 588 2441 678 intelligunt
2500 588 2837 652 homines

673 728 868 795 quam
919 726 1229 794 magnum
1282 703 1365 764 sit
1416 700 1686 788 vectigal
1737 696 2129 786 parsimonia
2156 727 2200 758 n.
2249 694 2646 781 Vectigalia,
2702 718 2832 782 pro

671 813 859 878 terris
897 810 1312 898 vectigalibus
1355 807 1609 871 Sallust.
1656 803 2022 894 usurpavit,
2065 802 2231 865 Hist.
2266 801 2335 875 1,
2385 824 2532 889 cap.
2576 806 2707 881 14,
2761 819 2833 864 et

669 921 799 986 Cic.
834 919 944 983 lib.
980 918 1045 981 11
1078 917 1143 980 in
1169 916 1351 978 Verr.
1389 937 1527 1001 cap.
1566 913 1628 977 3.

759 1027 896 1088 Jam
925 1045 1078 1086 vero
1102 1019 1368 1108 singulae
1403 1020 1644 1107 species
1678 1040 1837 1105 quas
1870 1014 2070 1080 modo
2097 1013 2566 1096 indicavimus,
2604 1015 2824 1102 expli·

672 1130 909 1195 candae.
947 1132 1039 1192 Ac
1071 1128 1357 1217 primum
1391 1126 1471 1190 de
1504 1126 1819 1213 portori0.

760 1233 1136 1298 Portorium
1175 1231 1485 1296 definitur
1521 1232 1590 1294 in
1637 1230 1891 1318 glossis,
1934 1240 2073 1298 τέλος
2106 1239 2152 1288 ἐν
2180 1237 2376 1307 λιμένι,
2415 1228 2705 1317 vectigal
2748 1230 2821 1291 in

667 1357 886 1430 portu.
921 1339 1102 1403 Sicut
1122 1336 1480 1427 portarium
1506 1352 1571 1399 et
1597 1336 1970 1425 pontarium
1995 1333 2317 1422 vectigalia
2349 1334 2542 1398 fuere
2559 1383 2577 1415 ,
2612 1334 2817 1422 pendi

670 1447 890 1526 solita,
925 1444 1204 1508 maxime
1237 1466 1372 1507 aevo
1422 1441 1763 1516 inferiore,
1813 1441 1877 1503 in
1913 1441 2259 1528 pontibus,
2297 1456 2411 1503 aut
2441 1440 2516 1502 in
2550 1441 2715 1521 viis;
2750 1457 2819 1503 et

672 1553 735 1616 in
777 1551 982 1641 portis
1019 1547 1412 1639 oppidorum
1438 1595 1458 1629 ,
1502 1569 1624 1636 pro
1651 1546 1967 1610 mercium
2002 1562 2433 1634 transgressu,
2460 1546 2777 1635 ingressu
2797 1596 2819 1627 ‚

579 1728 585 1734 ,
669 1675 783 1723 aut
811 1678 1092 1747 egressu.

755 1762 1127 1829 Portorium
1161 1759 1428 1848 vectigal
1461 1757 1838 1821 institutum
1887 1773 2018 1839 est,
2066 1779 2272 1845 quum
2305 1757 2600 1844 primum
2654 1781 2817 1845 por-

666 1888 805 1952 tus,
838 1870 951 1956 qui
974 1866 1297 1931 mercibus
1326 1860 1706 1950 recipiendis
1734 1876 2060 1948 paterent,
2096 1862 2332 1925 habere
2357 1861 2555 1947 coepit
2587 1885 2819 1950 respu-

664 1976 851 2040 blica.
910 1972 1204 2035 Primum
1266 1967 1574 2032 Romanis
1634 1981 1901 2054 portum
1950 1966 2146 2030 Ostiae
2210 1965 2512 2056 patefecit
2566 1969 2816 2030 Roma-

672 2100 910 2143 norum
961 2098 1073 2139 rex
1114 2078 1332 2138 Ancus
1378 2071 1675 2134 Martius.
1725 2070 1893 2135 Flor.
1926 2072 1988 2155 1,
2038 2076 2102 2151 4.
2152 2074 2253 2136 An
2299 2071 2493 2135 simul
2533 2075 2811 2161 vectigal

669 2181 992 2247 mercibus
1037 2175 1451 2263 imposuerit,
1487 2175 1832 2240 incertum.
1868 2177 2032 2271 Sane
2060 2176 2346 2264 portoria
2377 2176 2505 2239 sub
2542 2179 2810 2266 regibus

662 2289 796 2367 jam
841 2282 1180 2347 invaluisse
1230 2280 1556 2368 colligitur
1600 2303 1680 2346 ex
1720 2304 1830 2364 ec,
1872 2281 2051 2369 quod
2084 2282 2251 2346 inter
2277 2281 2628 2345 commoda
2665 2306 2813 2370 quae

670 2389 998 2482 ValeriuS,
1044 2386 1276 2453 exactis
1318 2387 1613 2475 regibus,
1662 2389 1907 2478 populo
1939 2389 2254 2470 restituit,
2294 2388 2552 2453 sublata
2594 2390 2681 2453 ab
2731 2415 2810 2455 eo

668 2498 862 2563 etiam
888 2494 1176 2585 portoria
1199 2493 1397 2557 fuisse
1424 2508 1885 2558 memorantur.
1915 2493 2079 2558 Vide
2114 2494 2291 2581 plura
2321 2493 2497 2582 apud
2531 2496 2671 2560 Liv.
2711 2497 2810 2578 11,

671 2626 732 2689 9.
763 2603 932 2667 Plut.
966 2602 1036 2664 in
1066 2599 1250 2689 Popl.

760 2710 1104 2771 Crescente
1153 2702 1390 2767 deinde
1430 2724 1703 2766 romano
1750 2703 2021 2790 imperio
2065 2725 2270 2790 quum
2314 2704 2397 2769 ad
2447 2705 2623 2770 bella
2663 2731 2815 2772 con-

674 2815 855 2876 tinua
897 2831 1174 2899 praesens
1222 2808 1516 2873 aerariurn
1563 2830 1698 2872 non
1730 2806 2088 2891 sufficeret,
2121 2810 2404 2897 portoria
2447 2829 2669 2875 vetera
2722 2838 2813 2877 re·

670 2918 890 2981 stituta
924 2915 1224 2996 fuerunt,
1265 2914 1504 3002 quibus
1542 2929 1767 3000 postea
1808 2936 1971 2976 nova
2009 2914 2339 2979 Gracchus
2371 2915 2645 2981 addidit.
2672 2920 2808 2982 Liv.

669 3021 815 3102 XL,
853 3017 955 3084 51.
976 3018 1136 3082 Vell.
1160 3019 1296 3082 Pat.
1327 3021 1389 3082 11
1413 3068 1431 3100 ,
1469 3019 1532 3083 6.
1558 3018 1714 3081 Mox
1742 3033 1958 3081 autem
1987 3023 2351 3109 propagatis
2380 3022 2642 3109 imperii
2666 3023 2812 3088 fini-

671 3129 826 3209 bus,
860 3125 1145 3216 portoria
1175 3147 1318 3212 quae
1346 3123 1627 3188 devictas
1664 3122 1843 3210 apud
1888 3140 2111 3212 gentes
2151 3126 2234 3189 ab
2273 3149 2497 3190 earum
2533 3130 2809 3217 regibus

666 3236 796 3315 jam
824 3247 1009 3298 antea
1040 3230 1206 3319 exigi
1242 3229 1570 3309 solebant,
1614 3229 1893 3291 Romani
1920 3230 2226 3310 victores,
2255 3231 2354 3294 vel
2390 3232 2572 3295 novis
2610 3235 2805 3298 etiam

670 3337 902 3402 additis
935 3336 1058 3401 sibi
1085 3350 1533 3400 exercuerunt.
1563 3333 1669 3396 Sic
1707 3333 2146 3420 portoriorum
2182 3350 2355 3397 extra
2391 3337 2643 3400 ltaliam
2683 3340 2808 3403 late

671 3444 914 3530 patenti
970 3443 1042 3507 in
1089 3440 1361 3530 imperio
1410 3441 1639 3528 ingens
1689 3433 2003 3503 numerus
2051 3441 2258 3503 factus
2310 3456 2429 3504 est.
2486 3444 2563 3506 In
2623 3444 2805 3508 Italia

673 3548 1094 3611 nihilominus
1152 3545 1605 3634 exigebantur,
1659 3543 1869 3607 donec
1892 3545 2135 3634 xomnia
2199 3547 2459 3610 sustulit
2514 3549 2805 3630 Quintus

675 3650 965 3714 Caecilius
996 3651 1294 3714 Metellus
1327 3664 1582 3736 praetor,
1619 3650 1757 3738 lege
1782 3650 1907 3714 lata
1933 3672 2107 3714 anno
2129 3651 2325 3715 Urbis
2347 3653 2627 3717 conditae
2652 3653 2799 3740 693.

670 3757 827 3837 Dio,
853 3755 1191 3817 XXXVII.
1235 3756 1442 3817 Causa
1481 3769 1699 3818 autem
1748 3753 2016 3819 tollendi
2056 3755 2183 3819 fuit
2223 3780 2358 3820 non
2410 3759 2613 3846 ipsius
2658 3784 2807 3848 por—

671 3861 820 3926 torii
851 3881 1059 3940 onus;
1097 3879 1308 3945 neque
1333 3856 1484 3921 ideo
1509 3859 1659 3945 quia
1684 3861 1975 3925 aerarium
2001 3861 2121 3926 Cn.
2153 3861 2522 3951 Pompeius,
2553 3865 2795 3954 ingenti

669 3967 734 4029 vi
770 3965 1058 4054 pecuniae
1103 3962 1169 4025 in
1205 3961 1274 4025 id
1304 3961 1474 4026 illata
1506 3963 1988 4051 locupletasset3
2024 3965 2139 4031 sed
2173 3967 2324 4054 quia
2363 3971 2788 4055 «portitorum

669 4069 917 4152 injuriae
954 4069 1224 4134 ulterius
1275 4069 1424 4132 ferri
1461 4091 1595 4132 non
1629 4088 1956 4157 possent».
1995 4074 2125 4137 Lex
2161 4072 2407 4137 Caecilia
2439 4075 2785 4160 gratissima
