<?xml version="1.0" encoding="UTF-8"?>
<!DOCTYPE html PUBLIC "-//W3C//DTD XHTML 1.0 Transitional//EN"
    "http://www.w3.org/TR/xhtml1/DTD/xhtml1-transitional.dtd">
<html xmlns="http://www.w3.org/1999/xhtml" xml:lang="en" lang="en">
 <head>
  <title>
</title>
<meta http-equiv="Content-Type" content="text/html;charset=utf-8" />
  <meta name='ocr-system' content='tesseract 3.04.00' />
  <meta name='ocr-capabilities' content='ocr_page ocr_carea ocr_par ocr_line ocrx_word'/>
</head>
<body>
  <div class='ocr_page' id='page_1' title='image "./mtciceronisquae09lemagoog/mtciceronisquae09lemagoog_0240.png"; bbox 0 0 3044 4788; ppageno 0'>
   <div class='ocr_carea' id='block_1_1' title="bbox 558 373 2039 462">
    <p class='ocr_par' dir='ltr' id='par_1_1' title="bbox 558 373 2039 462">
     <span class='ocr_line' id='line_1_1' title="bbox 558 373 2039 462; baseline 0.005 -7"><span class='ocrx_word' id='word_1_1' title='bbox 558 409 697 455; x_wconf 83' lang='lat'><strong>200</strong></span> <span class='ocrx_word' id='word_1_2' title='bbox 1196 390 1292 455; x_wconf 87' lang='grc' dir='ltr'><strong>Μ.</strong></span> <span class='ocrx_word' id='word_1_3' title='bbox 1346 373 1444 454; x_wconf 74' lang='grc' dir='ltr'><strong>Τ.“</strong></span> <span class='ocrx_word' id='word_1_4' title='bbox 1477 389 2039 462; x_wconf 78' lang='lat' dir='ltr'>CICERONIS</span> 
     </span>
    </p>
   </div>
   <div class='ocr_carea' id='block_1_2' title="bbox 468 504 2683 1932">
    <p class='ocr_par' dir='ltr' id='par_1_2' title="bbox 468 504 2683 1932">
     <span class='ocr_line' id='line_1_2' title="bbox 550 504 2683 610; baseline 0.007 -36"><span class='ocrx_word' id='word_1_5' title='bbox 550 537 585 573; x_wconf 70' lang='grc' dir='ltr'><strong><em>κ</em></strong></span> <span class='ocrx_word' id='word_1_6' title='bbox 613 511 762 577; x_wconf 81' lang='lat' dir='ltr'><strong>no&#39;n</strong></span> <span class='ocrx_word' id='word_1_7' title='bbox 793 519 1008 603; x_wconf 90' lang='lat' dir='ltr'><strong>peto;</strong></span> <span class='ocrx_word' id='word_1_8' title='bbox 1045 504 1172 577; x_wconf 89' lang='lat' dir='ltr'><strong>sed</strong></span> <span class='ocrx_word' id='word_1_9' title='bbox 1207 520 1289 577; x_wconf 88' lang='lat' dir='ltr'><strong>ut</strong></span> <span class='ocrx_word' id='word_1_10' title='bbox 1318 504 1411 576; x_wconf 92' lang='lat' dir='ltr'><strong>ab</strong></span> <span class='ocrx_word' id='word_1_11' title='bbox 1451 506 1593 578; x_wconf 90' lang='lat' dir='ltr'><strong>hoc</strong></span> <span class='ocrx_word' id='word_1_12' title='bbox 1618 512 1899 606; x_wconf 88' lang='lat' dir='ltr'><strong>potius,</strong></span> <span class='ocrx_word' id='word_1_13' title='bbox 1928 538 2149 610; x_wconf 89' lang='lat' dir='ltr'><strong>quam</strong></span> <span class='ocrx_word' id='word_1_14' title='bbox 2179 515 2270 587; x_wconf 93' lang='lat' dir='ltr'><strong>ab</strong></span> <span class='ocrx_word' id='word_1_15' title='bbox 2305 516 2430 586; x_wconf 92' lang='lat' dir='ltr'><strong>illo</strong></span> <span class='ocrx_word' id='word_1_16' title='bbox 2460 505 2683 587; x_wconf 47' lang='lat' dir='ltr'><strong>&#39;accu-</strong></span> 
     </span>
     <span class='ocr_line' id='line_1_3' title="bbox 550 616 2682 723; baseline 0.007 -40"><span class='ocrx_word' id='word_1_17' title='bbox 550 647 584 683; x_wconf 88' lang='lat'>«</span> <span class='ocrx_word' id='word_1_18' title='bbox 612 632 835 705; x_wconf 78' lang='lat' dir='ltr'><strong>setar,</strong></span> <span class='ocrx_word' id='word_1_19' title='bbox 884 616 959 687; x_wconf 90' lang='lat' dir='ltr'><strong>id</strong></span> <span class='ocrx_word' id='word_1_20' title='bbox 995 631 1190 714; x_wconf 87' lang='lat' dir='ltr'><strong>pet0.</strong></span> <span class='ocrx_word' id='word_1_21' title='bbox 1231 620 1341 688; x_wconf 90' lang='lat' dir='ltr'><strong>Da</strong></span> <span class='ocrx_word' id='word_1_22' title='bbox 1382 616 1560 687; x_wconf 90' lang='lat' dir='ltr'><strong>mihi</strong></span> <span class='ocrx_word' id='word_1_23' title='bbox 1600 618 1785 708; x_wconf 92' lang='lat' dir='ltr'><strong>hoc;</strong></span> <span class='ocrx_word' id='word_1_24' title='bbox 1832 624 2189 711; x_wconf 85' lang='lat' dir='ltr'><strong>concede,</strong></span> <span class='ocrx_word' id='word_1_25' title='bbox 2230 625 2431 723; x_wconf 91' lang='lat' dir='ltr'><strong>quod</strong></span> <span class='ocrx_word' id='word_1_26' title='bbox 2476 625 2682 697; x_wconf 86' lang='lat' dir='ltr'><strong>facile</strong></span> 
     </span>
     <span class='ocr_line' id='line_1_4' title="bbox 531 721 2681 832; baseline 0.006 -40"><span class='ocrx_word' id='word_1_27' title='bbox 531 721 586 792; x_wconf 67' lang='lat' dir='ltr'><strong>*a</strong></span> <span class='ocrx_word' id='word_1_28' title='bbox 613 741 765 814; x_wconf 84' lang='lat' dir='ltr'><strong>est,</strong></span> <span class='ocrx_word' id='word_1_29' title='bbox 808 724 1010 824; x_wconf 92' lang='lat' dir='ltr'><strong>quod</strong></span> <span class='ocrx_word' id='word_1_30' title='bbox 1050 726 1479 813; x_wconf 87' lang='lat' dir='ltr'><strong>honestum,</strong></span> <span class='ocrx_word' id='word_1_31' title='bbox 1511 729 1714 824; x_wconf 92' lang='lat' dir='ltr'><strong>quod</strong></span> <span class='ocrx_word' id='word_1_32' title='bbox 1760 755 1912 801; x_wconf 92' lang='lat' dir='ltr'><strong>non</strong></span> <span class='ocrx_word' id='word_1_33' title='bbox 1950 733 2386 806; x_wconf 84' lang='lat' dir='ltr'><strong>invidiosum</strong></span> <span class='ocrx_word' id='word_1_34' title='bbox 2420 763 2435 805; x_wconf 75' lang='grc' dir='ltr'><strong>ε</strong></span> <span class='ocrx_word' id='word_1_35' title='bbox 2476 734 2681 832; x_wconf 90' lang='lat' dir='ltr'><strong>quod</strong></span> 
     </span>
     <span class='ocr_line' id='line_1_5' title="bbox 550 835 2681 948; baseline 0.006 -47"><span class='ocrx_word' id='word_1_36' title='bbox 550 867 585 901; x_wconf 73' lang='grc' dir='ltr'><strong>α</strong></span> <span class='ocrx_word' id='word_1_37' title='bbox 612 862 842 934; x_wconf 91' lang='lat' dir='ltr'><strong>quum</strong></span> <span class='ocrx_word' id='word_1_38' title='bbox 871 835 1186 924; x_wconf 87' lang='lat' dir='ltr'><strong>dederis,</strong></span> <span class='ocrx_word' id='word_1_39' title='bbox 1220 837 1373 907; x_wconf 86' lang='lat' dir='ltr'><strong>sine</strong></span> <span class='ocrx_word' id='word_1_40' title='bbox 1408 835 1562 907; x_wconf 90' lang='lat' dir='ltr'><strong>ullo</strong></span> <span class='ocrx_word' id='word_1_41' title='bbox 1592 852 1719 908; x_wconf 89' lang='lat' dir='ltr'><strong>tuo</strong></span> <span class='ocrx_word' id='word_1_42' title='bbox 1738 842 2078 948; x_wconf 73' lang='lat' dir='ltr'><strong>periculo</strong></span> <span class='ocrx_word' id='word_1_43' title='bbox 2099 898 2118 932; x_wconf 93' lang='lat'><strong><em>‚</em></strong></span> <span class='ocrx_word' id='word_1_44' title='bbox 2153 842 2353 915; x_wconf 79' lang='lat' dir='ltr'><strong>sine⁶</strong></span> <span class='ocrx_word' id='word_1_45' title='bbox 2388 843 2681 915; x_wconf 87' lang='lat' dir='ltr'><strong>infamia</strong></span> 
     </span>
     <span class='ocr_line' id='line_1_6' title="bbox 468 944 2682 1052; baseline 0.005 -42"><span class='ocrx_word' id='word_1_46' title='bbox 468 972 473 976; x_wconf 93' lang='lat'>·</span> <span class='ocrx_word' id='word_1_47' title='bbox 555 944 798 1017; x_wconf 79' lang='lat' dir='ltr'><strong>«illud</strong></span> <span class='ocrx_word' id='word_1_48' title='bbox 837 944 1155 1033; x_wconf 87' lang='lat' dir='ltr'><strong>dederis,</strong></span> <span class='ocrx_word' id='word_1_49' title='bbox 1199 961 1280 1016; x_wconf 90' lang='lat' dir='ltr'><strong>ut</strong></span> <span class='ocrx_word' id='word_1_50' title='bbox 1324 947 1382 1017; x_wconf 92' lang='lat' dir='ltr'><strong>is</strong></span> <span class='ocrx_word' id='word_1_51' title='bbox 1426 944 1865 1035; x_wconf 84' lang='lat' dir='ltr'><strong>absolvatur,</strong></span> <span class='ocrx_word' id='word_1_52' title='bbox 1906 953 2020 1047; x_wconf 89' lang='lat' dir='ltr'><strong>cuj</strong></span> <span class='ocrx_word' id='word_1_53' title='bbox 2034 977 2113 1022; x_wconf 89' lang='lat' dir='ltr'><strong>us</strong></span> <span class='ocrx_word' id='word_1_54' title='bbox 2151 978 2288 1052; x_wconf 85' lang='lat' dir='ltr'><strong>ego</strong></span> <span class='ocrx_word' id='word_1_55' title='bbox 2329 978 2540 1025; x_wconf 87' lang='lat' dir='ltr'><strong>causa</strong></span> <span class='ocrx_word' id='word_1_56' title='bbox 2573 952 2682 1022; x_wconf 88' lang='lat' dir='ltr'><strong>la-</strong></span> 
     </span>
     <span class='ocr_line' id='line_1_7' title="bbox 551 1054 2680 1158; baseline 0.006 -37"><span class='ocrx_word' id='word_1_57' title='bbox 551 1087 586 1121; x_wconf 78' lang='lat'>«</span> <span class='ocrx_word' id='word_1_58' title='bbox 613 1055 822 1127; x_wconf 88' lang='lat' dir='ltr'><strong>boro.</strong></span> <span class='ocrx_word' id='word_1_59' title='bbox 844 1086 877 1121; x_wconf 68' lang='grc' dir='ltr'><strong>υ</strong></span> <span class='ocrx_word' id='word_1_60' title='bbox 899 1061 990 1126; x_wconf 89' lang='lat' dir='ltr'><strong>Et</strong></span> <span class='ocrx_word' id='word_1_61' title='bbox 1017 1059 1113 1127; x_wconf 88' lang='lat' dir='ltr'><strong>ait</strong></span> <span class='ocrx_word' id='word_1_62' title='bbox 1139 1054 1330 1126; x_wconf 86' lang='lat' dir='ltr'><strong>idern</strong></span> <span class='ocrx_word' id='word_1_63' title='bbox 1347 1109 1366 1144; x_wconf 90' lang='lat'>‚</span> <span class='ocrx_word' id='word_1_64' title='bbox 1395 1070 1478 1126; x_wconf 91' lang='lat' dir='ltr'><strong>ut</strong></span> <span class='ocrx_word' id='word_1_65' title='bbox 1503 1056 1761 1154; x_wconf 89' lang='lat' dir='ltr'><strong>aliquis</strong></span> <span class='ocrx_word' id='word_1_66' title='bbox 1792 1075 2027 1133; x_wconf 88' lang='lat' dir='ltr'><strong>metus</strong></span> <span class='ocrx_word' id='word_1_67' title='bbox 2055 1063 2442 1158; x_wconf 89' lang='lat' dir='ltr'><strong>adjunctus</strong></span> <span class='ocrx_word' id='word_1_68' title='bbox 2470 1067 2561 1135; x_wconf 88' lang='lat' dir='ltr'><strong>sit</strong></span> <span class='ocrx_word' id='word_1_69' title='bbox 2587 1063 2680 1134; x_wconf 90' lang='lat' dir='ltr'><strong>ad</strong></span> 
     </span>
     <span class='ocr_line' id='line_1_8' title="bbox 554 1167 2683 1270; baseline 0.005 -35"><span class='ocrx_word' id='word_1_70' title='bbox 554 1167 890 1263; x_wconf 81' lang='lat' dir='ltr'><strong>gratiam,</strong></span> <span class='ocrx_word' id='word_1_71' title='bbox 935 1178 1213 1238; x_wconf 86' lang='lat' dir='ltr'><strong>certos⁷</strong></span> <span class='ocrx_word' id='word_1_72' title='bbox 1255 1190 1407 1238; x_wconf 89' lang='lat' dir='ltr'><strong>esse</strong></span> <span class='ocrx_word' id='word_1_73' title='bbox 1451 1171 1527 1236; x_wconf 91' lang='lat' dir='ltr'><strong>in</strong></span> <span class='ocrx_word' id='word_1_74' title='bbox 1571 1171 2203 1270; x_wconf 88' lang='lat' dir='ltr'><strong>consilio,quibus</strong></span> <span class='ocrx_word' id='word_1_75' title='bbox 2248 1174 2537 1246; x_wconf 88' lang='lat' dir='ltr'><strong>ostendi</strong></span> <span class='ocrx_word' id='word_1_76' title='bbox 2580 1189 2683 1246; x_wconf 88' lang='lat' dir='ltr'><strong>ta-</strong></span> 
     </span>
     <span class='ocr_line' id='line_1_9' title="bbox 552 1275 2681 1381; baseline 0.003 -33"><span class='ocrx_word' id='word_1_77' title='bbox 552 1276 777 1349; x_wconf 88' lang='lat' dir='ltr'><strong>bellas</strong></span> <span class='ocrx_word' id='word_1_78' title='bbox 809 1276 1018 1366; x_wconf 89' lang='lat' dir='ltr'><strong>velit;</strong></span> <span class='ocrx_word' id='word_1_79' title='bbox 1050 1275 1121 1347; x_wconf 93' lang='lat' dir='ltr'><strong>id</strong></span> <span class='ocrx_word' id='word_1_80' title='bbox 1158 1302 1309 1349; x_wconf 88' lang='lat' dir='ltr'><strong>esse</strong></span> <span class='ocrx_word' id='word_1_81' title='bbox 1343 1275 1718 1375; x_wconf 82' lang='lat' dir='ltr'><strong>perfacile3</strong></span> <span class='ocrx_word' id='word_1_82' title='bbox 1747 1306 1894 1351; x_wconf 91' lang='lat' dir='ltr'><strong>non</strong></span> <span class='ocrx_word' id='word_1_83' title='bbox 1923 1285 2116 1353; x_wconf 90' lang='lat' dir='ltr'><strong>enim</strong></span> <span class='ocrx_word' id='word_1_84' title='bbox 2146 1285 2464 1381; x_wconf 84' lang='lat' dir='ltr'><strong>singulos</strong></span> <span class='ocrx_word' id='word_1_85' title='bbox 2493 1283 2681 1355; x_wconf 88' lang='lat' dir='ltr'><strong>ferre</strong></span> 
     </span>
     <span class='ocr_line' id='line_1_10' title="bbox 552 1384 2683 1482; baseline 0.005 -27"><span class='ocrx_word' id='word_1_86' title='bbox 552 1387 978 1473; x_wconf 78' lang='lat' dir='ltr'><strong>sententiaS,</strong></span> <span class='ocrx_word' id='word_1_87' title='bbox 1011 1384 1137 1457; x_wconf 87' lang='lat' dir='ltr'><strong>sed</strong></span> <span class='ocrx_word' id='word_1_88' title='bbox 1174 1389 1542 1457; x_wconf 86' lang='lat' dir='ltr'><strong>universos</strong></span> <span class='ocrx_word' id='word_1_89' title='bbox 1579 1388 2104 1482; x_wconf 78' lang='lat' dir='ltr'><strong>constituere83</strong></span> <span class='ocrx_word' id='word_1_90' title='bbox 2135 1406 2489 1467; x_wconf 84' lang='lat' dir='ltr'><strong>ceratam9</strong></span> <span class='ocrx_word' id='word_1_91' title='bbox 2521 1399 2683 1465; x_wconf 89' lang='lat' dir='ltr'><strong>uni-</strong></span> 
     </span>
     <span class='ocr_line' id='line_1_11' title="bbox 551 1496 2682 1596; baseline 0.003 -28"><span class='ocrx_word' id='word_1_92' title='bbox 551 1498 817 1594; x_wconf 89' lang='lat' dir='ltr'><strong>cuique</strong></span> <span class='ocrx_word' id='word_1_93' title='bbox 847 1496 1181 1568; x_wconf 88' lang='lat' dir='ltr'><strong>tabellam</strong></span> <span class='ocrx_word' id='word_1_94' title='bbox 1216 1496 1367 1567; x_wconf 90' lang='lat' dir='ltr'><strong>dari</strong></span> <span class='ocrx_word' id='word_1_95' title='bbox 1404 1520 1565 1568; x_wconf 88' lang='lat' dir='ltr'><strong>cera</strong></span> <span class='ocrx_word' id='word_1_96' title='bbox 1608 1498 1918 1596; x_wconf 86' lang='lat' dir='ltr'><strong>legitima</strong></span> <span class='ocrx_word' id='word_1_97' title='bbox 1940 1557 1959 1591; x_wconf 93' lang='lat'><strong><em>‚</em></strong></span> <span class='ocrx_word' id='word_1_98' title='bbox 1985 1529 2135 1573; x_wconf 91' lang='lat' dir='ltr'><strong>non</strong></span> <span class='ocrx_word' id='word_1_99' title='bbox 2173 1503 2289 1574; x_wconf 87' lang='lat' dir='ltr'><strong>illa</strong></span> <span class='ocrx_word' id='word_1_100' title='bbox 2325 1503 2570 1575; x_wconf 88' lang='lat' dir='ltr'><strong>infami</strong></span> <span class='ocrx_word' id='word_1_101' title='bbox 2599 1530 2682 1576; x_wconf 91' lang='lat' dir='ltr'><strong>ac</strong></span> 
     </span>
     <span class='ocr_line' id='line_1_12' title="bbox 552 1607 2683 1709; baseline 0.004 -32"><span class='ocrx_word' id='word_1_102' title='bbox 552 1607 843 1678; x_wconf 88' lang='lat' dir='ltr'><strong>nefaria.</strong></span> <span class='ocrx_word' id='word_1_103' title='bbox 897 1612 1133 1705; x_wconf 86' lang='lat' dir='ltr'><strong>Atque</strong></span> <span class='ocrx_word' id='word_1_104' title='bbox 1181 1612 1240 1679; x_wconf 92' lang='lat' dir='ltr'><strong>is</strong></span> <span class='ocrx_word' id='word_1_105' title='bbox 1290 1633 1443 1678; x_wconf 92' lang='lat' dir='ltr'><strong>non</strong></span> <span class='ocrx_word' id='word_1_106' title='bbox 1489 1621 1635 1679; x_wconf 91' lang='lat' dir='ltr'><strong>tam</strong></span> <span class='ocrx_word' id='word_1_107' title='bbox 1681 1627 1977 1709; x_wconf 86' lang='lat' dir='ltr'><strong>propter</strong></span> <span class='ocrx_word' id='word_1_108' title='bbox 2016 1617 2313 1685; x_wconf 82' lang='lat' dir='ltr'>Verrem</span> <span class='ocrx_word' id='word_1_109' title='bbox 2365 1613 2683 1702; x_wconf 85' lang='lat' dir='ltr'><strong>laborat,</strong></span> 
     </span>
     <span class='ocr_line' id='line_1_13' title="bbox 549 1716 2681 1814; baseline 0.004 -28"><span class='ocrx_word' id='word_1_110' title='bbox 549 1740 774 1813; x_wconf 90' lang='lat' dir='ltr'><strong>quam</strong></span> <span class='ocrx_word' id='word_1_111' title='bbox 812 1716 1016 1814; x_wconf 90' lang='lat' dir='ltr'><strong>quod</strong></span> <span class='ocrx_word' id='word_1_112' title='bbox 1038 1741 1203 1787; x_wconf 89' lang='lat' dir='ltr'><strong>eum</strong></span> <span class='ocrx_word' id='word_1_113' title='bbox 1224 1718 1519 1788; x_wconf 88' lang='lat' dir='ltr'><strong>minime</strong></span> <span class='ocrx_word' id='word_1_114' title='bbox 1544 1742 1659 1790; x_wconf 89' lang='lat' dir='ltr'><strong>res</strong></span> <span class='ocrx_word' id='word_1_115' title='bbox 1685 1734 1837 1790; x_wconf 88' lang='lat' dir='ltr'><strong>tota</strong></span> <span class='ocrx_word' id='word_1_116' title='bbox 1866 1720 2191 1794; x_wconf 83' lang='lat' dir='ltr'><strong>delectat.</strong></span> <span class='ocrx_word' id='word_1_117' title='bbox 2215 1724 2430 1794; x_wconf 85' lang='lat' dir='ltr'><strong>Videt</strong></span> <span class='ocrx_word' id='word_1_118' title='bbox 2457 1727 2646 1795; x_wconf 86' lang='lat' dir='ltr'><strong>enim</strong></span> <span class='ocrx_word' id='word_1_119' title='bbox 2662 1778 2681 1809; x_wconf 93' lang='lat'>‚</span> 
     </span>
     <span class='ocr_line' id='line_1_14' title="bbox 548 1824 2683 1932; baseline 0.005 -36"><span class='ocrx_word' id='word_1_120' title='bbox 548 1828 605 1896; x_wconf 92' lang='lat' dir='ltr'><strong>si</strong></span> <span class='ocrx_word' id='word_1_121' title='bbox 641 1852 680 1895; x_wconf 86' lang='lat' dir='ltr'><strong>a</strong></span> <span class='ocrx_word' id='word_1_122' title='bbox 711 1827 1023 1923; x_wconf 86' lang='lat' dir='ltr'><strong>pueris¹⁰</strong></span> <span class='ocrx_word' id='word_1_123' title='bbox 1061 1824 1454 1914; x_wconf 76' lang='lat' dir='ltr'><strong>nobilibu5‚</strong></span> <span class='ocrx_word' id='word_1_124' title='bbox 1483 1852 1670 1925; x_wconf 92' lang='lat' dir='ltr'><strong>quos</strong></span> <span class='ocrx_word' id='word_1_125' title='bbox 1699 1830 1933 1902; x_wconf 89' lang='lat' dir='ltr'><strong>adhuc</strong></span> <span class='ocrx_word' id='word_1_126' title='bbox 1954 1832 2196 1921; x_wconf 79' lang='lat' dir='ltr'><strong>elusit3</strong></span> <span class='ocrx_word' id='word_1_127' title='bbox 2225 1836 2282 1904; x_wconf 91' lang='lat' dir='ltr'><strong>si</strong></span> <span class='ocrx_word' id='word_1_128' title='bbox 2304 1860 2343 1905; x_wconf 92' lang='lat' dir='ltr'><strong>a</strong></span> <span class='ocrx_word' id='word_1_129' title='bbox 2369 1834 2683 1932; x_wconf 88' lang='lat' dir='ltr'><strong>quadru-</strong></span> 
     </span>
    </p>
   </div>
   <div class='ocr_carea' id='block_1_3' title="bbox 515 2026 1576 4156">
    <p class='ocr_par' dir='ltr' id='par_1_3' title="bbox 552 2026 1576 2316">
     <span class='ocr_line' id='line_1_15' title="bbox 553 2026 1576 2093; baseline 0 -18"><span class='ocrx_word' id='word_1_130' title='bbox 553 2027 640 2088; x_wconf 74' lang='lat' dir='ltr'><strong>sii,</strong></span> <span class='ocrx_word' id='word_1_131' title='bbox 675 2026 802 2075; x_wconf 85' lang='lat' dir='ltr'><strong>idern</strong></span> <span class='ocrx_word' id='word_1_132' title='bbox 827 2038 923 2085; x_wconf 86' lang='lat' dir='ltr'><strong>est,</strong></span> <span class='ocrx_word' id='word_1_133' title='bbox 946 2042 1003 2073; x_wconf 84' lang='lat' dir='ltr'><strong>ac</strong></span> <span class='ocrx_word' id='word_1_134' title='bbox 1026 2027 1264 2088; x_wconf 81' lang='lat' dir='ltr'><strong>judicium</strong></span> <span class='ocrx_word' id='word_1_135' title='bbox 1293 2028 1403 2077; x_wconf 84' lang='lat' dir='ltr'><strong>data</strong></span> <span class='ocrx_word' id='word_1_136' title='bbox 1427 2043 1576 2093; x_wconf 86' lang='lat' dir='ltr'><strong>pecu·</strong></span> 
     </span>
     <span class='ocr_line' id='line_1_16' title="bbox 552 2106 1573 2169; baseline 0 -15"><span class='ocrx_word' id='word_1_137' title='bbox 552 2106 634 2154; x_wconf 84' lang='lat' dir='ltr'><strong>nia</strong></span> <span class='ocrx_word' id='word_1_138' title='bbox 663 2121 989 2169; x_wconf 85' lang='lat' dir='ltr'><strong>eorrumpere.</strong></span> <span class='ocrx_word' id='word_1_139' title='bbox 1026 2107 1175 2168; x_wconf 88' lang='lat' dir='ltr'><strong>Quod</strong></span> <span class='ocrx_word' id='word_1_140' title='bbox 1219 2109 1330 2155; x_wconf 88' lang='lat' dir='ltr'><strong>ideo</strong></span> <span class='ocrx_word' id='word_1_141' title='bbox 1370 2109 1573 2156; x_wconf 76' lang='lat' dir='ltr'>honeste</span> 
     </span>
     <span class='ocr_line' id='line_1_17' title="bbox 554 2184 1575 2250; baseline 0 -16"><span class='ocrx_word' id='word_1_142' title='bbox 554 2185 787 2250; x_wconf 75' lang='lat' dir='ltr'><strong>exprimit</strong></span> <span class='ocrx_word' id='word_1_143' title='bbox 805 2221 821 2247; x_wconf 86' lang='lat'><strong>,</strong></span> <span class='ocrx_word' id='word_1_144' title='bbox 872 2184 986 2249; x_wconf 83' lang='lat' dir='ltr'><strong>quia</strong></span> <span class='ocrx_word' id='word_1_145' title='bbox 1050 2186 1331 2250; x_wconf 89' lang='lat' dir='ltr'><strong>loquentem</strong></span> <span class='ocrx_word' id='word_1_146' title='bbox 1383 2186 1575 2234; x_wconf 82' lang='lat' dir='ltr'><strong>inducit</strong></span> 
     </span>
     <span class='ocr_line' id='line_1_18' title="bbox 555 2259 1112 2316; baseline 0 -3"><span class='ocrx_word' id='word_1_147' title='bbox 555 2264 893 2316; x_wconf 71' lang='lat' dir='ltr'><strong>Hortensium.</strong></span> <span class='ocrx_word' id='word_1_148' title='bbox 922 2259 1112 2313; x_wconf 71' lang='lat' dir='ltr'><strong>Ascon.</strong></span> 
     </span>
    </p>

    <p class='ocr_par' dir='ltr' id='par_1_4' title="bbox 549 2331 1574 2490">
     <span class='ocr_line' id='line_1_19' title="bbox 627 2331 1574 2412; baseline 0.002 -21"><span class='ocrx_word' id='word_1_149' title='bbox 627 2346 678 2392; x_wconf 82' lang='lat'><strong>6.</strong></span> <span class='ocrx_word' id='word_1_150' title='bbox 716 2346 828 2397; x_wconf 63' lang='lat' dir='ltr'><strong>stae</strong></span> <span class='ocrx_word' id='word_1_151' title='bbox 863 2331 1093 2412; x_wconf 51' lang='lat' dir='ltr'><strong>ikfamia.</strong></span> <span class='ocrx_word' id='word_1_152' title='bbox 1141 2346 1270 2408; x_wconf 65' lang='lat' dir='ltr'><strong>Qun</strong></span> <span class='ocrx_word' id='word_1_153' title='bbox 1312 2345 1446 2409; x_wconf 62' lang='lat' dir='ltr'><strong>naua</strong></span> <span class='ocrx_word' id='word_1_154' title='bbox 1490 2344 1574 2410; x_wconf 77' lang='lat' dir='ltr'><strong>hic</strong></span> 
     </span>
     <span class='ocr_line' id='line_1_20' title="bbox 549 2412 1294 2490; baseline 0 -17"><span class='ocrx_word' id='word_1_155' title='bbox 549 2423 735 2473; x_wconf 86' lang='lat' dir='ltr'><strong>suberit</strong></span> <span class='ocrx_word' id='word_1_156' title='bbox 756 2412 1041 2490; x_wconf 64' lang='lat' dir='ltr'><strong>corruptela!</strong></span> <span class='ocrx_word' id='word_1_157' title='bbox 1063 2413 1294 2490; x_wconf 76' lang='lat' dir='ltr'><strong>suspicio.</strong></span> 
     </span>
    </p>

    <p class='ocr_par' dir='ltr' id='par_1_5' title="bbox 515 2500 1572 3207">
     <span class='ocr_line' id='line_1_21' title="bbox 629 2500 1571 2566; baseline 0.001 -15"><span class='ocrx_word' id='word_1_158' title='bbox 629 2500 894 2565; x_wconf 42' lang='lat' dir='ltr'><strong>§.poenos</strong></span> <span class='ocrx_word' id='word_1_159' title='bbox 921 2507 1006 2552; x_wconf 69' lang='lat' dir='ltr'><strong>Ait</strong></span> <span class='ocrx_word' id='word_1_160' title='bbox 1025 2504 1315 2552; x_wconf 72' lang='lat' dir='ltr'><strong>Hortensius</strong></span> <span class='ocrx_word' id='word_1_161' title='bbox 1336 2521 1387 2557; x_wconf 83' lang='lat' dir='ltr'><strong>se</strong></span> <span class='ocrx_word' id='word_1_162' title='bbox 1410 2504 1462 2552; x_wconf 90' lang='lat' dir='ltr'><strong>in</strong></span> <span class='ocrx_word' id='word_1_163' title='bbox 1487 2506 1571 2566; x_wconf 83' lang='lat' dir='ltr'><strong>jn·</strong></span> 
     </span>
     <span class='ocr_line' id='line_1_22' title="bbox 553 2584 1571 2650; baseline 0.002 -17"><span class='ocrx_word' id='word_1_164' title='bbox 553 2584 717 2633; x_wconf 86' lang='lat' dir='ltr'><strong>dicum</strong></span> <span class='ocrx_word' id='word_1_165' title='bbox 743 2602 947 2636; x_wconf 88' lang='lat' dir='ltr'><strong>numero</strong></span> <span class='ocrx_word' id='word_1_166' title='bbox 965 2587 1145 2635; x_wconf 84' lang='lat' dir='ltr'><strong>amicos</strong></span> <span class='ocrx_word' id='word_1_167' title='bbox 1161 2586 1340 2635; x_wconf 81' lang='lat' dir='ltr'><strong>habere</strong></span> <span class='ocrx_word' id='word_1_168' title='bbox 1355 2622 1369 2647; x_wconf 93' lang='lat'><strong>‚</strong></span> <span class='ocrx_word' id='word_1_169' title='bbox 1395 2586 1571 2650; x_wconf 87' lang='lat' dir='ltr'><strong>quibus</strong></span> 
     </span>
     <span class='ocr_line' id='line_1_23' title="bbox 554 2665 1571 2730; baseline 0 -18"><span class='ocrx_word' id='word_1_170' title='bbox 554 2665 672 2713; x_wconf 80' lang='lat' dir='ltr'><strong>velit</strong></span> <span class='ocrx_word' id='word_1_171' title='bbox 712 2667 904 2714; x_wconf 86' lang='lat' dir='ltr'><strong>ostendi</strong></span> <span class='ocrx_word' id='word_1_172' title='bbox 951 2665 1150 2714; x_wconf 83' lang='lat' dir='ltr'><strong>tabellas</strong></span> <span class='ocrx_word' id='word_1_173' title='bbox 1188 2665 1472 2730; x_wconf 84' lang='lat' dir='ltr'><strong>priusquam</strong></span> <span class='ocrx_word' id='word_1_174' title='bbox 1517 2666 1571 2713; x_wconf 88' lang='lat' dir='ltr'><strong>in</strong></span> 
     </span>
     <span class='ocr_line' id='line_1_24' title="bbox 553 2745 1572 2810; baseline -0.004 -15"><span class='ocrx_word' id='word_1_175' title='bbox 553 2763 723 2795; x_wconf 82' lang='lat' dir='ltr'><strong>urnam</strong></span> <span class='ocrx_word' id='word_1_176' title='bbox 762 2749 1015 2803; x_wconf 82' lang='lat' dir='ltr'><strong>mittantur</strong></span> <span class='ocrx_word' id='word_1_177' title='bbox 1046 2745 1126 2810; x_wconf 91' lang='lat' dir='ltr'><strong>(nt</strong></span> <span class='ocrx_word' id='word_1_178' title='bbox 1163 2746 1284 2794; x_wconf 84' lang='lat' dir='ltr'><strong>sciat</strong></span> <span class='ocrx_word' id='word_1_179' title='bbox 1323 2761 1415 2806; x_wconf 83' lang='lat' dir='ltr'><strong>an,</strong></span> <span class='ocrx_word' id='word_1_180' title='bbox 1460 2761 1572 2810; x_wconf 78' lang='lat' dir='ltr'><strong>pro·</strong></span> 
     </span>
     <span class='ocr_line' id='line_1_25' title="bbox 553 2825 1571 2889; baseline -0.002 -16"><span class='ocrx_word' id='word_1_181' title='bbox 553 2829 702 2874; x_wconf 86' lang='lat' dir='ltr'><strong>misso</strong></span> <span class='ocrx_word' id='word_1_182' title='bbox 728 2838 949 2885; x_wconf 86' lang='lat' dir='ltr'><strong>servato,</strong></span> <span class='ocrx_word' id='word_1_183' title='bbox 976 2827 1181 2889; x_wconf 84' lang='lat' dir='ltr'><strong>quisque</strong></span> <span class='ocrx_word' id='word_1_184' title='bbox 1206 2825 1431 2886; x_wconf 81' lang='lat' dir='ltr'><strong>judicum</strong></span> <span class='ocrx_word' id='word_1_185' title='bbox 1456 2827 1571 2872; x_wconf 84' lang='lat' dir='ltr'><strong>scri·</strong></span> 
     </span>
     <span class='ocr_line' id='line_1_26' title="bbox 515 2903 1567 2969; baseline 0.001 -17"><span class='ocrx_word' id='word_1_186' title='bbox 515 2912 520 2929; x_wconf 71' lang='lat'><strong>¹</strong></span> <span class='ocrx_word' id='word_1_187' title='bbox 550 2916 693 2969; x_wconf 85' lang='lat' dir='ltr'><strong>ptum</strong></span> <span class='ocrx_word' id='word_1_188' title='bbox 707 2906 757 2952; x_wconf 91' lang='lat' dir='ltr'><strong>in</strong></span> <span class='ocrx_word' id='word_1_189' title='bbox 771 2904 933 2953; x_wconf 82' lang='lat' dir='ltr'><strong>tabula</strong></span> <span class='ocrx_word' id='word_1_190' title='bbox 952 2921 1129 2953; x_wconf 89' lang='lat' dir='ltr'><strong>nomen</strong></span> <span class='ocrx_word' id='word_1_191' title='bbox 1146 2904 1330 2953; x_wconf 75' lang='lat' dir='ltr'><strong>Caecilii</strong></span> <span class='ocrx_word' id='word_1_192' title='bbox 1346 2903 1567 2969; x_wconf 84' lang='lat' dir='ltr'><strong>habeat):</strong></span> 
     </span>
     <span class='ocr_line' id='line_1_27' title="bbox 549 2982 1570 3043; baseline 0.002 -12"><span class='ocrx_word' id='word_1_193' title='bbox 549 2983 676 3031; x_wconf 86' lang='lat' dir='ltr'><strong>illud</strong></span> <span class='ocrx_word' id='word_1_194' title='bbox 701 3000 818 3043; x_wconf 76' lang='lat' dir='ltr'><strong>vero</strong></span> <span class='ocrx_word' id='word_1_195' title='bbox 836 3000 936 3031; x_wconf 87' lang='lat' dir='ltr'><strong>non</strong></span> <span class='ocrx_word' id='word_1_196' title='bbox 961 3001 1061 3032; x_wconf 89' lang='lat' dir='ltr'><strong>esse</strong></span> <span class='ocrx_word' id='word_1_197' title='bbox 1082 2982 1309 3043; x_wconf 83' lang='lat' dir='ltr'><strong>difficile,</strong></span> <span class='ocrx_word' id='word_1_198' title='bbox 1326 3001 1439 3032; x_wconf 87' lang='lat' dir='ltr'><strong>nam</strong></span> <span class='ocrx_word' id='word_1_199' title='bbox 1461 3001 1570 3033; x_wconf 85' lang='lat' dir='ltr'><strong>om-</strong></span> 
     </span>
     <span class='ocr_line' id='line_1_28' title="bbox 549 3063 1565 3121; baseline 0.001 -10"><span class='ocrx_word' id='word_1_200' title='bbox 549 3079 638 3111; x_wconf 86' lang='lat' dir='ltr'><strong>nes</strong></span> <span class='ocrx_word' id='word_1_201' title='bbox 675 3063 817 3111; x_wconf 88' lang='lat' dir='ltr'><strong>simul</strong></span> <span class='ocrx_word' id='word_1_202' title='bbox 861 3064 1122 3113; x_wconf 84' lang='lat' dir='ltr'><strong>sententias</strong></span> <span class='ocrx_word' id='word_1_203' title='bbox 1160 3080 1247 3121; x_wconf 81' lang='lat' dir='ltr'><strong>seu</strong></span> <span class='ocrx_word' id='word_1_204' title='bbox 1286 3063 1472 3112; x_wconf 82' lang='lat' dir='ltr'><strong>tabulas</strong></span> <span class='ocrx_word' id='word_1_205' title='bbox 1512 3064 1565 3111; x_wconf 84' lang='lat' dir='ltr'><strong>in</strong></span> 
     </span>
     <span class='ocr_line' id='line_1_29' title="bbox 536 3141 952 3207; baseline 0.005 -17"><span class='ocrx_word' id='word_1_206' title='bbox 536 3143 667 3190; x_wconf 84' lang='lat' dir='ltr'><strong>’cista</strong></span> <span class='ocrx_word' id='word_1_207' title='bbox 693 3141 952 3207; x_wconf 81' lang='lat' dir='ltr'><strong>deponere.</strong></span> 
     </span>
    </p>

    <p class='ocr_par' dir='ltr' id='par_1_6' title="bbox 538 3220 1568 4075">
     <span class='ocr_line' id='line_1_30' title="bbox 619 3220 1566 3271; baseline -0.001 -2"><span class='ocrx_word' id='word_1_208' title='bbox 619 3224 670 3271; x_wconf 87' lang='grc'><strong>8.</strong></span> <span class='ocrx_word' id='word_1_209' title='bbox 713 3221 1026 3270; x_wconf 79' lang='lat' dir='ltr'><strong>Constituere.</strong></span> <span class='ocrx_word' id='word_1_210' title='bbox 1059 3222 1142 3269; x_wconf 77' lang='lat' dir='ltr'><strong>Ad</strong></span> <span class='ocrx_word' id='word_1_211' title='bbox 1178 3220 1421 3269; x_wconf 84' lang='lat' dir='ltr'><strong>serendam</strong></span> <span class='ocrx_word' id='word_1_212' title='bbox 1450 3238 1566 3270; x_wconf 84' lang='lat' dir='ltr'><strong>sen·</strong></span> 
     </span>
     <span class='ocr_line' id='line_1_31' title="bbox 548 3300 1566 3364; baseline -0.002 -14"><span class='ocrx_word' id='word_1_213' title='bbox 548 3303 746 3350; x_wconf 82' lang='lat' dir='ltr'><strong>tentiam</strong></span> <span class='ocrx_word' id='word_1_214' title='bbox 787 3317 888 3349; x_wconf 89' lang='lat' dir='ltr'><strong>non</strong></span> <span class='ocrx_word' id='word_1_215' title='bbox 926 3301 1145 3364; x_wconf 83' lang='lat' dir='ltr'><strong>singulos</strong></span> <span class='ocrx_word' id='word_1_216' title='bbox 1175 3300 1364 3362; x_wconf 81' lang='lat' dir='ltr'><strong>judiees</strong></span> <span class='ocrx_word' id='word_1_217' title='bbox 1398 3302 1566 3349; x_wconf 85' lang='lat' dir='ltr'><strong>vocari</strong></span> 
     </span>
     <span class='ocr_line' id='line_1_32' title="bbox 547 3368 1567 3444; baseline 0 -17"><span class='ocrx_word' id='word_1_218' title='bbox 547 3392 632 3428; x_wconf 81' lang='lat' dir='ltr'><strong>ant</strong></span> <span class='ocrx_word' id='word_1_219' title='bbox 658 3368 974 3444; x_wconf 80' lang='lat' dir='ltr'><strong>consurgere,</strong></span> <span class='ocrx_word' id='word_1_220' title='bbox 1004 3380 1091 3428; x_wconf 87' lang='lat' dir='ltr'><strong>sed</strong></span> <span class='ocrx_word' id='word_1_221' title='bbox 1116 3379 1261 3427; x_wconf 83' lang='lat' dir='ltr'><strong>simul</strong></span> <span class='ocrx_word' id='word_1_222' title='bbox 1291 3391 1341 3427; x_wconf 88' lang='lat' dir='ltr'><strong>et</strong></span> <span class='ocrx_word' id='word_1_223' title='bbox 1365 3382 1567 3428; x_wconf 83' lang='lat' dir='ltr'><strong>confuse</strong></span> 
     </span>
     <span class='ocr_line' id='line_1_33' title="bbox 548 3459 1566 3523; baseline 0.001 -16"><span class='ocrx_word' id='word_1_224' title='bbox 548 3462 816 3508; x_wconf 84' lang='lat' dir='ltr'><strong>universos.</strong></span> <span class='ocrx_word' id='word_1_225' title='bbox 853 3462 969 3508; x_wconf 87' lang='lat' dir='ltr'><strong>Non</strong></span> <span class='ocrx_word' id='word_1_226' title='bbox 1007 3470 1169 3507; x_wconf 85' lang='lat' dir='ltr'><strong>autem</strong></span> <span class='ocrx_word' id='word_1_227' title='bbox 1207 3470 1309 3507; x_wconf 86' lang='lat' dir='ltr'><strong>erat</strong></span> <span class='ocrx_word' id='word_1_228' title='bbox 1347 3459 1566 3523; x_wconf 75' lang='lat' dir='ltr'><strong>perdiffi-</strong></span> 
     </span>
     <span class='ocr_line' id='line_1_34' title="bbox 548 3539 1566 3597; baseline 0.003 -11"><span class='ocrx_word' id='word_1_229' title='bbox 548 3539 672 3596; x_wconf 86' lang='lat' dir='ltr'><strong>cile,</strong></span> <span class='ocrx_word' id='word_1_230' title='bbox 707 3539 835 3586; x_wconf 86' lang='lat' dir='ltr'><strong>inter</strong></span> <span class='ocrx_word' id='word_1_231' title='bbox 863 3539 1083 3597; x_wconf 80' lang='lat' dir='ltr'><strong>ferendas</strong></span> <span class='ocrx_word' id='word_1_232' title='bbox 1110 3539 1255 3586; x_wconf 89' lang='lat' dir='ltr'><strong>simul</strong></span> <span class='ocrx_word' id='word_1_233' title='bbox 1289 3549 1340 3587; x_wconf 87' lang='lat' dir='ltr'><strong>et</strong></span> <span class='ocrx_word' id='word_1_234' title='bbox 1363 3540 1566 3589; x_wconf 84' lang='lat' dir='ltr'><strong>confuse</strong></span> 
     </span>
     <span class='ocr_line' id='line_1_35' title="bbox 548 3616 1567 3675; baseline 0 -10"><span class='ocrx_word' id='word_1_235' title='bbox 548 3616 776 3675; x_wconf 85' lang='lat' dir='ltr'><strong>tabellas,</strong></span> <span class='ocrx_word' id='word_1_236' title='bbox 810 3617 954 3666; x_wconf 83' lang='lat' dir='ltr'><strong>alicui</strong></span> <span class='ocrx_word' id='word_1_237' title='bbox 993 3636 1020 3666; x_wconf 90' lang='lat' dir='ltr'><strong>e</strong></span> <span class='ocrx_word' id='word_1_238' title='bbox 1057 3618 1267 3669; x_wconf 85' lang='lat' dir='ltr'><strong>consilio</strong></span> <span class='ocrx_word' id='word_1_239' title='bbox 1301 3634 1410 3665; x_wconf 84' lang='lat' dir='ltr'><strong>suas</strong></span> <span class='ocrx_word' id='word_1_240' title='bbox 1444 3618 1567 3666; x_wconf 85' lang='lat' dir='ltr'><strong>alios</strong></span> 
     </span>
     <span class='ocr_line' id='line_1_36' title="bbox 538 3695 1568 3759; baseline -0.001 -15"><span class='ocrx_word' id='word_1_241' title='bbox 538 3695 730 3759; x_wconf 83' lang='lat' dir='ltr'><strong>jndices</strong></span> <span class='ocrx_word' id='word_1_242' title='bbox 759 3696 922 3743; x_wconf 87' lang='lat' dir='ltr'><strong>furtim</strong></span> <span class='ocrx_word' id='word_1_243' title='bbox 950 3697 1150 3746; x_wconf 82' lang='lat' dir='ltr'><strong>tabellas</strong></span> <span class='ocrx_word' id='word_1_244' title='bbox 1172 3696 1440 3744; x_wconf 82' lang='lat' dir='ltr'><strong>ostendere.</strong></span> <span class='ocrx_word' id='word_1_245' title='bbox 1460 3695 1568 3746; x_wconf 80' lang='lat' dir='ltr'><strong>Ad-</strong></span> 
     </span>
     <span class='ocr_line' id='line_1_37' title="bbox 543 3775 1567 3824; baseline 0.002 -2"><span class='ocrx_word' id='word_1_246' title='bbox 543 3785 683 3822; x_wconf 86' lang='lat' dir='ltr'><strong>notat</strong></span> <span class='ocrx_word' id='word_1_247' title='bbox 725 3775 968 3822; x_wconf 80' lang='lat' dir='ltr'><strong>Asconius</strong></span> <span class='ocrx_word' id='word_1_248' title='bbox 1011 3777 1061 3823; x_wconf 87' lang='lat' dir='ltr'><strong>in</strong></span> <span class='ocrx_word' id='word_1_249' title='bbox 1102 3775 1482 3824; x_wconf 83' lang='lat' dir='ltr'><strong>divinationibus</strong></span> <span class='ocrx_word' id='word_1_250' title='bbox 1517 3786 1567 3824; x_wconf 85' lang='lat' dir='ltr'><strong>et</strong></span> 
     </span>
     <span class='ocr_line' id='line_1_38' title="bbox 542 3854 1566 3915; baseline 0 -11"><span class='ocrx_word' id='word_1_251' title='bbox 542 3856 700 3904; x_wconf 79' lang='lat' dir='ltr'><strong>causis</strong></span> <span class='ocrx_word' id='word_1_252' title='bbox 738 3855 1024 3915; x_wconf 86' lang='lat' dir='ltr'><strong>majoribus,</strong></span> <span class='ocrx_word' id='word_1_253' title='bbox 1061 3857 1112 3901; x_wconf 84' lang='lat' dir='ltr'><strong>in</strong></span> <span class='ocrx_word' id='word_1_254' title='bbox 1165 3854 1332 3901; x_wconf 81' lang='lat' dir='ltr'><strong>cistam</strong></span> <span class='ocrx_word' id='word_1_255' title='bbox 1377 3855 1566 3904; x_wconf 81' lang='lat' dir='ltr'><strong>tabulas</strong></span> 
     </span>
     <span class='ocr_line' id='line_1_39' title="bbox 540 3932 1564 3996; baseline 0.001 -14"><span class='ocrx_word' id='word_1_256' title='bbox 540 3934 730 3996; x_wconf 81' lang='lat' dir='ltr'><strong>jndices</strong></span> <span class='ocrx_word' id='word_1_257' title='bbox 748 3935 1028 3994; x_wconf 82' lang='lat' dir='ltr'><strong>conjecisse,</strong></span> <span class='ocrx_word' id='word_1_258' title='bbox 1048 3934 1100 3979; x_wconf 89' lang='lat' dir='ltr'><strong>in</strong></span> <span class='ocrx_word' id='word_1_259' title='bbox 1117 3932 1385 3980; x_wconf 82' lang='lat' dir='ltr'><strong>levioribus</strong></span> <span class='ocrx_word' id='word_1_260' title='bbox 1402 3947 1564 3986; x_wconf 83' lang='lat' dir='ltr'><strong>autem</strong></span> 
     </span>
     <span class='ocr_line' id='line_1_40' title="bbox 549 4011 1476 4075; baseline 0.003 -14"><span class='ocrx_word' id='word_1_261' title='bbox 549 4014 835 4062; x_wconf 84' lang='lat' dir='ltr'><strong>sententiam</strong></span> <span class='ocrx_word' id='word_1_262' title='bbox 857 4013 918 4059; x_wconf 87' lang='lat' dir='ltr'><strong>de</strong></span> <span class='ocrx_word' id='word_1_263' title='bbox 937 4011 1098 4060; x_wconf 83' lang='lat' dir='ltr'><strong>tabula</strong></span> <span class='ocrx_word' id='word_1_264' title='bbox 1115 4012 1476 4075; x_wconf 79' lang='lat' dir='ltr'><strong>pronuntiasse.</strong></span> 
     </span>
    </p>

    <p class='ocr_par' dir='ltr' id='par_1_7' title="bbox 616 4090 1565 4156">
     <span class='ocr_line' id='line_1_41' title="bbox 616 4090 1565 4156; baseline 0.001 -14"><span class='ocrx_word' id='word_1_265' title='bbox 616 4110 669 4156; x_wconf 87' lang='lat'><strong>9.</strong></span> <span class='ocrx_word' id='word_1_266' title='bbox 698 4094 940 4143; x_wconf 76' lang='lat' dir='ltr'><strong>ceratam.</strong></span> <span class='ocrx_word' id='word_1_267' title='bbox 959 4090 1168 4139; x_wconf 70' lang='lat' dir='ltr'><strong>&#39;rabenna</strong></span> <span class='ocrx_word' id='word_1_268' title='bbox 1184 4090 1409 4152; x_wconf 84' lang='lat' dir='ltr'><strong>judicum</strong></span> <span class='ocrx_word' id='word_1_269' title='bbox 1426 4106 1565 4147; x_wconf 81' lang='lat' dir='ltr'><strong>erant</strong></span> 
     </span>
    </p>
   </div>
   <div class='ocr_carea' id='block_1_4' title="bbox 1650 2032 2683 4159">
    <p class='ocr_par' dir='ltr' id='par_1_8' title="bbox 1650 2032 2683 3833">
     <span class='ocr_line' id='line_1_42' title="bbox 1659 2032 2678 2096; baseline 0.007 -19"><span class='ocrx_word' id='word_1_270' title='bbox 1659 2045 1794 2088; x_wconf 86' lang='lat' dir='ltr'><strong>cera,</strong></span> <span class='ocrx_word' id='word_1_271' title='bbox 1832 2033 1883 2079; x_wconf 89' lang='lat' dir='ltr'><strong>in</strong></span> <span class='ocrx_word' id='word_1_272' title='bbox 1925 2048 2023 2096; x_wconf 83' lang='lat' dir='ltr'><strong>qna</strong></span> <span class='ocrx_word' id='word_1_273' title='bbox 2065 2032 2379 2095; x_wconf 80' lang='lat' dir='ltr'><strong>scriberetur,</strong></span> <span class='ocrx_word' id='word_1_274' title='bbox 2422 2034 2590 2095; x_wconf 51' lang='lat' dir='ltr'><strong>illitam</strong></span> <span class='ocrx_word' id='word_1_275' title='bbox 2629 2048 2678 2084; x_wconf 84' lang='lat' dir='ltr'><strong>et</strong></span> 
     </span>
     <span class='ocr_line' id='line_1_43' title="bbox 1658 2105 2683 2171; baseline 0.006 -14"><span class='ocrx_word' id='word_1_276' title='bbox 1658 2105 1803 2158; x_wconf 74' lang='lat' dir='ltr'><strong>nnius</strong></span> <span class='ocrx_word' id='word_1_277' title='bbox 1849 2111 1997 2159; x_wconf 82' lang='lat' dir='ltr'><strong>ferme</strong></span> <span class='ocrx_word' id='word_1_278' title='bbox 2042 2112 2250 2171; x_wconf 89' lang='lat' dir='ltr'><strong>coloris,</strong></span> <span class='ocrx_word' id='word_1_279' title='bbox 2285 2114 2335 2161; x_wconf 85' lang='lat' dir='ltr'><strong>h.</strong></span> <span class='ocrx_word' id='word_1_280' title='bbox 2377 2131 2421 2164; x_wconf 90' lang='lat' dir='ltr'><strong>e.</strong></span> <span class='ocrx_word' id='word_1_281' title='bbox 2461 2114 2561 2162; x_wconf 84' lang='lat' dir='ltr'><strong>albi</strong></span> <span class='ocrx_word' id='word_1_282' title='bbox 2597 2126 2683 2163; x_wconf 87' lang='lat' dir='ltr'><strong>ant</strong></span> 
     </span>
     <span class='ocr_line' id='line_1_44' title="bbox 1658 2189 2681 2256; baseline 0.004 -19"><span class='ocrx_word' id='word_1_283' title='bbox 1658 2189 1890 2253; x_wconf 73' lang='lat' dir='ltr'><strong>subffivi,</strong></span> <span class='ocrx_word' id='word_1_284' title='bbox 1909 2192 1994 2256; x_wconf 89' lang='lat' dir='ltr'><strong>qni</strong></span> <span class='ocrx_word' id='word_1_285' title='bbox 2017 2208 2140 2239; x_wconf 78' lang='lat' dir='ltr'><strong>cerae</strong></span> <span class='ocrx_word' id='word_1_286' title='bbox 2161 2193 2305 2241; x_wconf 90' lang='lat' dir='ltr'><strong>color</strong></span> <span class='ocrx_word' id='word_1_287' title='bbox 2333 2202 2406 2241; x_wconf 89' lang='lat' dir='ltr'><strong>est</strong></span> <span class='ocrx_word' id='word_1_288' title='bbox 2437 2193 2681 2256; x_wconf 86' lang='lat' dir='ltr'><strong>legitimus</strong></span> 
     </span>
     <span class='ocr_line' id='line_1_45' title="bbox 1658 2270 2678 2334; baseline 0.005 -19"><span class='ocrx_word' id='word_1_289' title='bbox 1658 2283 1746 2324; x_wconf 83' lang='lat' dir='ltr'><strong>seu</strong></span> <span class='ocrx_word' id='word_1_290' title='bbox 1786 2270 2037 2320; x_wconf 84' lang='lat' dir='ltr'><strong>naturalis.</strong></span> <span class='ocrx_word' id='word_1_291' title='bbox 2085 2276 2153 2320; x_wconf 78' lang='lat' dir='ltr'><strong>At</strong></span> <span class='ocrx_word' id='word_1_292' title='bbox 2196 2288 2312 2320; x_wconf 79' lang='lat' dir='ltr'><strong>vero</strong></span> <span class='ocrx_word' id='word_1_293' title='bbox 2353 2275 2643 2321; x_wconf 79' lang='lat' dir='ltr'><strong>Hortensius</strong></span> <span class='ocrx_word' id='word_1_294' title='bbox 2661 2309 2678 2334; x_wconf 87' lang='lat'><strong>,</strong></span> 
     </span>
     <span class='ocr_line' id='line_1_46' title="bbox 1658 2349 2679 2412; baseline 0.004 -16"><span class='ocrx_word' id='word_1_295' title='bbox 1658 2364 1811 2412; x_wconf 84' lang='lat' dir='ltr'><strong>quum</strong></span> <span class='ocrx_word' id='word_1_296' title='bbox 1854 2349 1907 2397; x_wconf 89' lang='lat' dir='ltr'><strong>in</strong></span> <span class='ocrx_word' id='word_1_297' title='bbox 1944 2350 2132 2411; x_wconf 82' lang='lat' dir='ltr'><strong>judicio</strong></span> <span class='ocrx_word' id='word_1_298' title='bbox 2164 2352 2377 2400; x_wconf 86' lang='lat' dir='ltr'><strong>Terentii</strong></span> <span class='ocrx_word' id='word_1_299' title='bbox 2414 2352 2679 2409; x_wconf 82' lang='lat' dir='ltr'><strong>Varronis,</strong></span> 
     </span>
     <span class='ocr_line' id='line_1_47' title="bbox 1659 2430 2682 2492; baseline 0.004 -18"><span class='ocrx_word' id='word_1_300' title='bbox 1659 2443 1804 2491; x_wconf 86' lang='lat' dir='ltr'><strong>quem</strong></span> <span class='ocrx_word' id='word_1_301' title='bbox 1838 2430 2209 2492; x_wconf 81' lang='lat' dir='ltr'><strong>repetundarum</strong></span> <span class='ocrx_word' id='word_1_302' title='bbox 2256 2447 2392 2478; x_wconf 90' lang='lat' dir='ltr'><strong>reum</strong></span> <span class='ocrx_word' id='word_1_303' title='bbox 2437 2446 2495 2477; x_wconf 85' lang='lat' dir='ltr'><strong>ex</strong></span> <span class='ocrx_word' id='word_1_304' title='bbox 2534 2433 2682 2489; x_wconf 80' lang='lat' dir='ltr'><strong>Asia,</strong></span> 
     </span>
     <span class='ocr_line' id='line_1_48' title="bbox 1656 2507 2681 2575; baseline 0.005 -22"><span class='ocrx_word' id='word_1_305' title='bbox 1656 2522 1815 2570; x_wconf 85' lang='lat' dir='ltr'><strong>nuper</strong></span> <span class='ocrx_word' id='word_1_306' title='bbox 1832 2507 2111 2557; x_wconf 83' lang='lat' dir='ltr'><strong>defenderat</strong></span> <span class='ocrx_word' id='word_1_307' title='bbox 2124 2544 2138 2567; x_wconf 94' lang='lat'><strong>,</strong></span> <span class='ocrx_word' id='word_1_308' title='bbox 2158 2511 2454 2575; x_wconf 81' lang='lat' dir='ltr'><strong>corrupisset</strong></span> <span class='ocrx_word' id='word_1_309' title='bbox 2477 2511 2681 2575; x_wconf 85' lang='lat' dir='ltr'><strong>pecunia</strong></span> 
     </span>
     <span class='ocr_line' id='line_1_49' title="bbox 1651 2586 2680 2654; baseline 0.005 -21"><span class='ocrx_word' id='word_1_310' title='bbox 1651 2586 1871 2645; x_wconf 54' lang='lat' dir='ltr'><strong>jndicem</strong></span> <span class='ocrx_word' id='word_1_311' title='bbox 1905 2587 1966 2634; x_wconf 86' lang='lat' dir='ltr'><strong>ab</strong></span> <span class='ocrx_word' id='word_1_312' title='bbox 2003 2588 2173 2636; x_wconf 86' lang='lat' dir='ltr'><strong>iisdem</strong></span> <span class='ocrx_word' id='word_1_313' title='bbox 2201 2591 2401 2654; x_wconf 84' lang='lat' dir='ltr'><strong>insuper</strong></span> <span class='ocrx_word' id='word_1_314' title='bbox 2428 2601 2680 2654; x_wconf 82' lang='lat' dir='ltr'><strong>exegerat,</strong></span> 
     </span>
     <span class='ocr_line' id='line_1_50' title="bbox 1656 2665 2681 2729; baseline 0.006 -17"><span class='ocrx_word' id='word_1_315' title='bbox 1656 2676 1739 2723; x_wconf 89' lang='lat' dir='ltr'><strong>nt,</strong></span> <span class='ocrx_word' id='word_1_316' title='bbox 1761 2665 1812 2712; x_wconf 88' lang='lat' dir='ltr'><strong>in</strong></span> <span class='ocrx_word' id='word_1_317' title='bbox 1840 2665 2072 2729; x_wconf 75' lang='lat' dir='ltr'><strong>suffragio</strong></span> <span class='ocrx_word' id='word_1_318' title='bbox 2104 2667 2332 2729; x_wconf 84' lang='lat' dir='ltr'><strong>serendo,</strong></span> <span class='ocrx_word' id='word_1_319' title='bbox 2357 2669 2548 2717; x_wconf 83' lang='lat' dir='ltr'><strong>tabellis</strong></span> <span class='ocrx_word' id='word_1_320' title='bbox 2576 2681 2681 2718; x_wconf 88' lang='lat' dir='ltr'><strong>nte·</strong></span> 
     </span>
     <span class='ocr_line' id='line_1_51' title="bbox 1656 2744 2682 2814; baseline 0.007 -24"><span class='ocrx_word' id='word_1_321' title='bbox 1656 2754 1823 2791; x_wconf 85' lang='lat' dir='ltr'><strong>rentur</strong></span> <span class='ocrx_word' id='word_1_322' title='bbox 1848 2744 2194 2802; x_wconf 84' lang='lat' dir='ltr'><strong>discoloribus,</strong></span> <span class='ocrx_word' id='word_1_323' title='bbox 2216 2762 2335 2810; x_wconf 83' lang='lat' dir='ltr'><strong>quas</strong></span> <span class='ocrx_word' id='word_1_324' title='bbox 2359 2763 2386 2792; x_wconf 86' lang='lat' dir='ltr'><strong>a</strong></span> <span class='ocrx_word' id='word_1_325' title='bbox 2405 2764 2455 2794; x_wconf 91' lang='lat' dir='ltr'><strong>se</strong></span> <span class='ocrx_word' id='word_1_326' title='bbox 2473 2750 2682 2814; x_wconf 84' lang='lat' dir='ltr'><strong>accepis-</strong></span> 
     </span>
     <span class='ocr_line' id='line_1_52' title="bbox 1656 2825 2681 2890; baseline 0.006 -21"><span class='ocrx_word' id='word_1_327' title='bbox 1656 2834 1790 2882; x_wconf 84' lang='lat' dir='ltr'><strong>sent;</strong></span> <span class='ocrx_word' id='word_1_328' title='bbox 1827 2839 1928 2887; x_wconf 90' lang='lat' dir='ltr'><strong>qno</strong></span> <span class='ocrx_word' id='word_1_329' title='bbox 1953 2825 2133 2873; x_wconf 89' lang='lat' dir='ltr'><strong>certius</strong></span> <span class='ocrx_word' id='word_1_330' title='bbox 2164 2825 2314 2872; x_wconf 88' lang='lat' dir='ltr'><strong>sciret</strong></span> <span class='ocrx_word' id='word_1_331' title='bbox 2341 2825 2422 2872; x_wconf 90' lang='lat' dir='ltr'><strong>ille</strong></span> <span class='ocrx_word' id='word_1_332' title='bbox 2446 2842 2509 2873; x_wconf 89' lang='lat' dir='ltr'><strong>an</strong></span> <span class='ocrx_word' id='word_1_333' title='bbox 2529 2829 2681 2890; x_wconf 87' lang='lat' dir='ltr'><strong>empti</strong></span> 
     </span>
     <span class='ocr_line' id='line_1_53' title="bbox 1650 2901 2681 2966; baseline 0.005 -18"><span class='ocrx_word' id='word_1_334' title='bbox 1650 2901 1840 2961; x_wconf 84' lang='lat' dir='ltr'><strong>judices</strong></span> <span class='ocrx_word' id='word_1_335' title='bbox 1859 2904 2103 2966; x_wconf 85' lang='lat' dir='ltr'><strong>pactionis</strong></span> <span class='ocrx_word' id='word_1_336' title='bbox 2128 2902 2275 2950; x_wconf 84' lang='lat' dir='ltr'><strong>fidem</strong></span> <span class='ocrx_word' id='word_1_337' title='bbox 2301 2916 2595 2963; x_wconf 83' lang='lat' dir='ltr'><strong>servassent;</strong></span> <span class='ocrx_word' id='word_1_338' title='bbox 2625 2921 2681 2953; x_wconf 77' lang='lat' dir='ltr'><strong>ea</strong></span> 
     </span>
     <span class='ocr_line' id='line_1_54' title="bbox 1654 2981 2681 3045; baseline 0.003 -17"><span class='ocrx_word' id='word_1_339' title='bbox 1654 2998 1727 3029; x_wconf 87' lang='lat' dir='ltr'><strong>res</strong></span> <span class='ocrx_word' id='word_1_340' title='bbox 1738 2981 1849 3045; x_wconf 86' lang='lat' dir='ltr'><strong>qnia</strong></span> <span class='ocrx_word' id='word_1_341' title='bbox 1864 2997 1975 3030; x_wconf 88' lang='lat' dir='ltr'><strong>enm</strong></span> <span class='ocrx_word' id='word_1_342' title='bbox 1989 2984 2138 3031; x_wconf 86' lang='lat' dir='ltr'><strong>totius</strong></span> <span class='ocrx_word' id='word_1_343' title='bbox 2147 2982 2323 3043; x_wconf 87' lang='lat' dir='ltr'><strong>judicii</strong></span> <span class='ocrx_word' id='word_1_344' title='bbox 2337 2983 2531 3030; x_wconf 85' lang='lat' dir='ltr'><strong>infamia</strong></span> <span class='ocrx_word' id='word_1_345' title='bbox 2546 2985 2681 3031; x_wconf 88' lang='lat' dir='ltr'><strong>inno-</strong></span> 
     </span>
     <span class='ocr_line' id='line_1_55' title="bbox 1650 3060 2683 3122; baseline 0 -13"><span class='ocrx_word' id='word_1_346' title='bbox 1650 3071 2003 3121; x_wconf 85' lang='lat' dir='ltr'><strong>tuerat‚metnm</strong></span> <span class='ocrx_word' id='word_1_347' title='bbox 2012 3061 2043 3109; x_wconf 91' lang='lat' dir='ltr'><strong>b</strong></span> <span class='ocrx_word' id='word_1_348' title='bbox 2050 3062 2163 3122; x_wconf 81' lang='lat' dir='ltr'><strong>iscej</strong></span> <span class='ocrx_word' id='word_1_349' title='bbox 2170 3060 2394 3108; x_wconf 85' lang='lat' dir='ltr'><strong>udicibus</strong></span> <span class='ocrx_word' id='word_1_350' title='bbox 2405 3061 2554 3110; x_wconf 87' lang='lat' dir='ltr'><strong>demit</strong></span> <span class='ocrx_word' id='word_1_351' title='bbox 2560 3065 2683 3110; x_wconf 81' lang='lat' dir='ltr'><strong>Hor-</strong></span> 
     </span>
     <span class='ocr_line' id='line_1_56' title="bbox 1655 3142 2679 3204; baseline 0 -14"><span class='ocrx_word' id='word_1_352' title='bbox 1655 3143 1853 3190; x_wconf 86' lang='lat' dir='ltr'><strong>tensius.</strong></span> <span class='ocrx_word' id='word_1_353' title='bbox 1875 3143 2013 3199; x_wconf 90' lang='lat' dir='ltr'><strong>Non,</strong></span> <span class='ocrx_word' id='word_1_354' title='bbox 2037 3142 2225 3204; x_wconf 83' lang='lat' dir='ltr'><strong>inquit,</strong></span> <span class='ocrx_word' id='word_1_355' title='bbox 2249 3142 2331 3189; x_wconf 86' lang='lat' dir='ltr'><strong>hic</strong></span> <span class='ocrx_word' id='word_1_356' title='bbox 2359 3142 2679 3190; x_wconf 84' lang='lat' dir='ltr'><strong>discoloribus</strong></span> 
     </span>
     <span class='ocr_line' id='line_1_57' title="bbox 1651 3218 2679 3279; baseline 0.002 -13"><span class='ocrx_word' id='word_1_357' title='bbox 1651 3230 1763 3267; x_wconf 77' lang='lat' dir='ltr'><strong>utar</strong></span> <span class='ocrx_word' id='word_1_358' title='bbox 1792 3218 2010 3279; x_wconf 84' lang='lat' dir='ltr'><strong>tabellis,</strong></span> <span class='ocrx_word' id='word_1_359' title='bbox 2039 3230 2094 3266; x_wconf 89' lang='lat' dir='ltr'><strong>nt</strong></span> <span class='ocrx_word' id='word_1_360' title='bbox 2117 3219 2235 3267; x_wconf 87' lang='lat' dir='ltr'><strong>olim</strong></span> <span class='ocrx_word' id='word_1_361' title='bbox 2258 3234 2273 3267; x_wconf 75' lang='grc' dir='ltr'><em>τ</em></span> <span class='ocrx_word' id='word_1_362' title='bbox 2300 3231 2461 3268; x_wconf 79' lang='lat' dir='ltr'><strong>cerata</strong></span> <span class='ocrx_word' id='word_1_363' title='bbox 2488 3221 2679 3269; x_wconf 89' lang='lat' dir='ltr'><strong>unicui-</strong></span> 
     </span>
     <span class='ocr_line' id='line_1_58' title="bbox 1653 3298 2681 3362; baseline 0.001 -16"><span class='ocrx_word' id='word_1_364' title='bbox 1653 3315 1747 3362; x_wconf 88' lang='lat' dir='ltr'><strong>qne</strong></span> <span class='ocrx_word' id='word_1_365' title='bbox 1770 3309 1984 3347; x_wconf 80' lang='lat' dir='ltr'><strong>vestrum</strong></span> <span class='ocrx_word' id='word_1_366' title='bbox 2013 3298 2186 3346; x_wconf 85' lang='lat' dir='ltr'><strong>tabella</strong></span> <span class='ocrx_word' id='word_1_367' title='bbox 2227 3299 2441 3360; x_wconf 86' lang='lat' dir='ltr'><strong>dabitur,</strong></span> <span class='ocrx_word' id='word_1_368' title='bbox 2460 3316 2569 3362; x_wconf 82' lang='lat' dir='ltr'><strong>qnae</strong></span> <span class='ocrx_word' id='word_1_369' title='bbox 2599 3315 2681 3347; x_wconf 84' lang='lat' dir='ltr'><strong>na-</strong></span> 
     </span>
     <span class='ocr_line' id='line_1_59' title="bbox 1654 3377 2679 3435; baseline 0.003 -11"><span class='ocrx_word' id='word_1_370' title='bbox 1654 3378 1854 3427; x_wconf 86' lang='lat' dir='ltr'><strong>turalem</strong></span> <span class='ocrx_word' id='word_1_371' title='bbox 1878 3393 2018 3425; x_wconf 87' lang='lat' dir='ltr'><strong>snum</strong></span> <span class='ocrx_word' id='word_1_372' title='bbox 2054 3377 2270 3427; x_wconf 86' lang='lat' dir='ltr'><strong>colorem</strong></span> <span class='ocrx_word' id='word_1_373' title='bbox 2299 3380 2531 3435; x_wconf 84' lang='lat' dir='ltr'><strong>retineat,</strong></span> <span class='ocrx_word' id='word_1_374' title='bbox 2557 3380 2679 3428; x_wconf 85' lang='lat' dir='ltr'><strong>etin</strong></span> 
     </span>
     <span class='ocr_line' id='line_1_60' title="bbox 1653 3457 2673 3521; baseline 0.001 -15"><span class='ocrx_word' id='word_1_375' title='bbox 1653 3474 1747 3521; x_wconf 85' lang='lat' dir='ltr'><strong>qna</strong></span> <span class='ocrx_word' id='word_1_376' title='bbox 1767 3457 1898 3515; x_wconf 74' lang='lat' dir='ltr'><strong>nulla</strong></span> <span class='ocrx_word' id='word_1_377' title='bbox 1931 3457 1994 3505; x_wconf 87' lang='lat' dir='ltr'><strong>sit</strong></span> <span class='ocrx_word' id='word_1_378' title='bbox 2019 3458 2252 3521; x_wconf 84' lang='lat' dir='ltr'><strong>suspicio.</strong></span> <span class='ocrx_word' id='word_1_379' title='bbox 2276 3460 2402 3507; x_wconf 86' lang='lat' dir='ltr'><strong>Satis</strong></span> <span class='ocrx_word' id='word_1_380' title='bbox 2426 3460 2515 3504; x_wconf 87' lang='lat' dir='ltr'><strong>erit</strong></span> <span class='ocrx_word' id='word_1_381' title='bbox 2532 3459 2673 3515; x_wconf 87' lang='lat' dir='ltr'><strong>mibi,</strong></span> 
     </span>
     <span class='ocr_line' id='line_1_61' title="bbox 1652 3537 2678 3589; baseline 0.006 -6"><span class='ocrx_word' id='word_1_382' title='bbox 1652 3539 1691 3583; x_wconf 91' lang='lat' dir='ltr'><strong>si</strong></span> <span class='ocrx_word' id='word_1_383' title='bbox 1721 3537 1921 3585; x_wconf 74' lang='lat' dir='ltr'><strong>tabellas</strong></span> <span class='ocrx_word' id='word_1_384' title='bbox 1957 3547 2137 3583; x_wconf 79' lang='lat' dir='ltr'><strong>vestras</strong></span> <span class='ocrx_word' id='word_1_385' title='bbox 2172 3538 2489 3587; x_wconf 84' lang='lat' dir='ltr'><strong>ostenderitis</strong></span> <span class='ocrx_word' id='word_1_386' title='bbox 2511 3539 2678 3589; x_wconf 81' lang='lat' dir='ltr'><strong>amicis</strong></span> 
     </span>
     <span class='ocr_line' id='line_1_62' title="bbox 1652 3616 2678 3679; baseline 0.003 -16"><span class='ocrx_word' id='word_1_387' title='bbox 1652 3631 1777 3679; x_wconf 90' lang='lat' dir='ltr'><strong>quos</strong></span> <span class='ocrx_word' id='word_1_388' title='bbox 1801 3616 1959 3664; x_wconf 87' lang='lat' dir='ltr'><strong>habeo</strong></span> <span class='ocrx_word' id='word_1_389' title='bbox 1984 3616 2037 3663; x_wconf 88' lang='lat' dir='ltr'><strong>in</strong></span> <span class='ocrx_word' id='word_1_390' title='bbox 2061 3617 2284 3665; x_wconf 83' lang='lat' dir='ltr'><strong>consilio.</strong></span> <span class='ocrx_word' id='word_1_391' title='bbox 2318 3618 2395 3666; x_wconf 89' lang='lat' dir='ltr'><strong>Cf.</strong></span> <span class='ocrx_word' id='word_1_392' title='bbox 2425 3616 2678 3667; x_wconf 80' lang='lat' dir='ltr'><strong>scholiast.</strong></span> 
     </span>
     <span class='ocr_line' id='line_1_63' title="bbox 1652 3694 2677 3760; baseline 0.002 -18"><span class='ocrx_word' id='word_1_393' title='bbox 1652 3696 1837 3744; x_wconf 79' lang='lat' dir='ltr'><strong>Acron.</strong></span> <span class='ocrx_word' id='word_1_394' title='bbox 1862 3707 1910 3743; x_wconf 88' lang='lat' dir='ltr'><strong>et</strong></span> <span class='ocrx_word' id='word_1_395' title='bbox 1940 3694 2272 3760; x_wconf 76' lang='lat' dir='ltr'><strong>Porphyrion.</strong></span> <span class='ocrx_word' id='word_1_396' title='bbox 2294 3698 2345 3743; x_wconf 91' lang='lat' dir='ltr'><strong>in</strong></span> <span class='ocrx_word' id='word_1_397' title='bbox 2378 3697 2553 3744; x_wconf 85' lang='lat' dir='ltr'><strong>Horat.</strong></span> <span class='ocrx_word' id='word_1_398' title='bbox 2576 3700 2677 3746; x_wconf 82' lang='lat' dir='ltr'><strong>Sat.</strong></span> 
     </span>
     <span class='ocr_line' id='line_1_64' title="bbox 1655 3774 1813 3833; baseline 0.013 -15"><span class='ocrx_word' id='word_1_399' title='bbox 1655 3774 1704 3818; x_wconf 89' lang='lat'><strong>11</strong></span> <span class='ocrx_word' id='word_1_400' title='bbox 1722 3807 1738 3832; x_wconf 92' lang='lat'><strong>,</strong></span> <span class='ocrx_word' id='word_1_401' title='bbox 1769 3788 1813 3833; x_wconf 79' lang='lat' dir='ltr'><strong>r.</strong></span> 
     </span>
    </p>

    <p class='ocr_par' dir='ltr' id='par_1_9' title="bbox 1651 3853 2678 4159">
     <span class='ocr_line' id='line_1_65' title="bbox 1730 3853 2678 3903; baseline 0.002 -3"><span class='ocrx_word' id='word_1_402' title='bbox 1730 3869 1810 3901; x_wconf 84' lang='lat'><strong>10.</strong></span> <span class='ocrx_word' id='word_1_403' title='bbox 1845 3853 2031 3901; x_wconf 64' lang='lat' dir='ltr'><strong>Puer-125.</strong></span> <span class='ocrx_word' id='word_1_404' title='bbox 2067 3854 2376 3903; x_wconf 80' lang='lat' dir='ltr'><strong>Accusabant</strong></span> <span class='ocrx_word' id='word_1_405' title='bbox 2414 3854 2540 3902; x_wconf 88' lang='lat' dir='ltr'><strong>enim</strong></span> <span class='ocrx_word' id='word_1_406' title='bbox 2581 3854 2678 3902; x_wconf 83' lang='lat' dir='ltr'><strong>illis</strong></span> 
     </span>
     <span class='ocr_line' id='line_1_66' title="bbox 1653 3932 2675 3998; baseline 0 -17"><span class='ocrx_word' id='word_1_407' title='bbox 1653 3933 1956 3998; x_wconf 82' lang='lat' dir='ltr'><strong>temporibus</strong></span> <span class='ocrx_word' id='word_1_408' title='bbox 1981 3932 2076 3981; x_wconf 89' lang='lat' dir='ltr'><strong>soli</strong></span> <span class='ocrx_word' id='word_1_409' title='bbox 2100 3934 2463 3992; x_wconf 86' lang='lat' dir='ltr'><strong>adolescentes,</strong></span> <span class='ocrx_word' id='word_1_410' title='bbox 2490 3945 2573 3981; x_wconf 85' lang='lat' dir='ltr'><strong>ant</strong></span> <span class='ocrx_word' id='word_1_411' title='bbox 2594 3933 2675 3981; x_wconf 86' lang='lat' dir='ltr'><strong>de·</strong></span> 
     </span>
     <span class='ocr_line' id='line_1_67' title="bbox 1651 4013 2673 4077; baseline -0.004 -15"><span class='ocrx_word' id='word_1_412' title='bbox 1651 4014 1829 4062; x_wconf 82' lang='lat' dir='ltr'><strong>latores</strong></span> <span class='ocrx_word' id='word_1_413' title='bbox 1846 4049 1860 4073; x_wconf 90' lang='lat'><strong>,</strong></span> <span class='ocrx_word' id='word_1_414' title='bbox 1903 4026 2018 4062; x_wconf 88' lang='lat' dir='ltr'><strong>tnnc</strong></span> <span class='ocrx_word' id='word_1_415' title='bbox 2053 4014 2461 4077; x_wconf 79' lang='lat' dir='ltr'><strong>quadruplatores</strong></span> <span class='ocrx_word' id='word_1_416' title='bbox 2484 4013 2673 4071; x_wconf 86' lang='lat' dir='ltr'><strong>vocati,</strong></span> 
     </span>
     <span class='ocr_line' id='line_1_68' title="bbox 1652 4093 2678 4159; baseline -0.002 -17"><span class='ocrx_word' id='word_1_417' title='bbox 1652 4095 1789 4157; x_wconf 86' lang='lat' dir='ltr'><strong>qnod</strong></span> <span class='ocrx_word' id='word_1_418' title='bbox 1824 4094 2163 4144; x_wconf 78' lang='lat' dir='ltr'><strong>damnatorum</strong></span> <span class='ocrx_word' id='word_1_419' title='bbox 2200 4093 2260 4142; x_wconf 89' lang='lat' dir='ltr'><strong>de</strong></span> <span class='ocrx_word' id='word_1_420' title='bbox 2286 4094 2430 4141; x_wconf 88' lang='lat' dir='ltr'><strong>bonis</strong></span> <span class='ocrx_word' id='word_1_421' title='bbox 2455 4104 2678 4159; x_wconf 83' lang='lat' dir='ltr'><strong>quartam</strong></span> 
     </span>
    </p>
   </div>
  </div>
 </body>
</html>
