3044 4788
678 375 1079 446 ORATIO
1128 383 1331 452 PRO
1381 387 1455 453 P.
1507 387 1986 475 QUINTIO.
2296 402 2387 475 33

154 488 160 497 ’
272 489 565 586 quidem
600 517 770 563 vera
800 496 1033 591 palam
1073 498 1417 597 loquitur.
1458 509 1741 578 Etenim
1786 514 1843 580 si
1875 514 2032 584 vult
2072 518 2391 595 virorum

272 599 636 672 bonorum
665 605 997 676 instituto
1021 610 1281 699 vivere,
1308 614 1535 685 multa
1568 632 1856 714 oportet
1886 620 2149 714 discat,
2175 644 2393 728 atque

268 708 633 781 dediscat:
669 736 984 808 quorum
1012 717 1115 788 illi
1152 725 1336 792 aetati
1384 738 1778 825 utrumque
1813 730 2106 806 difficile
2139 754 2266 812 est.

355 824 622 891 XVIII.
675 826 840 894 Non
895 822 1253 918 dubitavi,
1307 835 1581 929 inquit,
1625 860 1858 932 quum
1900 835 2395 921 vadimonium

257 926 635 1033 desertum
674 947 860 1002 esset
885 982 906 1020 ‚
947 932 1141 1008 bona
1176 941 1648 1036 proscribere⁶
1680 949 2020 1046 Improbe
2051 979 2067 1021 ε
2102 980 2352 1031 verum
2375 1015 2394 1049 ,

255 1042 614 1133 quoniam
649 1054 730 1111 tu
757 1041 835 1112 id
866 1042 999 1115 tibi
1029 1069 1351 1145 arrogm,
1378 1065 1452 1121 et
1479 1055 1778 1126 concedi
1812 1062 2173 1155 postula5‚
2212 1086 2389 1140 con-

258 1147 628 1220 cedamus.
680 1152 915 1241 Quid,
961 1159 1018 1225 si
1064 1181 1463 1256 numquam
1509 1162 1867 1238 deseruit?
1906 1174 1962 1240 si
2004 1175 2138 1245 ista
2180 1201 2392 1253 causa

255 1256 391 1357 abs
424 1273 495 1329 te
525 1273 677 1330 tota
697 1284 829 1357 per
850 1288 1205 1336 summam
1231 1267 1560 1341 fraudem
1590 1288 1663 1344 et
1683 1277 2021 1349 malitiam
2053 1281 2220 1356 ficta
2241 1290 2391 1361 est?

258 1370 319 1437 si
367 1366 868 1441 vadimonium
918 1379 1217 1447 omnino
1271 1378 1403 1449 tibi
1450 1405 1619 1451 cum
1651 1388 1725 1454 P.
1760 1388 2062 1476 Quintio
2103 1397 2387 1470 nullum

260 1474 454 1545 fuit?
510 1501 660 1573 quo
735 1494 808 1550 te
860 1486 1156 1554 nomine
1237 1489 1732 1585 appellemus?
1788 1498 2254 1594 improbum?
2314 1525 2389 1581 at

264 1588 549 1655 etiamsi
590 1586 945 1660 desertum
1005 1593 1500 1667 vadimonium
1556 1616 1771 1691 esset,
1805 1619 2085 1698 tamen,
2127 1616 2204 1684 in
2250 1620 2384 1691 ista

264 1694 746 1790 postulatione
793 1714 867 1769 et
908 1707 1433 1801 proscriptione
1488 1706 1900 1803 bonorum,
1946 1719 2387 1817 improbissi·
2481 1808 2484 1811 Α

261 1827 426 1874 mus
446 1805 930 1902 reperiebare:
963 1834 1140 1881 num
1176 1814 1657 1886 malitiosum?
1688 1845 1838 1892 non
1860 1834 1881 1866 ¹
1912 1850 2169 1925 negas:
2201 1832 2383 1908 frau.

217 1930 227 1937 ·
256 1911 640 1985 dulentum
661 1916 692 1985 Ρ
713 1917 859 2012 jam
892 1917 968 1988 id
1002 1920 1299 2016 quidem
1330 1947 1619 2020 arrogas
1647 1927 1779 1999 tibi
1798 1985 1817 2018 ,
1849 1947 1923 2003 et
1960 1940 2379 2033 praeclarum

247 2037 508 2120 putas:
536 2024 925 2098 audacem?
966 2030 1364 2127 cupidum?
1398 2033 1916 2131 perfidiosum?
1945 2046 2263 2144 vulgaria
2306 2071 2380 2127 et

246 2131 581 2205 obsoleta
619 2150 832 2225 sunt3
878 2162 990 2208 res
1029 2154 1274 2210 autem
1309 2166 1497 2213 nova
1537 2160 1755 2243 atque
1787 2153 2129 2228 inaudita.
2181 2164 2377 2252 Quid

246 2266 422 2339 ergo
457 2244 624 2315 est?
656 2269 909 2316 vereor
953 2248 1399 2338 mehercule,
1442 2279 1535 2324 ne
1580 2271 1706 2327 aut
1737 2264 2181 2354 gravioribus
2217 2287 2378 2345 utar

243 2349 526 2439 verbis,
557 2376 778 2450 quam
816 2371 1075 2428 natura
1104 2356 1276 2447 fert,
1301 2376 1427 2432 aut
1455 2362 1880 2459 levioribus,
1911 2398 2130 2470 quam
2165 2405 2375 2457 causa

244 2462 590 2558 postulat.
637 2466 762 2535 Ais
796 2489 948 2536 esse
983 2467 1475 2542 vadimonium
1519 2473 1904 2552 dese‘rtum.
1950 2487 2293 2575 Quaesivit
2330 2521 2371 2567 a

248 2585 344 2657 te,
372 2575 618 2643 statim
645 2586 727 2643 ut
746 2579 1045 2647 Romam
1074 2577 1309 2666 rediit,
1339 2583 1705 2674 Quintius,
1731 2613 1882 2684 quo
1910 2590 2026 2664 die
2053 2598 2371 2674 vadimo-

246 2681 451 2749 nium
488 2682 683 2752 istuc
716 2679 986 2755 factum
1037 2711 1188 2759 esse
1228 2687 1499 2761 diceres
1532 2719 1548 2761 τ
1596 2699 2031 2793 respondisti
2083 2714 2324 2782 statim
2347 2769 2368 2802 ‚

246 2792 461 2861 nonis
476 2788 623 2862 feb.
639 2793 1031 2868 Discedens
1062 2799 1138 2866 in
1166 2804 1584 2872 memoriam
1604 2805 1816 2877 rediit
1833 2811 2024 2899 Quin
2034 2820 2198 2906 tim,
2214 2827 2363 2917 q'uo

246 2897 363 2969 die
392 2903 627 2971 Roma
651 2903 729 2971 in
762 2903 1060 2975 Galliam
1086 2906 1459 3004 profectus
1487 2916 1614 3000 sit;
1657 2913 1750 2985 ad
1776 2919 2310 3016 ephemeridem
2333 2944 2362 2976 ²

244 3013 677 3081 revertitur:
704 3014 1072 3086 invenitur
1120 3016 1271 3089 dies
1302 3020 1793 3117 profectionis»,
1824 3032 2010 3127 prid.
2045 3034 2184 3109 kal.
2215 3041 2357 3115 feb.

242 3120 479 3189 Nonis
506 3111 650 3191 feb.
679 3119 740 3191 si
772 3127 1014 3195 Romae
1042 3117 1218 3216 fuit,
1241 3154 1470 3201 causae
1503 3135 1605 3204 nil
1631 3134 1998 3230 dicimus³‚
2022 3151 2201 3242 quin
2229 3153 2358 3225 tibi

242 3226 742 3302 vadimonium
770 3238 1200 3330 promiserit.
1250 3241 1497 3330 Quid?
1533 3242 1673 3316 hoc
1719 3249 2024 3322 inveniri
2064 3263 2191 3353 qui
2231 3285 2362 3358 po-

244 3333 447 3408 test?
476 3333 837 3412 Profectus
878 3359 987 3415 est
1018 3371 1163 3417 una
1202 3354 1279 3420 L.
1316 3350 1568 3423 Albius
1589 3407 1609 3441 ‚
1654 3354 1877 3430 homo
1909 3385 2075 3434 cum
2108 3372 2358 3464 primis

243 3445 646 3519 honestusz
677 3448 870 3522 dicet
911 3458 1424 3531 testimonium.
1468 3469 1898 3563 Prosequuti
1945 3491 2116 3547 sunt
2160 3476 2361 3555 fami-³

243 3694 397 3742 mili„
420 3692 717 3760 quicumque
752 3696 829 3746 sui
855 3693 978 3760 juris
1007 3707 1110 3765 ent,
1136 3705 1186 3755 h.
1213 3697 1252 3758 1.
1344 3699 1588 3770 ἄίανίαηι,
1620 3713 1813 3764 libellus
1846 3728 1919 3767 est
1942 3720 1996 3768 in
2022 3738 2166 3787 quem
2190 3732 2357 3791 quoti.

243 3776 316 3821 vir
337 3773 527 3837 probu-
554 3786 606 3823 et
633 3776 761 3839 frugi
790 3778 1101 3840 significatur.
1344 3787 1499 3837 dianae
1518 3792 1733 3840 actiones
1754 3795 2042 3847 referuntur.

306 3855 500 3901 xvm,
532 3870 578 3901 x.
603 3854 789 3903 Aberat
817 3872 914 3904 non
929 3894 945 3916 ,
974 3878 1118 3924 quam
1141 3864 1198 3912 h.
1218 3864 1252 3915 1.
1412 3869 1461 3917 3.
1484 3868 1657 3919 Causae
1686 3872 1761 3921 ni!
1782 3874 2010 3928 dicimus.
2032 3880 2146 3928 Non
2170 3901 2358 3936 recusa<

239 3932 550 3978 neman-iam
574 3932 799 3980 voculam
826 3950 886 3982 ex
910 3937 1254 3992 sumntum.
1340 3958 1476 4009 mus,
1508 3966 1611 3998 non
1644 3951 1924 4006 infitiamur.
1962 3959 2193 4011 Notanda·
2224 3966 2361 4017 loona

241 4020 344 4073 pout
356 4009 525 4058 Lamb.
535 4009 744 4058 addidit.
760 4012 917 4062 Habet
930 4018 1073 4067 etiam
1089 4023 1251 4071 Gmt.
1342 4027 1429 4077 tio.
1452 4028 1532 4076 Sic
1558 4031 1754 4080 Terent.
1785 4057 1812 4076 κ
1830 4035 1944 4085 Non
1963 4055 2152 4089 causam
2172 4044 2326 4094 dicam
2344 4077 2366 4107 7

303 4106 356 4138 ο.
393 4088 787 4153 ΕΡΙιεηιει-ὶᾰειη.
818 4082 1047 4164 ἐφημερὶς
1066 4135 1081 4158 ,
1105 4100 1254 4150 latine
1341 4107 1463 4171 quin
1479 4141 1495 4168 ,
1522 4109 1660 4173 quod
1686 4112 2001 4177 morientem,
2037 4117 2122 4168 fiat
2143 4142 2184 4168 ι.

428 4179 484 4244 Ῐ.
539 4198 635 4244 δῖε.
652 4214 762 4259 pars
789 4203 985 4248 secunda
1008 4238 1021 4249 .
1601 4223 1607 4230 '
2128 4203 2175 4273 3
