3044 4788
586 418 693 488 IN
742 409 1160 486 VERREM
1210 413 1421 480 Ac‘r.
1467 413 1578 497 11,
1631 412 1814 481 Lm.
1868 414 1966 480 11.
2191 421 2328 512 497

190 594 195 597 -
235 540 767 613 familiaritatem
799 534 1257 636 pervenisset,
1279 535 1655 632 aliquoties
1680 535 1768 606 ad
1800 538 2070 606 socios⁷
2101 537 2340 610 literas

238 653 322 724 de
349 655 547 723 istius
573 653 853 746 injuriis
886 653 1191 719 miserat.
1225 646 1610 717 Canuleius
1631 670 1828 732 ver0,
1860 647 1987 741 qui
2016 649 2087 716 in
2120 667 2340 746 portu

238 756 629 858 Syracusis⁸
656 785 911 858 operas
941 757 1157 829 dabat
1174 809 1194 840 ‚
1211 754 1402 826 furta
1425 780 1725 859 quoque
1758 757 1962 826 istius
1986 760 2344 855 permulta

238 873 650 941 nominatim
689 869 779 940 ad
814 871 1045 944 socios
1078 866 1653 964 perscripserat9‚
1695 891 1779 936 ea
1804 892 1962 962 quae
1990 870 2142 939 sine
2187 894 2345 966 por-

235 984 497 1051 torio¹⁰
540 982 898 1076 Syracusis
954 989 1159 1048 erant
1200 988 1617 1071 exportata:
1669 991 1964 1073 portum
2003 994 2241 1049 autem
2276 998 2348 1052 et

233 1095 728 1187 scripturam¹¹
773 1087 1021 1158 eadem
1061 1086 1361 1155 societas
1395 1081 1727 1153 habebat.
1766 1089 1871 1155 Ita
1906 1085 2174 1158 factum
2211 1106 2349 1177 est,

233 1216 314 1271 ut
339 1214 575 1271 essent
606 1196 1001 1295 permulta,
1040 1217 1199 1290 quae
1233 1217 1321 1261 ex
1364 1193 1722 1262 societatis
1748 1193 1971 1265 literis
2002 1196 2240 1269 dicere
2275 1200 2349 1269 in

217 1313 447 1391 'istum
502 1332 584 1376 ac
637 1303 959 1403 proferre
1000 1325 1392 1398 possemus,
1430 1303 1704 1369 Verum
1738 1303 2023 1392 accidit,
2063 1323 2142 1379 ut
2180 1314 2351 1379 Car..

239 1417 550 1514 pinatius
568 1470 587 1502 ‚
617 1417 743 1510 qui
766 1414 914 1507 jam
947 1436 1114 1483 cum
1138 1412 1275 1480 isto
1304 1433 1585 1479 summa
1613 1412 2158 1504 consuetudine,
2183 1443 2357 1515 prae·

236 1542 430 1597 terea
462 1550 545 1609 ‚re
583 1550 663 1595 ac
710 1524 982 1593 ratione
1020 1520 1453 1614 conjunctus
1497 1535 1721 1607 esset,
1783 1522 2067 1595 crebras
2110 1544 2361 1624 postea

240 1637 475 1706 literas
502 1634 590 1705 ad
621 1635 853 1704 socios
880 1631 969 1702 de
995 1631 1200 1700 istius
1228 1632 1528 1699 summis
1565 1625 1824 1700 officiis
1866 1634 1942 1701 in
1981 1658 2130 1705 rem
2172 1662 2360 1708 com·

242 1770 533 1816 munem
572 1743 1084 1837 beneficiisque
1119 1742 1451 1809 mitteret.
1473 1742 1759 1808 Etenim
1798 1765 2026 1836 quum
2062 1737 2196 1815 iste
2220 1769 2369 1815 om·

243 1858 392 1941 nia,
456 1877 932 1951 quaecumque
982 1850 1432 1946 Carpinatius
1491 1848 1933 1946 postulabat,
1993 1851 2227 1926 facere
2286 1883 2368 1927 ac

238 1966 631 2051 decernere
683 1961 994 2047 solebat3
1035 1978 1190 2031 tum
1234 1958 1351 2028 ille
1388 1959 1602 2028 etiam
1641 1959 1850 2056 plura
1884 1962 2243 2061 scribebat
2275 1966 2364 2036 ad

240 2076 513 2159 socioS,
543 2088 655 2159 ut,
680 2075 734 2142 si
762 2058 1040 2168 posset,
1077 2093 1236 2166 quae
1277 2084 1486 2138 antea
1522 2070 2006 2167 scripserat12,
2035 2098 2118 2144 ea
2152 2076 2364 2173 plane

242 2185 749 2281 exstingueret.
786 2180 892 2251 Ad
921 2194 1325 2251 extremum
1351 2203 1546 2275 vero,
1565 2205 1794 2275 quum
1832 2185 1963 2253 iste
1989 2186 2136 2280 jam
2166 2184 2368 2258 dece·

242 2293 483 2381 debat,
511 2290 867 2387 ejusmodi
897 2292 1135 2361 literas
1163 2287 1251 2359 ad
1273 2314 1396 2359 eos
1416 2290 1631 2377 misit,
1652 2306 1734 2360 ut
1761 2292 1929 2363 huic
1951 2292 2370 2392 frequentes

245 2405 534 2477 obviam
573 2403 985 2500 prodirent,
1019 2404 1425 2498 gratiasque
1453 2417 1781 2497 agerent3
1813 2401 2127 2476 facturos
2165 2433 2278 2497 se,
2315 2413 2373 2480 si

180 2591 189 2601 ,
244 2513 430 2611 quid
465 2515 924 2609 imperasset,
970 2510 1286 2582 studiose
1325 2508 1855 2605 pollicerentur.
1901 2517 2155 2610 Itaque
2197 2520 2375 2589 socii

249 2624 612 2709 fecerunt,
641 2635 879 2691 vetere
908 2623 1241 2690 instituto
1270 2616 1828 2714 publicanorum
1863 2646 1882 2688 :¹
1913 2646 2061 2691 non
2090 2625 2288 2720 quod
2315 2625 2373 2670 ¹³
2447 2611 2459 2625 ⁸

247 2736 470 2805 istum
502 2731 649 2802 ullo
672 2730 951 2801 honore
972 2730 1267 2825 dignum
1297 2725 1838 2816 arbitrarentur,
1868 2730 1991 2801 sed
2019 2733 2219 2828 quod
2248 2760 2376 2807 sua

256 2845 601 2914 interesse
638 2837 1022 2937 putabant,
1059 2864 1134 2909 se
1158 2862 1512 2909 memores
1541 2852 1923 2936 gratosque
1958 2844 2380 2934 existimari,

330 3059 375 3104 7.
403 3042 491 3091 Ad
510 3042 681 3090 socios.
708 3040 768 3088 Id
791 3051 887 3099 est,
904 3038 1274 3104 publicanorum

249 3122 555 3170 societatem.

327 3204 376 3249 8.
415 3203 597 3264 Operas
632 3199 802 3246 dabat.
838 3200 1024 3261 Operas
1051 3195 1172 3243 dare
1197 3211 1275 3243 so·

250 3280 417 3326 cietati
459 3279 708 3346 dicebatur
742 3279 818 3334 is,
853 3277 938 3340 qui
971 3275 1276 3338 vectigalium

252 3369 363 3405 erat
383 3369 603 3414 exactor,
640 3356 749 3418 gall.
769 3373 834 3402 tm
855 3355 1068 3402 commis.
1096 3355 1276 3414 Hujus·

255 3436 396 3483 modi
422 3437 639 3483 homines
664 3435 837 3483 Cicero
857 3451 1011 3482 servos
1035 3431 1276 3482 societatis

252 3516 499 3579 appellat,
519 3515 606 3562 ins.
635 3532 715 3575 77.
729 3516 923 3563 Scilicet
939 3531 1089 3578 quum
1107 3516 1276 3561 Romoe

256 3605 398 3642 certo
421 3594 578 3656 pretio
617 3610 644 3640 a
680 3595 961 3641 censoribus
998 3594 1275 3658 vectigalia,

255 3688 372 3737 quae
398 3690 489 3737 pro
515 3674 829 3736 exportandis
852 3675 997 3722 rebus
1022 3691 1051 3722 a
1077 3675 1274 3736 provin·

255 3751 467 3800 cialibus
496 3751 848 3816 pendebantur,
875 3755 1129 3800 societates
1155 3751 1277 3800 redi-

254 3842 470 3888 merent,
510 3830 693 3878 socium
728 3831 938 3894 aliquem
981 3832 1034 3878 in
1077 3830 1278 3893 singulis

218 3945 225 3952 „
254 3909 529 3977 provinciae
559 3909 762 3958 urbibus
792 3909 1062 3966 habebant,
1098 3912 1184 3972 qni
1223 3926 1278 3955 ea

254 3990 490 4053 exigeret.
513 3989 593 4036 Sic
614 3989 774 4036 Vhler.
792 3990 1100 4044 Maxim.V1,
1132 4004 1189 4049 9,
1212 3990 1239 4036 8
1265 4001 1277 4034 :

254 4093 283 4110 κ
310 4072 363 4116 P.
386 4068 610 4133 Rupilius
633 4084 735 4115 non
758 4068 1068 4132 publicanum
1096 4067 1146 4113 in
1167 4067 1286 4114 Sici-

256 4149 326 4194 lia
356 4149 475 4213 egit,
492 4146 575 4194 aed
601 4163 771 4211 operas
792 4147 1065 4213 publicanis
1085 4146 1217 4196 dedit
1230 4170 1253 4187 υ
1266 4183 1282 4209 ,

462 4236 511 4301 l.
568 4253 657 4300 Cic.
675 4268 784 4312 pars
813 4250 1025 4298 secunda.

1361 3037 1425 3085 ad
1445 3053 1591 3099 quem
1614 3037 1782 3085 locum
1808 3038 2063 3090 doctorum
2082 3047 2385 3095 animadver-

1362 3117 1526 3164 siones
1542 3116 1639 3164 adi.

1433 3211 1487 3257 9.
1517 3195 1664 3258 Vulg.
1702 3199 2083 3260 «perscripserat
2113 3215 2197 3258 ea,
2221 3218 2329 3263 quae
2341 3227 2382 3250 ιο.

1362 3274 1409 3322 J.
1423 3275 1489 3321 V.
1511 3274 1565 3319 L.

1442 3369 1516 3399 to.
1558 3351 1672 3398 Sine
1699 3354 1941 3415 portorio.
1975 3357 2090 3403 Non
2132 3358 2298 3406 soluto
2322 3379 2382 3410 eo

1364 3431 1616 3493 vectigali,
1643 3431 1777 3493 qnod
1797 3447 1888 3494 pro
1918 3425 2201 3493 trajectione
2223 3454 2383 3488 rerum

1363 3522 1495 3556 trans
1525 3525 1696 3574 aquam
1713 3543 1731 3567 ,
1762 3509 2048 3562 debebatur.
2086 3542 2154 3551 —
2183 3517 2383 3567 Portum

1362 3589 1414 3635 h.
1432 3588 1466 3635 l.
1488 3587 1599 3652 gall.
1615 3589 1665 3635 Ia
1683 3588 1899 3639 douane.

1440 3688 1459 3717 1
1477 3687 1495 3718 ι
1509 3706 1524 3719 .
1543 3671 1832 3734 Scripturas.
1853 3675 2049 3723 Rectius
2064 3710 2078 3734 ,
2098 3689 2155 3725 nt
2172 3680 2382 3739 videtur,

1363 3749 1511 3797 babet
1533 3749 1824 3814 scripturam
1845 3753 1996 3814 prima
2015 3755 2230 3806 editione
2252 3762 2387 3809 Iam·

1365 3830 1533 3888 hinnu
1555 3827 1654 3877 'sed
1678 3831 1855 3880 exinde
1879 3836 2105 3883 mutavit.
2133 3838 2185 3884 J.
2201 3840 2267 3887 V.
2291 3844 2345 3888 1..

1443 3925 1526 3956 m.
1556 3910 1675 3970 Quae
1704 3922 1853 3958 antea
1878 3913 2156 3976 scripserat.
2181 3918 2255 3965 De
2272 3920 2391 3966 Ver-

1368 3989 1434 4036 ria
1457 3987 1649 4048 injuriis
1673 3990 1725 4035 in
1746 3991 2043 4041 societatem.

1447 4070 1531 4116 13.
1572 4068 1801 4131 scribunt
1848 4089 1943 4134 quo
1982 4075 2168 4122 Ernest.
2194 4076 2391 4126 Schiitz.

1370 4148 1468 4197 alii.
1489 4151 1521 4197 J
1526 4149 1614 4195 .V.
1635 4149 1688 4195 L.

2115 4240 2201 4309 32
