3044 4788
676 432 815 504 310
1268 435 1365 501 M.
1420 431 1499 498 T.
1554 429 2124 499 CICERONIS

669 579 797 625 ‘ros
825 578 972 625 xv11
993 577 1299 633 Nummos
1324 580 1340 625 :
1369 575 1660 634 annom
1683 575 1978 621 ,numm
2006 573 2129 619 n·s
2153 571 2506 619 SEXCENTA
2535 574 2844 624 amus.

669 669 825 737 Hoc
863 680 971 735 est
1004 669 1321 737 rationes
1358 661 1676 733 referre?
1713 660 1856 731 hoc
1892 657 2114 730 modo
2154 674 2281 730 aut
2320 656 2526 756 ego⁶,
2568 676 2715 733 aut
2757 677 2848 733 tu

670 774 1049 855 Hortensi,
1088 787 1212 845 aut
1258 774 1643 877 quisquam
1676 770 2060 843 hominum
2108 768 2398 840 retulit?
2434 770 2638 861 Quid
2685 771 2846 844 hoc

674 884 833 956 est?
869 908 1029 981 quae
1067 880 1559 980 impudentia?
1591 906 1753 979 quoe
1789 878 2125 950 audacia?
2163 878 2367 975 quod
2396 881 2842 976 exemplum

673 1021 763 1066 ex
790 1008 901 1065 tot
931 993 1312 1063 hominum
1344 990 1750 1062 rationibus
1778 989 2015 1060 relatis
2053 988 2472 1082 hujusmodi
2506 990 2661 1061 est?
2697 990 2843 1062 Illa

668 1119 914 1174 tamen
942 1107 1090 1173 H-S
1130 1117 1469 1175 sexcenta
1503 1102 1724 1173 millia
1748 1154 1769 1188 ‚
1814 1125 1976 1197 quae
2013 1123 2105 1170 ne
2143 1096 2323 1169 falso
2356 1097 2657 1195 quidem
2697 1125 2841 1198 po-

668 1213 848 1298 tuit,
899 1211 1166 1310 quibus
1204 1210 1368 1295 data
1408 1226 1674 1297 essent,
1710 1208 2116 1282 describere
2139 1261 2158 1294 ‚
2186 1233 2350 1306 quae
2389 1232 2464 1278 se
2506 1210 2838 1280 Arimini

677 1320 925 1392 scribit
951 1321 1346 1419 reliquisse,
1377 1346 1539 1419 quae
1568 1323 1722 1419 ipsa
1750 1324 1898 1391 H-S
1927 1334 2261 1391 sexcenta
2291 1320 2510 1393 millia
2537 1319 2838 1417 reliqua

677 1430 862 1503 facta
898 1446 1100 1519 sunt,
1150 1456 1391 1528 neque
1439 1428 1678 1501 Carbo
1730 1432 2005 1529 attigit,
2065 1455 2305 1527 neque
2355 1430 2549 1501 Sulla
2598 1432 2834 1519 vidit,

677 1567 917 1638 neque
976 1546 1055 1613 in
1092 1543 1424 1613 aerarium
1462 1540 1686 1612 relata
1740 1556 1931 1611 sunt.
1991 1539 2370 1637 Oppidum
2421 1538 2557 1609 sibi
2607 1539 2834 1638 elegit

680 1658 1125 1741 Ariminum,
1164 1652 1365 1751 quod
1406 1665 1599 1740 tum,
1633 1676 1866 1748 quum
1898 1651 2030 1721 iste
2071 1651 2388 1721 rationes
2422 1648 2830 1737 referebat,

680 1776 1153 1863 oppressum7
1190 1763 1709 1860 direptumque
1743 1776 1937 1832 erat:
1980 1785 2129 1830 non
2167 1758 2670 1858 suspicabatur
2717 1761 2832 1847 id,

680 1874 880 1973 quod
911 1876 1406 1963 nunc-sentiet
1425 1927 1444 1958 ‚
1478 1874 1646 1944 satis
1674 1869 1945 1942 multos
1974 1895 2065 1941 ex
2091 1870 2211 1942 illa
2244 1872 2646 1943 calamitate
2675 1875 2831 1942 Ari-

680 1985 1125 2055 minensium
1163 1996 1378 2054 testes
1432 1981 1648 2053 nobis
1689 1985 1765 2052 in
1817 1981 2005 2052 hanc
2055 2006 2212 2052 rem
2257 1981 2586 2079 reliquos
2643 2005 2828 2053 esse.

679 2097 926 2165 Recita
963 2091 1206 2162 denuo
1234 2118 1249 2160 ε
1277 2097 1351 2163 Ρ.
1392 2095 1732 2163 LENTULO
1754 2088 1809 2177 ⁸,
1841 2095 2284 2179 L.Tnmuo,
2323 2114 2832 2174 QnAEs'ronums

679 2231 1008 2294 nunnus,
1043 2231 1164 2277 aas
1197 2231 1578 2277 asnonmw
1616 2230 2075 2279 minumum.
2108 2207 2396 2276 Recita:
2435 2231 2519 2274 ex
2546 2230 2599 2276 s.
2633 2232 2695 2277 c.
2732 2210 2830 2277 Ut

680 2320 822 2391 hoc
849 2304 1061 2420 pacto
1084 2324 1442 2391 rationem
1467 2317 1736 2391 referre
1759 2320 2028 2408 liceret,
2051 2344 2140 2391 eo
2161 2318 2498 2390 Sullanus
2523 2334 2830 2419 repente

678 2429 908 2504 factus
953 2447 1100 2518 est,
1147 2459 1299 2503 non
1341 2446 1425 2502 ut
1460 2430 1700 2502 honos
1747 2446 1819 2502 et
1857 2430 2166 2528 dignitas
2203 2429 2566 2501 nobilitati
2617 2434 2828 2502 resti-

680 2552 1032 2614 tueretur.
1066 2541 1283 2633 Quod
1313 2543 1371 2613 si
1400 2541 1598 2612 illinc
1631 2542 1864 2611 inanis
1893 2539 2377 2639 profugisses‚
2411 2554 2657 2611 tamen
2693 2545 2828 2610 ista

681 2668 806 2725 tua
846 2652 1013 2751 fuga
1058 2649 1361 2739 nefaria,
1396 2649 1717 2750 proditio
1756 2651 2076 2722 consulis
2112 2655 2220 2721 tui
2254 2651 2597 2722 scelerata
2629 2650 2827 2746 judi-

681 2777 987 2834 caretur.
1007 2761 1239 2832 Malus
1259 2765 1461 2849 civis,
1484 2761 1867 2859 improbus
1891 2761 2167 2848 consul,
2196 2760 2579 2832 seditiosus
2601 2761 2829 2832 homo

678 2877 810 2944 Cn.
846 2870 1136 2942 Carbo9
1165 2870 1327 2941 fuit.
1358 2873 1602 2942 Fuerit
1629 2870 1823 2940 aliis:
1860 2868 1991 2940 tibi
2026 2869 2323 2967 quando
2361 2894 2515 2941 esse
2549 2871 2830 2970 coepit?

679 2996 1155 3081 posteaquam
1210 2981 1340 3053 tibi
1395 2982 1817 3079 pecuniam,
1867 3004 2020 3051 rem
2072 2978 2618 3056 frumentariam
2639 3035 2662 3067 ‚
2723 3006 2830 3052 ra-

680 3093 918 3166 tiones
969 3116 1224 3172 omnes
1280 3115 1445 3162 suas
1499 3091 2043 3186 exercitumque
2088 3091 2467 3160 commisit.
2531 3093 2722 3160 Nam
2769 3097 2828 3161 si

681 3201 813 3273 tibi
840 3218 1050 3275 antea
1070 3201 1554 3300 displicuisset
1578 3225 1597 3285 ;
1621 3197 1816 3270 idem
1842 3198 2167 3287 fecisseS,
2198 3199 2401 3296 quod
2435 3225 2632 3272 anno
2665 3215 2832 3300 post

750 3448 807 3494 6.
842 3448 984 3512 Ego,
1032 3458 1122 3495 aue
1165 3457 1235 3494 tu.
1284 3445 1460 3490 Fuerat
1508 3453 1712 3506 uterque

681 3535 928 3587 quaestor;
955 3526 1129 3576 Cicero
1154 3525 1206 3572 in
1230 3522 1415 3579 Sicilia,
1429 3537 1560 3569 anno
1580 3523 1712 3581 678;

681 3604 972 3650 Hortensius
999 3620 1130 3652 suno
1158 3603 1259 3663 673
1277 3637 1292 3661 ,
1325 3616 1423 3663 qun
1460 3602 1712 3664 provincia

683 3680 941 3727 incertum.

759 3774 805 3817 7.
846 3758 1157 3820 Oppressum.
1196 3760 1241 3805 A
1280 3756 1444 3815 Sulla3
1473 3757 1713 3821 prodente

682 3836 806 3883 illud
827 3836 1144 3884 Albinovano
1157 3871 1172 3894 ,
1201 3836 1325 3884 duce
1343 3838 1587 3884 Mariano.

758 3917 806 3962 8.
834 3918 891 3963 P.
923 3915 1143 3962 Lentulo.
1160 3915 1354 3963 Titulus
1377 3925 1447 3963 est
1466 3915 1713 3963 rationum

685 3994 870 4042 Verris.
903 3994 1094 4058 Nempe
1121 3997 1184 4043 Δ.
1219 3994 1281 4041 U.
1323 3994 1423 4052 672
1449 4005 1715 4056 quaestores

684 4084 823 4122 eraut
850 4076 907 4124 P.
939 4073 1172 4122 Lentulus
1188 4076 1309 4122 Sura
1332 4083 1381 4121 et
1411 4075 1467 4121 L.
1490 4072 1715 4121 Valerius

685 4153 924 4214 Triarius,
959 4153 1019 4202 ad
1064 4170 1188 4219 quos
1228 4153 1439 4202 rationes
1486 4151 1716 4201 retulerat

1799 3445 1994 3490 Verres.
2014 3441 2179 3489 Verba
2209 3457 2275 3488 ex
2314 3441 2438 3489 SCro
2472 3442 2647 3490 harum
2675 3442 2830 3507 prima

1800 3530 1914 3568 sunt
1943 3519 2107 3568 verba.
2136 3547 2209 3556 —-
2235 3522 2346 3569 Bes.
2376 3521 2504 3569 Gall.
2535 3521 2656 3569 έιαε.
2690 3524 2752 3570 Et
2790 3523 2832 3569 is

1800 3609 1874 3647 est
1894 3597 2067 3656 index,
2101 3615 2186 3648 seu
2215 3598 2401 3649 codicis
2428 3601 2721 3665 inscriptio,
2746 3618 2829 3649 seu

1798 3678 1953 3726 literae
1975 3679 2155 3742 quibus
2191 3683 2488 3743 consignata}
2518 3692 2657 3728 erant
2683 3684 2831 3729 ratio·

1802 3773 1887 3804 nes
1909 3759 2129 3804 omnium
2145 3794 2160 3817 ‚
2180 3757 2256 3804 bis
2281 3759 2608 3821 quaestoribus
2635 3760 2832 3808 urbanis

1802 3835 2060 3884 relatarum
2089 3853 2268 3885 rerum.

1874 3931 1922 3980 9.
1948 3916 2033 3964 Cn.
2057 3917 2228 3965 carbo.
2250 3916 2360 3962 Hoc
2388 3934 2449 3964 ex
2471 3918 2620 3965 animi
2638 3929 2832 3966 senteu-

1803 3997 1870 4044 tia
1895 3995 2065 4042 scribit
2091 3994 2291 4055 Cicero,
2311 3997 2397 4059 qui
2421 3996 2483 4043 ad
2513 3997 2628 4045 Div.
2648 3999 2743 4055 IX,
2765 4013 2827 4044 ar

1803 4075 1865 4122 de
1887 4074 1983 4121 boc
2009 4073 2231 4122 Carbone
2257 4074 2498 4138 loquens:
2524 4098 2549 4116 u
2570 4077 2708 4132 Hoc,
2747 4076 2831 4139 qui

1803 4153 2011 4218 Lilybaei
2039 4169 2067 4201 a
2106 4153 2344 4218 Pompeio
2382 4164 2554 4202 nostro
2584 4165 2660 4201 est
2687 4156 2832 4202 inter-
