3044 4788
679 420 839 513 ‘140
1371 423 2140 493 ARGUMENTUM.

754 561 975 627 septem
1000 557 1222 604 tantum
1252 544 1314 603 in
1340 557 1546 604 senatu
1581 544 1905 622 reliquerit,
1931 544 2209 617 morienS,
2234 562 2307 601 ex
2339 542 2409 602 iis
2435 563 2590 621 quos
2618 563 2827 604 oensor
2872 569 2885 580 ·

755 646 991 723 legerat.
1014 640 1328 712 Plin.V11,‘
1348 640 1440 710 48.
1461 641 1588 699 Val.
1611 645 1770 700 Max.
1791 644 1965 712 VIII,
2000 639 2101 709 13,
2130 648 2189 708 4.

830 745 979 799 Acta
1005 735 1236 797 videtur
1265 757 1438 797 causa
1472 742 1540 796 A.
1568 742 1640 797 U.
1667 741 1732 796 C.
1759 737 1895 809 677,
1937 740 2043 795 Cn.
2078 734 2358 808 Octavio,
2390 738 2471 794 M.
2504 736 2823 796 Scribonio

729 837 1008 913 ‘Curione
1036 854 1184 896 coss,
1212 847 1423 913 quarto
1454 853 1611 893 anno
1638 846 1772 912 post
1800 852 2029 893 causam
2058 837 2189 893 Sex.
2209 832 2407 892 Roscii
2427 835 2694 914 Amerini
2722 834 2825 892 de-

756 936 1010 1005 fensam,
1050 951 1234 1010 quum
1278 932 1483 991 Cicero
1528 951 1602 989 ex
1642 930 1784 989 Asia
1824 950 2091 990 reversus
2131 949 2348 987 annum
2395 944 2593 1008 ageret
2632 932 2824 990 aetatis

757 1050 876 1089 suae
915 1019 1168 1107 primuni
1207 1041 1265 1086 et
1310 1028 1686 1106 trigesimum.
1735 1027 1940 1086 Fannii
1984 1046 2215 1085 causam
2259 1026 2378 1105 agit
2415 1030 2479 1085 P.
2516 1029 2822 1100 Saturius,

756 1126 852 1185 cui
899 1144 1100 1183 rerum
1135 1124 1468 1202 capitalium
1508 1124 1891 1201 quaestionem
1932 1128 2007 1181 A.
2041 1128 2118 1183 U.
2160 1124 2276 1196 678
2318 1124 2525 1182 sortito
2566 1124 2821 1203 ingenii,

756 1220 1105 1302 diligentiae‚
1136 1220 1427 1299 religionis
1449 1221 1684 1278 laudem
1712 1220 1915 1278 tribuit
1939 1221 2142 1280 Cicero
2171 1240 2286 1298 pro
2317 1221 2615 1293 Cluentio,
2646 1242 2700 1277 c.
2720 1223 2821 1279 38.

760 1318 1093 1378 oratoriam
1121 1329 1314 1375 autem
1339 1317 1466 1394 ejus
1493 1318 1827 1376 facultatem
1854 1336 2012 1373 nnnc
2040 1315 2247 1374 irridet
2279 1318 2431 1374 infra
2455 1337 2583 1395 cap.
2613 1337 2715 1389 ¹03
2758 1334 2821 1376 at

754 1413 1117 1484 adversarius
1159 1412 1555 1471 adversarium
1601 1413 1845 1490 pungit,
1877 1424 1937 1470 et
1967 1431 2039 1470 ea
2084 1431 2312 1491 semper
2354 1412 2687 1472 oratoribus
2724 1415 2819 1473 lex
2896 1449 2905 1466 ι

755 1524 862 1582 est,
886 1522 952 1568 ut
973 1527 1160 1567 causae
1183 1509 1457 1588 primum,
1487 1509 1623 1567 dein
1650 1508 1881 1567 veritati
1910 1507 2182 1571 serviant.

829 1611 1014 1667 Causa
1049 1606 1189 1663 vicit
1208 1599 1465 1679 Tullius,
1498 1626 1572 1664 ex
1599 1625 1666 1664 ea
1696 1625 1906 1683 nempe
1934 1606 2160 1664 ratione
2185 1605 2347 1683 quod
2371 1605 2672 1683 judicibus
2704 1605 2815 1664 de-

754 1704 1107 1763 monstravit
1152 1702 1434 1761 Fannium
1476 1722 1719 1781 quoque
1757 1722 1869 1782 pro
1897 1704 2100 1759 damni
2116 1705 2244 1760 dati
2263 1703 2473 1774 injuria
2504 1704 2816 1782 pecuniam

762 1821 799 1859 a
824 1800 1027 1861 Flavio
1050 1798 1362 1877 accepisse.
2521 1790 2526 1794 ’

1373 2007 1384 2016 ·
1485 1988 1994 2060 sYNoPs1s.

736 2182 953 2242 Huiusce
977 2181 1213 2231 ontionis
1238 2182 1327 2230 vix
1358 2192 1493 2232 sexta
1513 2197 1627 2248 pars
1648 2181 1713 2230 ed
1736 2197 1829 2231 uos
1851 2178 2075 2248 pervenit
2112 2176 2314 2243 integre.
2344 2179 2495 2226 Deest
2516 2178 2644 2223 euim
2672 2191 2817 2223 exor-

670 2269 835 2329 dium,
859 2270 1098 2330 narratio,
1131 2271 1341 2318 maxima
1368 2287 1483 2336 pars
1509 2271 1843 2318 contentionis
1870 2280 1920 2317 et
1942 2267 2210 2334 peroratio.

740 2356 892 2420 Quod
927 2369 1147 2424 superest
1180 2357 1242 2407 de
1265 2358 1582 2408 contentione
1601 2367 1763 2423 partes
1793 2357 1938 2408 hebet
1963 2355 2110 2417 duas,
2143 2352 2569 2404 confirmationem
2599 2361 2649 2400 et
2684 2367 2815 2400 eon-

672 2444 983 2494 futationem.

734 2532 1014 2597 Propositio
1041 2533 1491 2583 Gonnum-mm
1526 2533 1618 2581 tria
1643 2531 1696 2579 iu
1727 2541 2011 2595 argumenta
2036 2529 2368 2585 distribuitur.
2391 2527 2637 2590 I’ecunie,
2661 2543 2815 2592 quam

667 2621 876 2672 Fannius
901 2621 1027 2685 petit
1045 2653 1062 2680 ‚
1088 2637 1118 2669 a
1145 2621 1332 2669 Roscio
1358 2636 1464 2668 non
1491 2620 1719 2679 debetur,
1748 2622 1865 2683 quia

740 2704 793 2756 1⁰
815 2710 1027 2758 Fannius
1043 2719 1216 2757 mutuo
1239 2708 1364 2757 nihil
1384 2707 1522 2756 dedit
1540 2708 1749 2756 Roscio.

734 2794 795 2859 ²⁰
820 2798 1035 2847 Fannius
1060 2798 1308 2847 societatis
1335 2797 1536 2845 nomine
1562 2797 1825 2862 pecuniam
1852 2810 1956 2843 non
1978 2794 2232 2861 expendit.

733 2881 794 2934 3⁶
820 2886 1007 2934 Fannio
1029 2886 1239 2939 Roscius
1260 2886 1384 2939 nihil
1411 2886 1654 2951 promisit.

731 2973 948 3021 Primum
969 2985 1338 3039 argumentum,
1364 2984 1641 3039 temporum
1672 2973 1852 3035 injuria
1882 2971 2045 3037 periit.
2083 2970 2365 3020 Secundum
2410 2983 2518 3018 nou
2564 2979 2642 3017 est
2679 2967 2811 3018 iute-

666 3074 843 3125 grum:
873 3060 929 3108 in
955 3077 1037 3121 ea,
1071 3077 1184 3125 quae
1209 3061 1395 3127 reliqua
1427 3073 1500 3110 est
1539 3072 1706 3128 parte,
1737 3060 2099 3109 demonstretur
2127 3074 2233 3107 nou
2258 3057 2437 3108 tubulis
2463 3056 2564 3105 suis
2598 3056 2815 3122 probare

665 3148 903 3198 Fannium
925 3165 1070 3214 posse
1092 3166 1145 3198 se
1171 3150 1418 3199 societatis
1441 3151 1641 3199 nomine
1665 3149 1924 3214 pecuniam
1951 3147 2240 3212 expendisse
2255 3181 2270 3207 ,
2301 3161 2347 3207 1,
2381 3162 2430 3209 2,
2456 3148 2506 3196 3.
2542 3146 2596 3194 Si
2622 3161 2733 3194 vere
2758 3147 2811 3194 ei

662 3247 793 3287 eertn
820 3238 1042 3303 pecunie
1068 3254 1252 3286 summa
1291 3238 1576 3298 deberetur,
1599 3253 1701 3286 non
1738 3236 1803 3284 ad
1829 3236 2064 3285 arbitrum
2091 3236 2305 3301 primum
2323 3269 2342 3296 ‚
2376 3233 2557 3283 deinde
2580 3234 2648 3282 ad
2676 3233 2810 3296 judi-

664 3342 772 3375 eem
803 3326 988 3375 iturum
1021 3325 1189 3375 fuisse.
1217 3326 1318 3388 Qui
1345 3341 1520 3389 nempe
1546 3325 1611 3373 ed
1636 3325 1875 3373 arbitrum
1899 3323 2225 3387 confugiunt,
2256 3338 2358 3371 nou
2392 3321 2645 3371 definitum
2668 3337 2808 3368 smn-

663 3428 790 3462 mnm
814 3426 1072 3480 repetunt,
1098 3412 1186 3461 sed
1211 3413 1324 3478 plus
1350 3422 1436 3461 aut
1464 3412 1626 3460 minus
1649 3413 1939 3476 impetrant,
1971 3421 2124 3475 prout
2158 3410 2342 3458 arbitro
2369 3396 2564 3474 aequum
2586 3407 2807 3459 videtur.

662 3503 794 3565 Bego
809 3503 936 3549 male
965 3505 1068 3568 agit
1099 3501 1331 3560 Fannius,
1357 3500 1444 3566 qui
1479 3516 1612 3549 nune
1637 3511 1825 3553 eertum
1852 3500 2008 3566 petit3
2041 3511 2094 3548 et
2134 3514 2279 3548 cause
2308 3498 2451 3546 endst
2472 3513 2669 3546 neeesse
2705 3507 2803 3545 est.

659 3589 690 3635 J
696 3588 828 3637 udex
858 3590 989 3638 enim
1018 3590 1226 3639 formula
1256 3606 1343 3638 sua
1378 3589 1732 3654 constringitur
1753 3624 1770 3651 ‚
1801 3600 1855 3638 et
1892 3589 1954 3636 ab
1991 3605 2047 3637 ea
2087 3587 2313 3637 recedere
2355 3603 2419 3635 ne
2460 3602 2562 3634 uno
2602 3583 2803 3649 quidem

661 3674 817 3723 verbo
841 3687 1029 3740 potest3
1066 3677 1134 3725 ita
1157 3689 1241 3739 ut,
1266 3679 1410 3727 etiam
1437 3678 1480 3726 si
1510 3677 1626 3745 plus
1648 3688 1732 3726 eut
1757 3677 1919 3741 minus
1954 3678 2058 3726 11-s
2097 3676 2446 3741 quinquaginta
2470 3672 2685 3721 millibus
2711 3671 2805 3718 de·

632 3746 637 3752 ”
666 3761 775 3810 beri
803 3763 1075 3829 intelligat,
1098 3782 1161 3815 ex
1181 3767 1390 3816 formula
1421 3778 1585 3816 tamen
1611 3783 1747 3815 reum
1785 3765 2023 3814 absolvat.
2055 3766 2129 3821 De
2176 3762 2396 3813 formulis
2421 3762 2534 3809 vide
2574 3762 2716 3826 plura
2740 3759 2808 3808 ad

664 3850 849 3898 calc-em
875 3852 1138 3901 voluminis
1163 3844 1411 3916 hujus‚'in
1434 3870 1645 3904 excursu
1672 3855 1751 3902 De
1776 3854 1951 3902 ordine
1972 3852 2357 3915 exercendorum
2376 3849 2697 3913 judiciorum.

728 3936 873 3986 Nune
918 3937 1274 3988 confirmationi
1303 3944 1744 3990 Connus-tonna
1780 3941 2034 4005 subjungit
2069 3951 2269 3997 orator,
2311 3939 2362 3987 5.
2388 3940 2706 3986 Demonstrat
2746 3935 2805 3982 in

660 4025 892 4074 Roscium
909 4061 923 4086 ,
959 4037 1014 4074 ut
1041 4028 1199 4076 virum
1231 4029 1498 4093 optimum,
1535 4044 1638 4077 non
1676 4028 1849 4079 cadere
1889 4029 2217 4095 suspicionem
2238 4062 2256 4089 ‚
2288 4044 2402 4075 eum
2436 4026 2625 4073 socium
2656 4041 2803 4072 suum

634 4113 880 4162 ‘fraudare
912 4116 1161 4179 voluisse,
1195 4127 1362 4165 contra
1386 4117 1437 4164 in
1470 4116 1642 4165 Fannii
1683 4118 1931 4180 ingenium
1968 4117 2208 4180 ejusmodi
2240 4115 2469 4165 malitiam
2501 4113 2774 4162 convenire
2793 4147 2809 4171 ,
