3044 4788
265 456 1373 481 mmmmm*
1381 456 1564 475 mm
1570 457 2124 477 mmmmm
2129 459 2213 478 m
2223 460 2405 479 mm

501 675 750 782 ALI
778 675 973 780 UD
1036 672 2167 779 ARGUMENTUM.

262 940 460 1010 Quum
487 933 694 994 Cicero
718 933 944 993 actione
966 932 1176 1012 prima,
1200 931 1414 993 tabulis
1441 952 1508 991 ac
1541 930 1787 991 testibus
1807 936 2055 992 Verrem
2088 932 2377 997 obruisset
2392 979 2409 1007 ,

340 1030 674 1090 vehementi
699 1027 824 1106 ejus
845 1028 1068 1107 impetu
1098 1028 1412 1087 exterritus
1432 1027 1811 1101 Hortensius,
1850 1031 1923 1085 de
1950 1042 2104 1087 statu
2130 1034 2287 1087 omni
2305 1035 2411 1088 de-

327 1129 517 1201 jectus
574 1140 696 1196 est,
750 1147 854 1184 uec
892 1147 1009 1203 pro
1047 1125 1343 1200 familiari
1389 1145 1487 1182 reo
1539 1146 1793 1187 summus
1841 1140 2035 1185 orator
2079 1132 2409 1204 respondit3
2498 1182 2507 1190 .

342 1231 509 1290 Orat.
542 1226 637 1299 37.
660 1226 877 1284 Verres
918 1225 1077 1303 ipse,
1119 1236 1431 1301 antequam
1460 1242 1535 1282 ex
1576 1222 2191 1302 comperendinatione
2240 1245 2412 1284 causa

341 1323 553 1383 iterum
584 1325 678 1401 agi
702 1336 931 1402 posset,
963 1322 1026 1381 in
1056 1320 1324 1380 exsilium
1349 1314 1515 1379 abiitL
1544 1326 1742 1395 Quum
1773 1339 1914 1379 vero
1941 1321 2006 1380 in
2031 1321 2143 1380 hac
2171 1341 2410 1382 accusa-

344 1421 502 1480 tione
547 1440 711 1480 suam
755 1420 1149 1498 eloquentiam
1193 1418 1495 1479 continere
1543 1438 1611 1478 ac
1651 1420 1951 1479 refrenare
1987 1433 2223 1481 coactus
2264 1434 2414 1480 esset

344 1517 579 1589 Cicero,
604 1535 827 1593 neque,
860 1535 972 1595 pro
998 1516 1087 1574 rei
1113 1516 1397 1593 gravitate
1436 1534 1505 1572 ac
1548 1534 1654 1574 sua
1682 1513 1916 1574 dicendi
1954 1515 2161 1585 laude,
2203 1519 2415 1576 oratio-

346 1632 481 1672 nem
505 1611 722 1673 habere
746 1612 1061 1692 potuisset,
1084 1612 1199 1672 hoc
1223 1613 1287 1671 in
1312 1610 1572 1671 secunda
1602 1612 1832 1671 actione
1863 1615 2052 1671 facere
2079 1614 2411 1686 constituit3

343 1722 405 1769 et
434 1711 697 1789 quamvis
720 1710 870 1770 hanc
901 1723 1034 1769 non·
1049 1722 1433 1789 exspectasset
1452 1714 1691 1782 Verres,
1723 1711 1898 1768 istum
1922 1723 2114 1769 tamen
2137 1710 2275 1769 totis
2298 1711 2417 1769 elo-

345 1808 597 1886 quentiae
622 1807 843 1867 viribus
865 1808 1092 1886 insequi
1112 1808 1318 1881 voluit,
1339 1820 1396 1865 et
1415 1807 1586 1866 simul
1605 1807 1875 1886 querenti
1894 1807 2241 1880 Hortensio,
2260 1827 2413 1869 nova

344 1905 457 1966 hac
506 1905 715 1984 agendi
756 1906 982 1966 ratione
1025 1924 1373 1985 oppressum
1408 1904 1585 1963 fuisse
1630 1924 1827 1976 reum,
1881 1903 2190 1966 ostendere
2230 1905 2416 1965 multo

345 2002 571 2061 facilius
590 2022 765 2062 causa
792 2022 1060 2062 casurum
1091 2003 1265 2062 fuisse
1280 2006 1526 2061 Verrem
1543 2044 1561 2073 ,
1607 2001 1657 2060 si
1684 2001 1808 2079 ejus
1842 2001 2105 2063 facinora
2135 2000 2210 2065 ab
2239 2022 2414 2061 accu-

341 2113 533 2159 satore
567 2100 813 2159 fuissent
844 2100 1170 2179 explanata.
1198 2098 1470 2169 Studium
1508 2099 1635 2177 ejus
1675 2098 1909 2158 forense
1938 2111 2226 2178 praeterea
2258 2118 2415 2157 sem-

300 2230 315 2249 ·
343 2216 449 2274 per
501 2197 563 2256 in
616 2196 942 2256 amicorum
991 2195 1332 2261 defensione
1378 2208 1672 2255 versatum
1725 2196 1914 2254 fuerat
1932 2238 1951 2267 ‚
2000 2215 2192 2274 neque
2246 2208 2415 2263 antea

340 2312 694 2372 quemquam
729 2306 1062 2367 accusarat;
1092 2293 1255 2370 quod
1303 2312 1486 2372 quum
1528 2294 1744 2352 faceret
1786 2292 2073 2370 denique,
2120 2292 2321 2352 statuit
2354 2294 2412 2350 in

353 2389 468 2452 hoc
503 2412 623 2451 uno
656 2412 759 2451 reo
793 2392 911 2452 vim
939 2392 1079 2452 artis
1116 2392 1490 2453 accusatoriae
1527 2391 1949 2470 demonstrare3
1976 2404 2035 2452 et
2072 2405 2414 2471 perpetuam

352 2490 700 2567 conscripsit
730 2491 1019 2550 actionem
1045 2490 1386 2563 secundam,
1433 2491 1595 2550 libris
1622 2491 1882 2569 quinque
1906 2488 2184 2562 divisam,
2212 2490 2274 2548 in
2301 2509 2415 2567 qua

354 2585 524 2659 finxit
540 2591 784 2645 Verrem
809 2587 1385 2668 comperendinatum
1421 2587 1482 2646 in
1518 2586 1743 2665 judicio
1783 2586 2013 2657 adesse,
2063 2585 2418 2664 respondere

356 2693 417 2739 et
438 2681 693 2740 defendi.

433 2783 583 2838 Tota
618 2781 909 2839 accusatio
953 2783 1013 2844 in
1049 2795 1306 2860 quatuor
1334 2782 1527 2860 capita
1554 2780 1962 2852 distribuitur3
1991 2798 2245 2859 quorum
2280 2779 2417 2848 tria,

352 2889 659 2954 quaesturae
692 2876 1001 2950 nimirum3
1045 2880 1346 2958 legationis
1378 2879 1442 2937 in
1473 2877 1642 2951 Asia,
1682 2877 1903 2938 Achaia
1942 2890 2002 2936 et
2038 2876 2418 2956 Pamphylia;

354 2986 414 3031 et
444 2986 716 3053 praeturae
738 2974 1004 3048 urbanae,
1046 2976 1203 3036 unde
1234 2975 1410 3036 traxit
1440 2995 1654 3038 nomen
1683 2975 1875 3033 oratio
1897 3018 1915 3046 ‚
1942 2975 2057 3033 hoc
2089 2974 2244 3034 libro
2267 2994 2415 3036 con-

357 3072 630 3131 tinentur.
652 3077 942 3146 Quartum
965 3088 1171 3154 caput,
1195 3074 1270 3134 de
1293 3089 1551 3154 praetura
1570 3073 1861 3135 Siciliensi
1883 3121 1903 3149 ‚
1923 3074 2088 3151 quod
2110 3073 2419 3152 proprium

354 3181 443 3227 est
473 3167 714 3245 hujusce
739 3171 1075 3249 quaestionis
1097 3170 1174 3230 de
1196 3171 1538 3250 repetundis
1555 3215 1573 3243 ‚
1614 3172 1675 3228 in
1701 3182 1977 3248 quatuor,
2006 3169 2111 3248 qui
2139 3170 2298 3228 hunc
2324 3190 2420 3228 se-

356 3278 639 3343 quuntur,
670 3266 834 3327 libris
860 3279 1165 3328 tractatur.
1204 3273 1400 3342 Quum
1436 3287 1579 3327 vero
1615 3286 1742 3326 mos
1771 3281 1922 3326 esset
1942 3267 2100 3346 apud
2125 3270 2421 3328 Romanos

360 3373 425 3420 ut
448 3374 750 3420 accusator
771 3383 891 3422 non
918 3383 990 3422 ea
1024 3377 1249 3422 tantum
1288 3375 1638 3441 exponeret,
1683 3382 1816 3440 quae
1844 3361 1920 3422 ad
1949 3362 2143 3441 ipsum
2170 3361 2419 3434 crimen,

355 3458 433 3516 de
460 3477 581 3536 quo
613 3460 938 3538 postulatus
964 3473 1113 3524 esset
1140 3479 1306 3532 reus»,
1346 3460 1741 3538 pertinerent,
1788 3458 1890 3518 sed
1924 3471 1984 3517 et
2019 3472 2201 3517 totam
2243 3458 2420 3517 vitam

358 3566 680 3615 anteactam
703 3555 1032 3634 indagaret,
1075 3557 1135 3618 in
1173 3557 1291 3617 hoc
1332 3556 1526 3635 primo
1552 3555 1707 3616 libro
1734 3555 1937 3615 Verris
1973 3555 2188 3634 flagitia
2220 3554 2358 3615 inde
2387 3576 2419 3613 a

357 3664 652 3727 qnaestura
674 3672 858 3730 usque
880 3652 956 3711 ad
979 3668 1293 3732 praeturam
1314 3652 1595 3712 urbanam
1615 3665 2012 3731 exponuntur.
2032 3657 2249 3730 Estque
2273 3652 2421 3712 adeo

358 3747 455 3805 hic
479 3747 630 3807 liber
650 3750 816 3827 quasi
842 3750 1204 3811 introductio
1227 3752 1304 3811 ad
1329 3753 1512 3831 ipsam
1539 3752 1970 3812 accusationem
1985 3795 2004 3824 ‚
2032 3764 2100 3810 ut
2124 3750 2422 3829 praemissa

361 3863 430 3903 ea
449 3846 665 3904 scelera
690 3845 970 3922 majorem
993 3861 1325 3924 sequuturae
1348 3848 1701 3908 accusationi
1735 3848 1910 3907 fidem
1942 3847 2222 3920 asserant,
2258 3862 2318 3906 et
2350 3847 2422 3905 ad

362 3961 515 4000 nova
554 3943 870 4003 Siciliensis
915 3957 1184 4021 praeturae
1228 3947 1480 4006 facinora
1516 3945 1745 4024 judices
1782 3947 1947 4025 quasi
1991 3966 2164 4010 manu
2209 3945 2423 4006 ducere

363 4038 689 4099 videantur.

443 4141 706 4200 Fuerunt
734 4138 873 4199 olim
896 4138 1000 4217 qui
1031 4153 1250 4217 septem
1279 4143 1570 4202 orationes
1590 4143 1864 4216 verrinas
1885 4151 2257 4204 numerarent
2279 4157 2422 4200 con-
