3044 4788
624 396 1225 474 mvl'znssssm
1270 403 1488 470 ACT.
1542 404 1655 484 11,
1707 403 1890 471 Lus.
1944 402 2050 470 ΙΙ.
2265 405 2407 496 409

276 523 572 625 quidam
592 578 612 611 ‚
639 526 844 595 istius
861 548 1202 596 excursor
1234 538 1306 593 et
1333 519 1808 611 emissariusss,
1838 522 2056 594 homo
2082 523 2410 593 omnium

277 662 368 708 ex
394 637 520 707 illo
550 650 921 706 conventu
948 633 1593 732 quadruplatorum
1630 632 2126 722 deterrimus⁷‚
2170 638 2247 704 C.
2286 637 2409 703 Sa-

278 746 571 818 cerdote
628 744 933 845 praetore
990 743 1513 816 condemnatus
1564 742 1988 837 injuriarum
2017 739 2069 812 ⁸.
2125 744 2434 814 Etenim-

278 872 432 929 erat
473 856 825 952 ejusmodi
860 880 1109 942 causa,
1145 868 1229 924 ut
1267 855 1421 952 ipse
1464 867 1753 951 praetor,
1789 878 2020 950 quum
2058 866 2411 949 quaereret

278 966 871 1038 calumniatorem
894 1019 914 1053 ,
958 963 1202 1062 paullo
1245 977 1489 1034 tamen
1534 963 2166 1034 consideratiorem
2202 987 2411 1060 repe-

276 1081 423 1149 rire
465 1101 616 1147 non
657 1090 922 1175 posset.
961 1080 1173 1145 Hunc
1215 1074 1641 1144 hominem9
1674 1075 2020 1145 Veneri¹⁰
2066 1070 2414 1157 absolvit,

279 1185 416 1258 sibi
459 1185 898 1259 condemnat
943 1214 960 1257 ε
1006 1185 1257 1256 maluit
1305 1182 1637 1254 videlicet
1690 1181 2022 1254 homines
2081 1205 2417 1280 peccare,

279 1322 500 1393 quam
530 1296 739 1384 deos;
762 1320 839 1368 se
858 1295 1102 1394 potius
1120 1320 1159 1365 a
1177 1298 1412 1365 Dione
1430 1348 1449 1382 ‚
1473 1293 1675 1390 quod
1696 1318 1849 1364 non
1867 1292 2131 1364 licebat
2147 1347 2166 1380 ‚
2196 1315 2416 1389 quam

276 1410 634 1478 Venerem
655 1460 676 1494 ,
702 1404 903 1503 quod
931 1430 1080 1476 non
1113 1402 1542 1491 debebatur,
1579 1400 1884 1474 auferre.
1913 1400 2108 1492 Quid
2134 1426 2270 1499 ego
2297 1401 2416 1472 hic

281 1541 481 1588 nunc
509 1520 695 1587 Sext.
748 1515 1071 1613 Pompeii
1103 1513 1351 1586 Chlori
1386 1514 1884 1584 testimonium
1918 1516 2215 1583 recitem
2235 1568 2253 1598 ,
2285 1512 2417 1608 qui

282 1650 566 1697 causam
596 1627 741 1722 egit
776 1624 1030 1696 Dionis
1051 1678 1070 1712 ,
1107 1626 1236 1721 qui
1268 1623 1614 1695 omnibus
1643 1621 1862 1695 rebus
1899 1619 2260 1710 interfuit,
2290 1619 2419 1692 ho-

282 1737 500 1807 minis
546 1736 1072 1822 honestissimi,
1142 1735 1425 1806 tametsi
1489 1735 1663 1805 civis
1722 1756 2070 1804 romanus
2135 1732 2419 1802 virtutis

283 1871 495 1918 causa
513 1846 795 1942 jamdiu
827 1861 970 1934 est,
1002 1861 1251 1916 tamen·
1278 1846 1607 1917 omnium
1644 1842 2050 1914 Siculorum
2088 1842 2303 1940 primi
2336 1866 2420 1912 ac

284 1954 763 2039 nobilissimi?
808 1955 1001 2045 Quid
1034 1958 1258 2054 ipsius
1285 1957 1374 2069 Q.
1403 1953 1664 2025 Caecilii
1702 1956 1961 2024 Dionis
1986 1964 2070 2041 ¹¹,
2104 1952 2420 2022 hominis

284 2064 767 2163 probatissimi
804 2074 888 2136 ac
930 2064 1520 2163 prudentissimi?
1562 2063 1756 2154 Quid
1800 2061 2258 2134 L.Vetecillii
2297 2064 2418 2133 Li·-
2451 2070 2452 2073 ’

282 2178 509 2271 garis,
534 2180 611 2246 T.
633 2174 914 2263 Manlii,
952 2180 1028 2245 L.
1066 2175 1357 2246 Caleni?
1381 2200 1700 2272 quorum
1735 2175 2064 2246 omnium
2092 2176 2419 2244 testimo-

281 2286 420 2356 niis
453 2285 542 2356 de
565 2285 701 2356 hac
733 2286 988 2357 Dionis
1024 2288 1332 2383 pecunia
1357 2283 1866 2357 confirmatum
1895 2297 2022 2356 est.
2056 2284 2253 2354 Dixit
2279 2282 2422 2354 hoc

282 2393 471 2466 idem
512 2400 610 2466 M.
642 2394 1027 2484 Lucullu5‚
1071 2421 1147 2467 se
1184 2394 1275 2467 de
1314 2394 1429 2466 his
1463 2397 1720 2467 Dionis
1762 2392 2243 2466 incommodis
2286 2419 2421 2491 pro

281 2503 603 2601 hospitio
626 2558 645 2592 ‚
679 2504 879 2600 quod
916 2503 1052 2576 sibi
1085 2529 1254 2576 cum
1292 2529 1382 2577 eo
1419 2519 1644 2595 esset,
1666 2506 1815 2600 jam
1844 2519 2012 2575 ante
2048 2529 2417 2601 cognosse.

285 2613 529 2702 Quid?
560 2614 903 2686 Lucullus
923 2669 942 2703 ‚
971 2617 1099 2712 qui
1124 2631 1284 2687 tum
1318 2618 1394 2686 in
1421 2613 1843 2687 Macedonia
1864 2625 1923 2658 ¹²
1957 2615 2132 2701 fuit,
2168 2615 2422 2685 melius

355 2860 407 2907 6.
433 2860 687 2908 Exeat-sor
710 2871 759 2907 ee
780 2859 1067 2909 emissarius.
1085 2860 1310 2909 Transla-

284 2940 357 2987 tio
400 2950 476 2987 est
508 2956 535 2987 a
575 2941 770 2999 militia,
804 2940 858 2987 in
893 2956 989 3003 qua
1028 2957 1309 2990 excursores

1397 2861 1577 2925 igitur,
1622 2859 1950 2923 ambiguitatis
1999 2858 2208 2906 vitandae
2257 2873 2421 2918 eausa,

1400 2962 1423 2980 ··
1446 2941 1546 2988 Iste
1565 2940 1774 2987 Dionem
1792 2957 1843 2987 v.
1858 2956 1904 2988 a.
1916 2962 1940 2980 ι·
1967 2938 2188 2985 Felieiter
2207 2936 2423 3001 quidem,

282 3019 704 3084 praemittebantur
738 3018 1030 3083 explorandi
1069 3019 1312 3068 tentandi-

283 3115 381 3162 que
399 3100 565 3162 gratia,
577 3098 709 3147 unde
729 3116 858 3165 saepe
875 3098 1055 3164 praedoe
1073 3099 1307 3162 ingentes.

285 3181 461 3226 Verres
480 3180 648 3243 igitur,
675 3194 734 3227 ex
762 3178 1056 3243 quibusdam
1075 3179 1211 3241 quasi
1230 3195 1309 3226 ea·

285 3257 397 3305 stris
425 3269 583 3306 certos
608 3258 831 3307 homines
859 3257 1108 3308 emittebat
1132 3258 1310 3323 praedae

286 3353 457 3397 eausa5
492 3338 643 3401 hique
687 3338 873 3402 optime
914 3353 1197 3386 excursores
1236 3337 1309 3385 di·

286 3401 483 3464 cuntur.

361 3510 408 3554 7.
436 3493 745 3542 Decet-rimus.
772 3499 972 3545 Hotom.
1002 3505 1051 3543 et
1078 3495 1308 3543 Gulielm.

285 3573 546 3637 legendum
572 3574 830 3623 censebant
853 3574 1137 3624 teterrimus.

362 3654 411 3700 8.
439 3651 752 3717 lujat-iarum.
777 3655 924 3701 Actio
956 3654 1036 3701 illa
1074 3655 1311 3720 competit

285 3733 340 3780 in
383 3748 494 3779 eum
539 3732 624 3794 qui
670 3732 878 3796 aliquem
925 3734 1213 3798 pulsaverit,
1258 3736 1311 3782 in

288 3811 497 3859 alienam
523 3811 724 3859 domum
748 3812 799 3859 vi
825 3813 1093 3871 introierit,
1111 3825 1206 3861 etc.

360 3906 410 3953 9.
430 3893 574 3937 Hunc
595 3890 851 3939 hominem.
880 3892 1113 3941 Dionem.
1142 3892 1313 3940 Aduo⁴

289 3980 359 4018 tat
382 3969 563 4017 Sehfitz
594 3968 839 4018 hominem
866 3971 1034 4018 referri
1068 3971 1221 4018 videri
1253 3971 1314 4020 ad

288 4049 515 4098 Navium
534 4051 850 4113 Turpionem,
869 4050 952 4112 qui
974 4051 1195 4114 proxime
1217 4061 1318 4097 erat

292 4129 478 4176 -homo
498 4130 770 4178 teterrimus
787 4153 812 4172 »ι
830 4128 1117 4194 appellatus.
1141 4130 1319 4180 Scribit

1399 3019 1484 3067 sed
1508 3018 1611 3067 sine
1639 3018 1783 3066 MSS.
1811 3019 2039 3066 Ceterum
2070 3033 2237 3064 sensus
2264 3032 2352 3080 per
2373 3030 2423 3061 se

1397 3102 1512 3148 satis
1530 3109 1682 3165 patet.
2379 3157 2388 3166 .

1473 3195 1556 3228 ιο.
1583 3176 1757 3225 Veneri
1777 3176 2000 3224 absolvit.
2013 3174 2165 3238 Quod
2186 3172 2250 3221 ad
2268 3176 2427 3219 Vene-

1398 3275 1496 3306 rem
1522 3260 1724 3313 attinet,
1750 3273 1861 3304 eum
1886 3255 2100 3303 absolvit
2118 3288 2133 3313 ,
2166 3264 2215 3301 et
2241 3251 2425 3299 indicat

1391 3338 1529 3384 illam
1553 3336 1870 3384 hereditatem
1890 3351 1918 3382 a
1942 3334 2104 3382 Dione
2120 3332 2301 3379 Veneri
2321 3345 2424 3376 uon

1399 3416 1594 3477 deberi;
1622 3416 1710 3464 sed
1738 3415 1857 3470 sibi,
1894 3416 1930 3461 i.
1955 3432 2002 3463 e.
2026 3412 2162 3477 quod
2197 3411 2262 3459 ad
2292 3425 2427 3457 suam

1399 3497 1659 3544 utilitatem
1689 3505 1877 3558 spectat
1896 3527 1911 3552 ,
1952 3509 2063 3541 eum
2101 3490 2424 3545 condemnat,

1396 3574 1492 3622 sibi
1526 3573 1773 3635 adjudicat
1807 3572 1936 3621 illam
1973 3573 2252 3638 pecuniam,
2291 3566 2426 3631 quod

1398 3664 1499 3701 erat
1524 3653 1652 3700 idem
1678 3669 1735 3701 ac
1754 3653 1793 3700 si
1813 3654 2020 3700 Dionem
2039 3650 2425 3698 condemnasset.

1478 3748 1558 3781 ιι.
1602 3733 1660 3795 Q.
1697 3731 1878 3780 Caecilii
1911 3730 2100 3779 Dionis.
2139 3729 2285 3776 Illum
2329 3727 2427 3774 hoe

1401 3822 1544 3860 ornat
1559 3812 1884 3876 praenomine‚
1909 3811 2043 3874 qnod
2057 3809 2182 3868 Dio,
2206 3818 2260 3854 ut
2280 3821 2426 3868 supra

1402 3904 1503 3949 est,
1545 3893 1599 3938 in
1644 3891 1888 3939 civitatem
1927 3893 1990 3954 Q.
2019 3888 2200 3939 Caecilii
2239 3884 2428 3934 Metelli

1402 3969 1644 4018 beneficio
1683 3969 1925 4029 adscitus,
1961 3969 2067 4029 ejus
2110 3980 2290 4014 nomen
2336 3978 2429 4010 suo

1406 4052 1593 4100 nomini
1620 4051 1922 4112 adjunxerat.

1485 4147 1566 4178 12.
1609 4132 1666 4177 In
1713 4128 2026 4179 Macedonia.
2073 4126 2149 4173 M.
2174 4120 2432 4170 Terentius
