3044 4788
692 440 832 525 400
1225 396 1229 401 ⁴
1335 441 1428 507 M.
1483 440 1560 508 T.
1615 440 2176 511 CICERONIS

690 560 940 634 cellam
967 560 1379 658 penariam⁴
1410 558 1828 658 reipublicae
1864 575 2166 650 nostrae‚
2201 563 2551 633 nutricem
2598 560 2850 661 plebis

694 696 1040 757 romanae,
1065 668 1371 740 Siciliam
1402 672 1820 742 nominavit.
1856 674 2002 742 Nos
2026 696 2202 742 vero
2233 673 2506 770 experti
2534 696 2847 759 sumus,

692 780 983 855 Italico⁵
1023 784 1335 851 maximo
1380 778 1952 879 difficillimoque
1994 780 2225 870 bello,
2268 784 2576 854 Siciliam
2623 784 2849 855 nobis

690 919 843 964 non
881 916 1015 991 pro
1051 892 1343 988 penaria
1371 886 1548 961 cella
1571 945 1590 978 ,
1630 890 1756 963 sed
1789 915 1925 989 pro
1962 890 2262 962 aerario⁶
2306 892 2430 984 illo
2465 895 2846 989 majorum

690 1017 932 1073 vetere
952 1024 1032 1070 ac
1059 996 1326 1069 referto
1363 996 1622 1071 fuisse:
1652 1024 1819 1071 nam
1847 1006 2000 1072 sine
2039 1001 2191 1072 ullo
2220 1018 2522 1101 sumptu
2548 1020 2846 1087 nostm,

687 1114 969 1198 coriis⁷‚
1015 1111 1311 1197 tuniciS,
1359 1108 1871 1208 frumentoque
1913 1111 2414 1211 suppeditatO,
2468 1117 2844 1185 maximos

591 1209 595 1213 ’
688 1223 1039 1294 exercitus
1076 1237 1362 1293 nostros
1404 1222 1725 1310 vestivit,
1765 1223 1981 1311 aluit,
2018 1225 2338 1295 armavit.

780 1337 903 1403 III.
949 1330 1147 1423 Quid
1172 1331 1333 1420 illa,
1371 1357 1536 1428 quae
1569 1330 1908 1404 forsitan¹
1966 1359 2060 1405 ne
2098 1335 2450 1405 sentimus
2491 1301 2841 1432 quidem,

680 1443 995 1538 judices,
1042 1456 1317 1551 quanta
1341 1444 1552 1513 sunt?
1586 1441 1788 1539 quod
1815 1445 2059 1515 multis
2101 1443 2716 1569 locupletioribus
2748 1448 2843 1514 ci·

690 1554 899 1626 vibus
954 1557 1265 1639 utimur,
1299 1532 1517 1649 quod
1579 1550 1857 1623 habent
1913 1557 2434 1651 propinquam,
2495 1551 2837 1639 fidelem,

686 1664 1277 1761 fructuosamque
1312 1664 1790 1760 provinciam,
1822 1688 1973 1759 quo
2010 1661 2215 1735 facile
2250 1679 2677 1751 excurrant,
2713 1662 2838 1734 ubi

688 1776 999 1849 libenter
1032 1774 1404 1871 negotium
1447 1787 1744 1869 gerant:
1786 1798 1974 1871 quos
2016 1774 2136 1845 illa
2164 1775 2425 1870 partim
2464 1774 2837 1845 mercibus

688 1881 1234 1986 suppeditandis
1285 1906 1450 1953 cum
1496 1898 1776 1979 quaestu
1823 1881 2408 1982 compendioque
2460 1882 2766 1955 dimittit
2783 1893 2832 1969 ²,

688 2000 951 2098 partim
999 1994 1296 2078 retinet,
1339 2007 1423 2063 ut
1455 2017 1694 2080 arare,
1739 2008 1820 2064 ut
1857 2017 2187 2091 pascere,
2228 2008 2314 2063 ut
2344 1995 2707 2089 negotiari
2751 1992 2832 2062 li-

693 2109 899 2190 beat,
923 2118 1008 2174 ut
1032 2103 1349 2198 denique
1377 2102 1585 2174 sedes
1618 2128 1700 2174 ac
1723 2102 2170 2174 domicilium
2198 2102 2574 2174 collocare.
2608 2098 2830 2193 Quod

695 2210 1161 2288 commodum
1192 2236 1341 2280 non
1378 2209 1742 2283 mediocre
1780 2211 2034 2310 populi
2060 2214 2343 2282 romani
2378 2227 2517 2300 est;
2545 2228 2829 2283 tantum

694 2327 958 2399 civium
988 2318 1500 2393 romanorum³
1542 2346 1926 2393 numerum
1948 2376 1968 2411 ,
2002 2337 2147 2393 tam
2172 2345 2405 2420 prope
2440 2318 2533 2391 ab
2567 2320 2827 2403 domn,

694 2452 843 2509 tam
883 2434 1101 2506 bonis
1138 2432 1672 2530 fructuosisque
1715 2431 1935 2504 rebus
1979 2431 2304 2504 detineri.
2354 2437 2445 2502 Et
2482 2434 2826 2529 quoniam

697 2550 904 2647 quasi
938 2544 1265 2643 quaedam
1304 2542 1568 2642 praedia
1606 2542 1861 2641 populi
1892 2547 2175 2613 romani
2211 2556 2423 2630 sunt,
2459 2540 2827 2639 vectigalia

692 2675 940 2790 nostra
985 2671 1225 2753 atquex
1251 2656 1638 2752 provincioe
1671 2682 1686 2725 ε
1723 2652 2342 2751 quemadmodum
2395 2652 2823 2750 propinquis

768 2901 817 2947 4.
864 2887 1049 2936 Cellam
1074 2884 1355 2949 penariam.
1385 2881 1623 2949 Polybius
1668 2894 1718 2931 et

694 2969 870 3019 Strabo
898 2965 1109 3015 Siciliam
1148 2965 1292 3012 etism
1321 2974 1497 3012 vocant
1521 2963 1716 3030 ταμιῖον

688 3053 771 3106 τῆς
794 3036 977 3112 ῥώμης.

764 3129 813 3176 5.
839 3124 1035 3174 Italico.
1068 3122 1244 3170 Socisli
1263 3149 1293 3181 ‚=
1320 3121 1458 3185 quod
1498 3126 1714 3184 coeptum

689 3219 763 3262 est
795 3208 861 3256 A.
905 3206 972 3253 U.
1012 3204 1149 3259 662,
1190 3200 1252 3249 ab
1297 3199 1521 3263 universa
1556 3215 1716 3264 prope

690 3288 843 3338 Italia.
861 3284 990 3332 Flor.
1010 3283 1109 3339 111,
1135 3281 1217 3328 18.

760 3369 810 3415 6.
853 3361 1071 3412 AErario.
1114 3360 1232 3408 Non
1276 3374 1370 3423 pro
1412 3357 1509 3406 hoc
1556 3357 1713 3419 insui,

684 3445 824 3511 quod
845 3459 977 3491 nunc
997 3439 1248 3490 habemus.
1269 3437 1522 3486 AErarium
1543 3438 1714 3486 Romae

689 3525 784 3572 ruit
803 3522 1009 3585 triplex:
1038 3535 1190 3567 unum
1206 3552 1221 3577 ,
1248 3517 1301 3565 in
1323 3515 1459 3579 quod
1478 3531 1540 3563 ex
1562 3515 1716 3564 tribu·

686 3604 749 3652 tis
775 3611 824 3648 et
863 3601 1026 3663 praeda
1057 3598 1231 3645 bellica
1273 3595 1466 3643 redacta
1507 3596 1713 3659 pecunia

684 3677 1000 3730 inferebatur.
1012 3677 1232 3725 Alterum
1246 3692 1309 3725 ex
1321 3674 1564 3734 vicesima,
1575 3673 1713 3737 quod

682 3757 902 3807 sanceias
944 3756 1237 3814 vocabatur,
1279 3752 1393 3817 quia
1432 3749 1537 3800 nofi
1555 3786 1573 3815 ‚
1617 3754 1713 3801 nisi

682 3834 985 3886 difficillimis
1012 3836 1135 3897 reip.
1158 3830 1481 3896 temporibus,
1502 3833 1713 3896 aperire·

686 3929 786 3966 tur.
815 3912 1059 3975 Tertium,
1090 3914 1141 3958 in
1168 3925 1271 3975 quo
1297 3911 1504 3974 pecunia
1532 3910 1586 3958 in
1613 3910 1711 3974 gal-

680 3996 830 4043 licum
861 3991 1044 4040 bellum
1082 3988 1324 4054 eroganda
1356 3988 1709 4046 custodiretur,

680 4089 826 4138 quam
850 4072 903 4121 in
924 4071 1045 4120 alios
1068 4085 1183 4118 usus
1206 4067 1452 4133 impendi,
1487 4084 1703 4116 exsecra-

677 4152 893 4202 tionibus
920 4151 1128 4218 publicis
1156 4149 1359 4197 vetitum
1386 4157 1505 4197 erat.

1881 2899 1926 2945 7.
1959 2881 2132 2932 Cor-iis.
2166 2883 2250 2932 Ad
2275 2881 2582 2931 conficiend-
2607 2882 2823 2932 αἰχ-τω*

1805 2962 1930 3012 cula.
1952 2962 2068 3012 Vid.
2086 2964 2227 3011 Verr.
2255 2964 2307 3020 1,
2342 2963 2427 3011 38.
2458 2962 2676 3023 conjicit
2698 2959 2822 3010 Guil.

1805 3041 1998 3096 coritis,
2047 3043 2207 3089 minus
2248 3040 2447 3099 dextre3
2493 3057 2650 3104 neque
2701 3040 2821 3089 enim

1803 3120 2065 3169 utebantur
2075 3121 2173 3169 hoc
2188 3137 2361 3185 genere
2376 3120 2585 3168 telorum
2598 3117 2820 3169 Romani.

1872 3202 1966 3249 111.
2018 3218 2061 3248 1.
2105 3199 2347 3249 Nonnulli
2395 3210 2605 3259 veteres,
2651 3196 2823 3264 «quod

1800 3279 2006 3328 forsitan
2023 3303 2063 3327 ι.

1877 3375 1922 3406 2.
1959 3358 2192 3406 Dimittit.
2239 3360 2315 3407 Ex
2348 3358 2541 3407 civibus
2588 3356 2824 3411 romanis,

1801 3436 1885 3485 alii
1909 3437 2257 3502 negotiationis
2283 3454 2453 3500 causa,
2475 3440 2752 3501 frequenter
2773 3435 2821 3481 iu

1803 3517 2015 3565 Siciliam
2040 3529 2338 3576 commeant,
2372 3530 2418 3566 et
2444 3517 2560 3567 inde
2587 3517 2821 3566 mercibus

1803 3596 1967 3644 onusti
2014 3596 2249 3656 redeunt;
2295 3596 2378 3645 alii
2427 3599 2479 3645 in
2525 3613 2579 3646 es
2626 3607 2820 3662 propter

1804 3674 2060 3723 utilitatem
2106 3676 2413 3725 domicilium
2447 3676 2711 3728 collocant.
2753 3678 2820 3723 De

1799 3753 2018 3817 utrisque
2044 3754 2145 3804 vid.
2168 3754 2255 3803 inf.
2278 3773 2364 3818 77.
2467 3809 2482 3826 Ἴ
2817 3751 2834 3770 ⁰

1873 3835 2272 3883 &Romanorum
2283 3834 2437 3884 Abest
2450 3851 2477 3882 s
2492 3830 2645 3882 codd.
2659 3831 2818 3881 Lamb-

1800 3923 1848 3960 et
1881 3911 2074 3963 Metell.
2107 3916 2242 3963 JJV.
2268 3917 2321 3963 L.
2342 3941 2410 3950 —
2435 3914 2555 3960 Tam
2576 3928 2733 3978 prope
2759 3905 2819 3956 ab

1799 3992 1964 4042 domo.
1995 3992 2134 4040 Illam
2169 3992 2322 4040 Italia
2359 3991 2659 4040 vicinitatem
2688 4006 2818 4038 eom·

1799 4071 1995 4119 mendac
2026 4072 2232 4133 Cicero,
2259 4070 2375 4135 quia
2411 4070 2504 4118 bac
2535 4072 2725 4118 ratione
2750 4068 2818 4116 ci·

1793 4149 1935 4198 vibus
1966 4153 2122 4199 Roma
2161 4165 2264 4199 non
2301 4148 2660 4208 exhauriretur3
2690 4146 2818 4213 quod
