3044 4788
633 361 773 434 318
1276 362 1375 430 M.
1426 362 1502 430 T.
1559 361 2125 432 CICERONIS

631 489 707 557 in
738 486 975 556 Asiam
1020 486 1234 555 Samo
1269 486 1675 568 venissent3
1708 505 2137 578 responsum
2177 478 2535 568 tulerunt,
2574 481 2805 576 ejus-

631 595 833 668 modi
887 594 1414 692 querimonias,
1452 618 1615 690 quae
1679 590 1770 663 ad
1810 592 2129 691 legatum
2185 589 2441 688 populi
2483 593 2799 662 romani

632 709 1117 805 pertinerent,
1151 728 1304 773 non
1354 702 1448 773 ad
1501 717 1913 800 praetorem,
1951 700 2081 773 sed
2115 698 2467 772 Romam⁶
2504 699 2799 773 deferri

631 829 996 914 oportere.
1062 814 1220 901 Qua
1277 810 1366 883 de
1406 824 1530 883 re?
1583 811 2094 883 Charidemum
2137 812 2398 882 Chium
2439 816 2791 885 testimo-

633 929 840 997 nium
869 928 1110 1020 priore
1136 922 1417 993 actione
1446 921 1686 994 dicere
1716 920 2012 993 audistis
2044 948 2059 992 :
2101 945 2289 1009 sese,
2325 946 2553 1018 quum
2583 937 2793 994 esset

635 1033 1073 1107 trierarchus
1094 1086 1114 1119 ,
1142 1048 1215 1104 et
1232 1037 1534 1104 Verrem
1573 1058 1662 1103 ex
1691 1034 1855 1103 Asia
1884 1031 2351 1103 decedentem
2384 1056 2787 1130 proseque-

636 1159 863 1232 retur,
885 1168 1091 1238 jussu
1118 1141 1514 1214 Dolabellae
1544 1141 1766 1215 fuisse
1794 1168 1941 1213 una
1967 1167 2132 1214 cum
2163 1144 2301 1214 isto
2325 1146 2548 1229 Sami;
2578 1166 2784 1214 sese·

633 1280 781 1352 que
796 1269 953 1325 tum
976 1255 1155 1324 scire
1170 1254 1556 1352 spoliatum
1574 1278 1727 1326 esse
1745 1252 1993 1325 fanum
2007 1260 2044 1324 J
2047 1257 2312 1324 unonis
2330 1268 2401 1324 et
2416 1253 2781 1351 oppidum

634 1371 962 1452 Samum3
1003 1378 1401 1461 posteaque
1429 1387 1505 1435 se
1525 1387 1812 1434 causam
1835 1362 2033 1462 apud
2068 1363 2319 1453 Chios,
2351 1367 2538 1436 cives
2563 1389 2778 1449 suos,

632 1478 882 1548 Samiis
922 1473 1428 1546 accusantibus
1476 1472 1802 1572 publice,
1853 1473 2152 1558 dixisse3
2206 1498 2443 1571 eoque
2493 1498 2569 1544 se
2620 1498 2777 1545 esse

634 1586 1088 1674 absolutum,
1126 1584 1328 1684 quod
1360 1585 1659 1682 planum
1691 1581 2012 1671 fecisset,
2053 1610 2169 1671 ea,
2212 1609 2373 1682 quae
2404 1584 2618 1681 legati
2650 1588 2776 1655 Sa-

636 1703 951 1770 miorum
994 1696 1356 1785 dicerent,
1404 1696 1495 1767 ad
1528 1699 1827 1768 Verrem
1850 1750 1869 1782 ,
1918 1720 2072 1767 non
2131 1696 2220 1767 ad
2261 1720 2337 1766 se
2382 1697 2773 1793 pertinere.

633 1810 831 1898 Quas
868 1809 1001 1878 iste
1038 1805 1316 1876 tabulas
1357 1805 1597 1894 illinc,
1635 1831 1797 1903 quae
1835 1809 2033 1903 signa
2076 1805 2408 1876 sustulit?
2447 1830 2612 1903 quae
2649 1831 2777 1877 co-

636 1920 858 2016 gnovi
914 1929 1201 2012 egomet
1258 1914 1455 2011 apud
1509 1918 1728 1987 istum
1770 1917 1845 1986 in
1888 1915 2164 1987 aedibus
2228 1941 2489 2014 nuper,
2542 1941 2780 2015 quum

634 2019 1117 2125 obsignandi⁸
1142 2026 1367 2122 gratia
1386 2027 1768 2097 venissem.
1796 2030 1975 2118 Quae
2001 2029 2204 2123 signa
2229 2050 2453 2112 nunc,
2476 2029 2744 2097 Verres
2760 2082 2780 2110 ,

636 2136 766 2210 ubi
802 2136 1016 2206 sunt?
1071 2133 1192 2205 illa
1231 2159 1518 2231 quaero,
1566 2161 1729 2233 quae
1772 2136 1970 2235 apud
2008 2152 2082 2208 te
2119 2161 2358 2234 nuper
2392 2135 2484 2207 ad
2521 2160 2780 2207 omnes

638 2245 1051 2329 columam,
1105 2243 1450 2316 omnibus
1490 2246 1706 2317 etiam
1751 2247 2370 2336 intercolumniis,
2418 2248 2549 2317 ino
2599 2247 2783 2318 silva

638 2355 956 2454 denique
994 2353 1342 2455 disposita
1378 2355 1515 2428 sub
1553 2356 1723 2428 divo
1744 2356 2075 2429 vidimus.
2104 2360 2251 2429 Cur
2282 2381 2395 2445 ea,
2426 2356 2784 2455 quamdiu

634 2467 856 2540 alium
903 2481 1288 2564 praetorem
1312 2477 1373 2511 ¹⁰
1401 2492 1572 2538 cum
1606 2469 1691 2540 iis
1723 2467 2092 2564 judicibus
2116 2523 2135 2556 ,
2178 2493 2365 2566 quos
2402 2470 2478 2539 in
2512 2468 2781 2539 horum

635 2580 875 2651 locum
910 2576 1498 2670 subsortiturusf¹
1535 2603 1727 2666 eraS,
1755 2580 1847 2651 de
1881 2594 1952 2650 te
1980 2582 2055 2649 in
2089 2578 2468 2650 consilium
2499 2580 2776 2649 iturum

636 2689 937 2789 putasti,
999 2688 1276 2758 tamdiu
1333 2687 1533 2759 domi
1590 2687 1933 2760 fuerunt?
1983 2682 2456 2789 posteaquam
2509 2691 2777 2760 nostris

636 2798 941 2873 testibus
969 2822 1102 2868 nos
1120 2852 1139 2887 ,
1167 2822 1387 2895 quam
1417 2799 1616 2872 horis
1654 2800 1801 2872 tuis
1819 2810 1910 2889 ¹²,
1942 2802 2049 2872 uti
2076 2799 2287 2871 malle
2312 2799 2585 2887 vidisti3
2614 2798 2778 2869 nul-

709 3052 763 3101 6.
783 3054 1004 3100 Romam.
1024 3054 1222 3101 Poterat
1245 3053 1445 3117 quidem
1473 3065 1664 3118 pretor

637 3132 701 3181 de
733 3129 880 3180 rebus
916 3131 1297 3196 provincialibus
1336 3148 1662 3195 cognoscere,

566 3263 569 3266 Α
639 3211 725 3261 sed
744 3211 927 3260 nonita
950 3223 1005 3260 ut
1023 3211 1231 3276 legatum
1258 3211 1456 3260 alterius
1481 3223 1665 3275 preto·

637 3295 704 3341 ris
722 3294 951 3357 castigare
967 3303 1165 3358 posset:
1192 3294 1331 3354 cujus
1356 3277 1426 3340 rei
1442 3293 1664 3356 cognitio

639 3371 704 3420 ad
741 3384 961 3421 senatum
992 3371 1290 3435 pertinebat,
1320 3382 1405 3419 aut
1438 3374 1587 3421 etiam
1620 3373 1662 3420 οἱ

641 3449 765 3512 quid
798 3452 989 3513 gravius
1025 3453 1337 3499 commissum
1375 3463 1503 3511 erat,
1536 3452 1662 3502 illud

636 3528 1017 3577 animadvertere
1035 3541 1137 3580 erat
1154 3530 1328 3595 populi
1355 3546 1481 3580 rom.

716 3624 762 3667 7.
788 3609 940 3666 11ae0,
974 3625 1126 3673 usqne
1163 3609 1227 3657 ad
1256 3609 1400 3657 verb·
1425 3626 1566 3658 «non
1595 3611 1660 3659 ad

642 3704 695 3736 se
714 3687 954 3751 pertinere
970 3709 994 3729 ιο
1011 3721 1027 3746 ,
1053 3700 1168 3737 tunt
1199 3690 1253 3737 in
1276 3689 1390 3737 edd.
1417 3689 1526 3738 aliis
1547 3701 1663 3755 post

640 3789 666 3808 ιι
683 3777 1015 3828 sectoremque
1039 3784 1255 3832 pugnare
1273 3789 1295 3811 ι
1310 3803 1323 3816 .
1350 3771 1541 3818 Ernest.
1562 3772 1664 3835 pri-

644 3862 751 3893 mus
781 3845 1038 3894 transtulit.
1070 3850 1123 3895 J.
1145 3849 1210 3896 V.
1236 3851 1291 3897 L.

718 3928 766 3974 8.
794 3923 1115 3989 obsignandi.
1141 3927 1297 3974 Moris
1326 3927 1419 3975 fuit
1440 3940 1495 3976 ut
1521 3944 1663 3978 accu-

643 4016 776 4054 sator
810 4004 1087 4068 obnignaret
1122 4004 1322 4054 domum
1343 4043 1359 4066 ,
1407 4020 1457 4057 et
1499 4009 1661 4058 clausa

641 4096 823 4134 teneret
842 4084 1004 4132 omnia
1028 4085 1162 4135 illius
1184 4102 1328 4151 quem
1349 4100 1661 4139 accusaturus

1750 3066 1876 3115 erat,
1905 3072 1968 3104 ne
1995 3071 2092 3120 qua
2121 3056 2366 3104 furtorum
2396 3054 2580 3103 indicia
2604 3056 2657 3104 in
2673 3056 2779 3104 lite·

1751 3134 1818 3183 ris
1865 3136 2126 3184 constituta
2171 3135 2234 3183 ab
2282 3152 2343 3183 eo
2390 3146 2777 3184 removerentur.

1751 3218 1945 3266 Ascou.
1961 3243 2031 3253 —
2057 3219 2132 3264 Ex
2150 3232 2287 3279 seqq.
2306 3225 2509 3280 apparet
2543 3231 2651 3263 non
2673 3231 2776 3263 enm

1751 3294 2139 3359 obsignationem
2191 3294 2254 3341 ad
2311 3295 2449 3359 signa
2495 3294 2778 3359 tabulasque

1748 3375 1904 3438 pictas
1923 3384 2085 3438 patere
2096 3408 2110 3431 ‚
2137 3390 2289 3438 quum
2309 3391 2364 3423 ea
2381 3374 2561 3423 abhinc
2578 3392 2606 3422 a
2624 3377 2777 3422 Verre

1749 3453 1898 3500 celata
1925 3465 1972 3501 et
2003 3455 2058 3501 in
2083 3453 2200 3501 alias
2228 3454 2404 3503 domos
2426 3463 2592 3502 avecta
2613 3471 2779 3518 quera·

1749 3544 1831 3581 tur
1853 3533 2049 3583 Cicero.

1820 3629 1871 3675 9.
1893 3616 1954 3661 In
1971 3613 2108 3661 silva.
2133 3614 2319 3662 silvula
2334 3649 2348 3672 ,
2383 3613 2635 3662 viridario.

1827 3707 1907 3742 ιο.
1946 3693 2113 3742 Alium
2131 3705 2412 3758 proeeorem.
2441 3692 2774 3742 Metellum.—

1750 3776 1952 3823 Horum.
1979 3777 2079 3839 Qui
2100 3791 2232 3823 nunc
2255 3776 2449 3825 adsunt.

1827 3871 1847 3902 ι
1863 3871 1882 3902 1
1897 3890 1910 3903 .
1930 3855 2059 3915 Alii,
2096 3855 2399 3903 subsortitus.
2426 3858 2477 3906 J.
2494 3858 2558 3904 V.
2578 3857 2633 3903 L.

1827 3949 1907 3982 η.
1941 3935 2067 3982 stis.
2096 3935 2209 3982 Tibi
2253 3935 2418 3999 potius
2462 3949 2610 3997 quam
2654 3931 2776 3979 mihi

1750 4013 2050 4073 commodis,
2085 4031 2260 4080 nempe
2296 4013 2621 4074 adjudicium
2656 4028 2774 4075 pro-

1751 4093 2055 4143 trahendum.
2074 4095 2195 4149 Vid.
2218 4111 2333 4159 sup.
2358 4110 2418 4158 9,
2435 4104 2486 4142 et
2503 4095 2617 4141 Act.
2639 4094 2692 4151 1,
2725 4092 2773 4140 8.
