3044 4788
734 447 1111 516 ORATIO
1160 447 1382 532 PRO,
1413 449 1479 516 s,
1525 449 1943 519 Rosolo.
2270 454 2398 527 ιι5

285 572 553 640 misisse
583 567 906 639 dedecus
932 566 1452 640 existimabant.
1496 573 1749 666 Itaque
1783 569 2101 643 mandati
2126 583 2403 648 ‘consti-

286 694 517 749 tutum
554 693 667 748 est
694 677 1049 773 judicium
1069 688 1124 764 ⁷,
1162 702 1311 747 non
1348 681 1589 748 minus
1639 694 1889 778 turpe,
1918 706 2135 778 quam
2174 681 2347 756 furti
2383 713 2399 756 ε

279 787 496 858 credo
532 803 918 885 propterea
948 786 1190 884 quod,
1224 787 1494 884 quibus
1530 792 1607 858 in
1643 789 1860 861 rebus
1891 795 2029 889 ipsi
2062 796 2405 867 interesse

275 922 426 967 non
473 921 905 994 possumu5‚
958 899 1034 965 in
1079 895 1227 984 his,
1282 921 1517 993 operae
1565 914 1826 970 nostrae
1875 905 2171 992 vicaria,
2226 904 2405 978 fides

270 1010 682 1077 amicorum
708 1009 1186 1104 supponitur3‘
1202 1030 1421 1101 quam
1447 1011 1578 1104 qui
1601 1007 1825 1097 laedit,
1851 1028 2228 1110 oppugnat
2254 1039 2406 1085 om-

274 1119 487 1185 nium
522 1137 916 1185 commune
949 1112 1393 1213 praesidium,
1420 1131 1535 1205 et,
1571 1134 1925 1213 quantum
1958 1126 2030 1191 in
2069 1126 2229 1221 ipso
2268 1141 2408 1212 est,

275 1225 646 1296 disturbat
669 1227 830 1294 vitae
861 1228 1295 1295 societatem.
1326 1229 1490 1297 Non
1519 1229 1715 1296 enim
1749 1251 2133 1324 possumus
2164 1238 2410 1306 omnia

279 1360 407 1433 per
433 1360 575 1405 nos
610 1357 862 1430 agere:
895 1334 1075 1405 alius
1101 1337 1180 1404 in
1209 1335 1346 1405 alia
1374 1350 1484 1406 est
1515 1360 1593 1406 re
1624 1340 1846 1433 magis
1874 1341 2088 1411 utilis.
2127 1342 2410 1416 Idcirco

276 1448 613 1516 amicitiae
646 1458 1177 1542 comparantur,
1200 1459 1286 1515 ut
1323 1469 1712 1519 commune
1758 1450 2225 1522 commodum
2254 1479 2413 1525 mu·

291 1559 432 1624 tuis
469 1553 725 1625 officiis
758 1553 1225 1649 gubernetur.

389 1661 590 1754 Quid
627 1665 879 1761 recipis
917 1662 1370 1751 mandatum,
1394 1667 1454 1735 si
1480 1679 1610 1736 aut
1641 1666 2103 1762 neglecturus
2120 1724 2140 1758 ‚
2165 1686 2291 1742 aut
2316 1673 2411 1745 ad

297 1789 502 1844 tuum
531 1772 991 1872 commodum
1015 1795 1495 1844 conversurus
1525 1776 1638 1846 es?
1676 1779 1824 1845 Cur
1849 1776 2025 1849 mihi
2071 1793 2140 1849 te
2164 1778 2408 1870 offem,

286 1909 372 1955 ac
400 1887 581 1954 meis
614 1882 1046 1970 commodiS‚
1077 1881 1336 1954 officio·
1360 1885 1695 1956 simulato
1717 1939 1736 1974 ‚
1770 1885 2001 1958 officis
2028 1902 2102 1959 et
2127 1889 2417 1963 obstas?

287 1994 565 2066 Recede
588 1993 680 2065 de
707 1993 980 2080 medio;
1005 2018 1136 2091 per
1164 1994 1385 2064 alium
1414 1999 1822 2092 transigam.
1847 1996 2199 2097 Suscipis³
2227 2025 2416 2073 onus

285 2103 507 2176 officii
532 2159 553 2192 ‚
609 2102 812 2201 quod
851 2118 921 2174 te
957 2117 1167 2201 putas
1195 2107 1549 2176 sustinere
1580 2130 1826 2203 posse3
1867 2108 2069 2205 quod
2110 2115 2412 2183 minime

285 2216 575 2287 videtur
601 2238 813 2309 grave
842 2217 958 2302 iis,
987 2218 1114 2311 qui
1145 2217 1439 2285 minime
1471 2217 1612 2312 ipsi
1642 2217 1832 2288 leves
1855 2232 2045 2289 sunt.
2088 2223 2279 2318 Ergo
2307 2220 2415 2293 id·-

286 2330 473 2397 circo
511 2328 749 2423 turpis
780 2323 932 2396 haec
959 2325 1168 2423 culpa
1196 2339 1335 2413 est,
1358 2325 1560 2422 quod
1593 2324 1771 2398 duas
1798 2353 1912 2399 res
1939 2334 2418 2404 sanctissimas

285 2439 538 2523 violat,
573 2438 960 2506 amicitiam
992 2450 1064 2506 et
1093 2432 1313 2505 fidem
1347 2461 1363 2503 ε
1408 2460 1575 2506 nam
1611 2448 1850 2534 neque
1887 2438 2181 2509 mandat
2218 2446 2419 2538 quis-

287 2571 506 2642 quam
543 2545 730 2630 fere‚
773 2547 909 2614 nisi
957 2548 1226 2632 amico;
1262 2570 1503 2641 neque
1550 2545 1811 2633 credit,
1853 2551 1993 2618 nisi
2039 2553 2152 2637 ei,
2199 2576 2417 2648 quem

290 2655 579 2727 fidelem
613 2669 843 2752 putat.
905 2655 1369 2726 Perditissimi
1405 2671 1513 2726 est
1545 2659 1766 2753 igitur
1804 2657 2158 2746 hominis,
2207 2663 2421 2732 simul

291 2783 364 2839 et
393 2768 782 2838 amicitiam
797 2763 1196 2835 'dissolvere
1215 2818 1234 2852 ‚
1262 2779 1335 2835 et
1367 2763 1608 2836 fallere
1642 2792 1848 2855 eum,
1873 2772 2001 2863 qui
2032 2768 2237 2838 laesus
2271 2793 2419 2840 non

292 2893 511 2964 esset,
547 2879 683 2946 nisi
720 2874 1158 2946 credidisset.

387 2990 706 3058 XXXIX.
737 2991 940 3056 Itane
968 2985 1112 3056 est?
1134 2988 1207 3055 in
1237 2986 1554 3054 minimis
1581 2983 1829 3070 rebu3‚
1849 2989 1972 3081 qui
2003 2988 2423 3060 mandatum

296 3098 723 3193 neglexerit,
775 3097 1191 3193 turpissimo
1234 3093 1512 3190 judicio
1556 3092 2086 3166 condemnetur
2135 3123 2424 3169 necesse

293 3222 404 3279 est
435 3233 452 3275 :
486 3210 562 3277 in
596 3231 673 3276 re
716 3219 954 3290 tanta,
996 3226 1228 3301 quum
1262 3208 1321 3274 is
1343 3258 1363 3290 ‚
1401 3207 1515 3275 cui
1551 3201 1740 3273 fama
1772 3209 2075 3291 mortui,
2116 3205 2422 3277 fortunae

289 3320 434 3388 vivi
481 3314 996 3388 commendatae
1043 3330 1216 3385 sunt
1255 3331 1472 3411 atque
1506 3313 1978 3401 concreditae,
2026 3318 2423 3411 ignominia

291 3443 665 3499 mortuum
687 3480 706 3513 ‚
728 3440 1039 3522 egestate
1063 3428 1308 3496 vivum
1334 3437 1352 3468 ¹
1381 3423 1738 3513 affecerit3
1766 3428 1824 3495 is
1853 3427 2041 3496 inter
2067 3424 2416 3498 honestos

361 3637 416 3677 7.
444 3618 679 3667 Mandau'
690 3617 949 3683 judicium.
986 3619 1101 3680 Quo
1133 3633 1317 3681 cogno·

292 3701 445 3748 scitur
490 3698 552 3745 de
594 3698 699 3761 ejus
733 3697 908 3761 culpa,
960 3698 1185 3760 quirem
1222 3696 1316 3745 sibi

291 3779 572 3827 mandatnm
596 3777 912 3841 negligenter,
950 3786 1033 3823 ant
1072 3775 1316 3824 malitioso

289 3859 462 3922 egerit.
485 3858 560 3903 De
580 3856 771 3917 jndicio
796 3858 954 3919 turpi,
969 3872 1053 3903 scu
1071 3856 1315 3903 infamiam

290 3936 518 3985 aflet-enti
533 3972 548 3995 ‚
565 3936 667 3984 vid.
688 3947 815 3984 orat.
830 3952 925 3999 pto
944 3936 1115 3998 Quint.

362 4019 414 4064 8.
455 4014 667 4077 Susa-epis
698 4031 834 4062 onus.
867 4017 959 4062 Per
983 4014 1318 4078 exprobratio-

295 4111 405 4142 nem
441 4094 588 4142 diluit
611 4095 805 4142 tacitam
832 4095 1095 4159 prolepsim
1109 4086 1136 4152 'ff
1156 4096 1319 4156 aitque

296 4174 471 4223 mea-o
497 4174 716 4223 mandati
742 4191 866 4224 onus
894 4189 982 4222 nec
1010 4189 1153 4238 grave
1187 4189 1318 4233 esne,

1402 3618 1496 3665 nisi
1543 3616 1823 3665 hominibus
1868 3617 2090 3680 levibus,
2138 3636 2231 3668 nec
2272 3621 2429 3668 visum
2468 3674 2479 3685 N

1403 3711 1508 3744 ess·
1532 3711 1675 3759 grave
1708 3696 1803 3761 ipsi
1833 3698 2132 3761 suscipienti.
2170 3702 2234 3748 H.
2269 3700 2304 3746 1.
2341 3699 2429 3747 de-

1402 3791 1506 3823 esse
1530 3774 1717 3838 aliquid
1744 3776 2020 3839 suspicatur
2051 3778 2254 3827 Pacciol.
2272 3779 2430 3826 Nobis

1403 3870 1627 3919 expressa
1665 3854 1915 3902 manifeste
1947 3856 2062 3904 satis
2099 3856 2293 3906 videtur
2324 3874 2433 3906 sen-

1403 3935 1575 3982 tentia.

1475 4016 1723 4063 XXXIX.
1751 4031 1797 4064 1.
1824 4015 2046 4064 Abeunt
2068 4016 2173 4065 haec
2197 4016 2297 4064 dno
2321 4031 2427 4061 ver-

1406 4092 1482 4142 ba.
1502 4094 1793 4157 Recepimus
1811 4111 1838 4141 e
1856 4095 1947 4143 Ms
1962 4094 2354 4143 Gnmtonii.J.V.
2373 4095 2427 4140 L.

1407 4199 1478 4209 —-
1496 4174 1739 4221 Lacunam
1757 4174 1949 4237 explere
1976 4183 2279 4222 tentaverant
2309 4175 2425 4219 Hot.

2122 4258 2185 4326 8.
