3044 4788
622 413 754 501 154
1249 425 1344 493 M.
1396 426 1474 493 T.
1531 428 2080 500 CICERONIS

610 541 899 637 caput4‚
932 555 1005 611 et
1034 543 1460 640 supercilia⁵
1495 546 1615 618 illa
1650 553 1942 646 penitus
1973 552 2261 641 abrasa,
2305 557 2499 630 olere
2541 564 2741 633 mali·

610 652 778 722 tiam
803 703 823 737 ‚
863 664 938 721 et
977 651 1339 725 clamitare
1387 657 1846 732 calliditatem
1902 662 2291 736 videntur?
2342 693 2588 741 nonne
2641 674 2735 744 ab

609 762 772 831 imis
807 762 1182 857 unguibus
1211 791 1446 863 usque
1481 768 1573 838 ad
1600 774 1941 843 verticem
1980 798 2346 847 summum
2367 783 2453 868 (si
2480 782 2735 877 quam6

610 871 1103 965 conjecturam
1130 872 1776 950 afferthominibus
1807 886 2017 955 tacita
2041 891 2365 983 corporis
2377 888 2633 988 figura)
2648 917 2737 963 ex

604 977 884 1068 fraude3
912 980 1231 1072 fallacii5‚
1255 986 1645 1059 mendaciis
1677 1007 2004 1065 constare
2032 1010 2229 1066 totus
2252 997 2582 1071 videtur?
2609 1007 2737 1100 qui

605 1088 879 1161 idcirco
909 1097 1142 1190 capite
1162 1108 1234 1165 et
1250 1099 1650 1193 superciliis
1677 1125 1962 1200 semper
1984 1119 2092 1174 est
2115 1108 2287 1176 rasis
2305 1119 2357 1193 ⁷,
2388 1134 2480 1179 ne
2509 1111 2736 1180 ullum

604 1198 880 1295 pilum⁸
912 1206 1045 1273 viri
1073 1202 1250 1274 boni
1277 1205 1542 1278 habere
1571 1208 1892 1282 dicatur:
1921 1214 2127 1309 cujus
2151 1240 2532 1312 personam
2562 1244 2739 1316 prae-

605 1308 792 1379 clare
818 1315 1117 1384 Roscius
1141 1317 1216 1383 in
1237 1339 1450 1387 scena
1469 1333 1770 1391 tractare
1794 1328 2204 1412 consuevit3
2230 1350 2470 1423 neque
2494 1343 2733 1401 tamen

604 1440 741 1512 pro
772 1416 1131 1494 beneficio
1171 1428 1235 1494 ei
1273 1448 1404 1522 par
1439 1432 1662 1523 gratia
1701 1429 2031 1504 refertur.
2075 1439 2258 1507 Nam
2293 1437 2736 1509 Ballionem9

604 1527 808 1598 illum
825 1531 1442 1629 improbissimum
1459 1554 1532 1609 et
1548 1541 1697 1635 perj
1707 1546 2120 1614 urissimum
2139 1546 2476 1619 lenonem
2507 1575 2735 1647 quum

608 1642 792 1733 agit,
831 1644 978 1737 agit
1002 1642 1400 1716 Chaeream:
1428 1672 1738 1744 persona
1767 1651 1886 1721 illa
1921 1654 2313 1743 lutulenta,
2348 1661 2739 1755 impuram,

606 1751 860 1838 invisa,
887 1757 962 1823 in
998 1752 1218 1850 hujus
1242 1757 1592 1846 moribuS‚
1620 1775 1896 1847 natura,
1925 1766 2217 1860 vitaque
2247 1782 2354 1837 est
2380 1794 2733 1865 expressa.

607 1861 749 1949 Qui
808 1863 1286 1958 quamobrem
1342 1872 1686 1940 Roscium
1744 1873 2048 1943 similem
2089 1876 2202 1944 sui
2247 1881 2321 1945 in
2368 1874 2618 1949 fraude
2664 1894 2739 1950 et

604 1971 872 2041 malitia
904 1975 1356 2063 existimarit,
1381 1977 1635 2048 nihil¹¹
1674 1981 2003 2051 videtur:
2036 1986 2170 2053 nisi
2204 1982 2386 2056 forte
2417 1996 2504 2074 ¹²,
2532 1989 2735 2083 quod

603 2081 940 2175 praeclare
966 2082 1164 2153 hunc
1186 2087 1446 2157 imitari
1468 2114 1542 2158 se
1564 2093 1635 2159 in
1664 2116 1970 2186 persona
1992 2093 2274 2163 lenonis
2293 2097 2740 2168 animadver-

604 2190 709 2258 tit.
741 2190 1234 2278 Quamobrem
1270 2197 1483 2266 etiam
1516 2212 1735 2295 atque
1763 2204 1977 2270 etiam
2016 2203 2415 2292 considera,
2443 2209 2518 2275 C.
2550 2211 2738 2294 Piso,

604 2300 771 2392 quis
799 2325 1021 2397 quem
1053 2301 1414 2377 fraudasse
1452 2307 1754 2381 dicatur.
1802 2315 2106 2382 Roscius
2134 2317 2531 2385 Fannium?
2558 2316 2738 2414 quid

609 2424 719 2480 est
767 2410 953 2482 hoc?
1005 2414 1284 2511 probus
1346 2418 1799 2515 improbum,
1855 2421 2142 2517 pudens
2197 2424 2736 2520 impudentem,

602 2522 977 2618 perjurum
1006 2540 1266 2614 castuS‚
1290 2527 1629 2599 callidum
1656 2532 2058 2627 imperituS‚
2083 2532 2395 2603 liberalis
2417 2534 2732 2606 avidum.

606 2632 1040 2704 Incredibile
1077 2650 1203 2706 est.
1244 2638 1918 2729 Quemadmodum,
1950 2645 2008 2712 si
2043 2646 2355 2713 Fannius
2394 2649 2736 2717 Roscium

607 2737 972 2814 fraudasse
1025 2744 1407 2835 diceretur,
1443 2764 1838 2847 utrumque
1885 2778 1970 2823 ex
2017 2756 2394 2849 utriusque
2430 2778 2739 2851 persona

608 2854 992 2925 verisimile
1023 2856 1413 2946 videretur,
1440 2875 1513 2931 et
1536 2864 1890 2935 Fannium
1917 2886 2050 2960 per
2091 2863 2430 2933 malitiam
2462 2860 2741 2955 fecisse,

684 3047 732 3095 4.
776 3037 950 3105 Caput.
989 3044 1195 3093 Romani
1222 3046 1287 3094 nd
1312 3064 1493 3096 anuum
1529 3050 1630 3107 454
1718 3052 1876 3098 virum
1920 3051 2133 3116 probum
2178 3051 2392 3099 referret.
2448 3052 2528 3099 Sic
2582 3055 2739 3103 Graeci

606 3118 790 3166 intonsi
816 3121 965 3169 fuere.
986 3124 1100 3171 Post
1119 3143 1264 3190 quem
1283 3145 1461 3174 annum
1481 3128 1629 3175 barba
1720 3124 1845 3186 ἄξιος
1874 3128 2044 3197 τριχός.
2074 3128 2077 3129 ’

607 3197 739 3260 radi,
764 3210 815 3247 et
841 3216 978 3248 coma
1010 3205 1161 3267 coepit
1200 3207 1471 3255 detonderi.
1503 3209 1629 3257 Plin.
1789 3224 1840 3272 9.
1883 3210 2166 3258 Ballionem.
2218 3206 2377 3257 Ballio
2420 3218 2493 3257 est
2532 3210 2646 3258 leno
2686 3211 2741 3259 in

608 3278 729 3338 vn,
753 3282 839 3341 59.
855 3282 970 3331 vid.
991 3284 1144 3333 Hadr.
1162 3286 1194 3331 J
1197 3302 1279 3335 uu.
1299 3286 1350 3332 in
1370 3298 1629 3362 commeng.
1718 3288 1988 3346 Pseudolo,
2008 3287 2164 3335 Plauti
2186 3287 2442 3349 comoedia,
2460 3305 2605 3353 quam
2625 3306 2739 3354 pro·

611 3357 673 3406 de
694 3375 859 3418 coma,
889 3379 939 3425 p.
966 3365 1066 3420 445
1096 3381 1204 3428 sqq.
1225 3365 1301 3412 ed.
1324 3365 1414 3414 ult.
1718 3366 1864 3415 habat
1890 3368 1941 3412 in
1969 3366 2136 3429 primis
2164 3364 2359 3414 Plautus
2388 3367 2509 3431 ipse.
2554 3369 2657 3417 Cic.
2678 3369 2741 3416 de

681 3440 728 3487 5.
755 3441 1037 3503 Super-eilia.
1077 3443 1162 3490 lua
1198 3443 1250 3490 in
1290 3444 1427 3492 luctu
1461 3444 1629 3494 abradi
1718 3448 1908 3493 Senect.
1928 3460 2035 3507 cap.
2060 3452 2144 3499 14.

608 3517 757 3563 moris
795 3531 912 3567 erat.
956 3522 1107 3568 Extra
1153 3522 1339 3569 luctum
1383 3533 1543 3572 antem
1586 3527 1627 3572 si
1794 3540 1874 3571 xo.
1904 3522 2194 3577 lutulenta,
2221 3522 2431 3588 impura.
2460 3525 2649 3574 Alludit
2676 3526 2741 3572 ad

609 3594 924 3658 raderentur,
953 3611 1053 3648 erat
1093 3600 1316 3649 mollitiei
1359 3605 1624 3667 specimen.
1715 3601 1860 3650 verba
1896 3602 2077 3660 Plauti,
2117 3614 2211 3653 act.
2232 3605 2255 3650 1
2274 3640 2289 3666 ,
2328 3621 2458 3653 seen.
2495 3608 2523 3653 3
2562 3605 2737 3655 Pseud.

607 3674 670 3721 A.
695 3675 824 3724 Gell.
840 3680 962 3736 vn,
995 3697 1073 3729 ια.
1099 3682 1455 3745 Suet.August.
1480 3679 1570 3732 68.
1714 3705 1738 3725 α
1758 3681 2095 3740 Fraudulente‚
2121 3686 2312 3748 impure
2338 3686 2468 3743 leno,
2494 3692 2740 3732 coenumn.

682 3756 731 3803 6.
759 3756 814 3802 Si
831 3772 997 3819 qnam.
1026 3762 1149 3822 Quae
1177 3762 1269 3810 suit
1306 3763 1477 3826 opinio
1503 3779 1632 3826 quo·
1719 3762 1898 3811 Confer
1927 3763 2141 3813 Rudent.
2174 3767 2250 3821 11,
2289 3766 2339 3811 6.
2363 3754 2378 3783 l

613 3834 831 3896 rumdam
849 3871 861 3892 ‚
898 3852 1022 3900 quos
1052 3842 1212 3888 Graeei
1247 3840 1631 3910 φυσιογνώμονσις
1795 3859 1816 3889 ι
1832 3857 1875 3891 1.
1904 3842 2056 3891 Nihil.
2075 3846 2205 3894 Non.
2236 3844 2316 3891 Sic
2331 3867 2355 3886 n
2367 3843 2491 3891 nihil
2509 3845 2682 3894 attinet
2698 3867 2738 3905 ιο,

611 3908 874 3977 appellent.
1719 3925 1751 3971 i.
1773 3940 1817 3972 e.
1841 3939 1947 3971 non
1967 3924 2157 3972 attinet.
2683 3968 2690 3976 .

687 4012 732 4055 7.
760 3996 1010 4043 Ernestius
1048 3998 1309 4046 arbitratur
1344 4001 1631 4049 Ciceronem
1797 4018 1875 4051 ω.
1904 4001 2183 4068 Nisiforte.
2212 4002 2317 4049 Nisi
2345 4013 2487 4066 putat
2514 4005 2588 4051 sui
2617 4005 2746 4052 simi·

607 4074 854 4139 scripsisse
879 4090 1032 4123 rasus.
1057 4078 1105 4124 J.
1121 4078 1183 4125 V.
1213 4080 1262 4127 1..
1719 4082 1813 4130 lem
1838 4084 2096 4141 Roscium,
2130 4082 2264 4146 quod
2288 4083 2373 4130 ille
2398 4085 2582 4148 optime
2611 4086 2747 4135 leuo-

683 4157 735 4204 8.
761 4154 919 4202 Ullum
943 4154 1109 4217 pilum.
1152 4157 1226 4205 Ne
1252 4159 1325 4206 vel
1353 4160 1548 4208 minima
1578 4177 1628 4208 re
1722 4164 1904 4211 nemin
1932 4163 2170 4210 comoedia
2197 4163 2424 4209 imitatur.
