3044 4788
687 408 793 477 IN
845 409 1272 477 VERREM
1322 407 1543 478 ACT.
1600 412 1706 495 11,
1757 413 1948 481 LIB.
2003 417 2056 481 Ι.
2297 417 2438 490 383

293 530 369 629 id
407 530 785 600 hominurn
814 526 1490 600 honestissimorum
1525 529 1795 603 tabulis
1821 532 2121 630 planum
2155 534 2397 611 fecero
2421 596 2441 627 ‚

294 638 475 737 fingi
521 663 563 709 a
608 648 728 709 me
765 637 907 709 hoc
959 654 1199 710 totum
1247 643 1596 738 temporis
1634 665 1846 715 causa
1885 661 2233 742 putatote.
2279 656 2432 721 Jam

294 753 425 848 qui
458 775 543 821 ex
564 749 959 821 calamitate
989 750 1339 821 senatoris
1371 751 1628 849 populi
1656 754 1963 843 romani,
1999 780 2228 851 quum
2253 784 2438 857 prae-

297 876 418 932 tor
451 860 724 956 judicio
772 859 929 954 ejus
979 859 1420 957 prae'fuisset,
1461 861 1689 957 spolia
1736 862 2039 934 domum
2080 890 2284 938 suam
2324 891 2438 941 re-

294 968 484 1041 ferre
511 1025 531 1057 ,
584 984 656 1041 et
708 969 1093 1041 manubias
1152 969 1532 1042 detrahere
1579 985 1878 1045 conatus
1919 988 2069 1063 est3
2111 978 2171 1048 is
2214 979 2434 1051 ullam

293 1079 387 1151 ab
425 1103 581 1151 sese
618 1078 1091 1150 calamitatem
1128 1082 1398 1178 poterit
1441 1078 1859 1178 deprecari?

390 1193 570 1261 LXI.
610 1194 792 1262 Nam
832 1189 924 1260 de
964 1189 1489 1261 subsortitione
1544 1189 1663 1260 illa
1715 1193 2061 1265 Juniana¹
2103 1195 2438 1289 judicum

295 1300 481 1371 nihil
522 1300 704 1371 dico.
746 1298 943 1391 Quid
979 1299 1220 1371 enim?
1258 1314 1509 1370 contra
1551 1299 1867 1388 tabulaS,
1910 1326 2090 1398 quas
2134 1319 2212 1375 tu
2256 1330 2430 1403 pro-

296 1411 563 1496 tulisti,
624 1409 927 1480 audeam
969 1408 1254 1480 dicere?
1302 1407 1639 1482 difficile²
1681 1426 1807 1481 est.
1859 1417 2020 1484 Non
2071 1410 2266 1485 enirn
2314 1436 2434 1489 me

295 1534 421 1590 tua
462 1464 738 1606 solum,
782 1533 854 1589 et
885 1518 1211 1613 judicum
1248 1523 1681 1607 auctoritaS,
1715 1520 1840 1591 sed
1875 1523 2087 1593 etiam
2120 1528 2437 1599 annulus

294 1651 558 1699 aureus
595 1627 843 1699 scribae
882 1633 989 1699 tui
1023 1628 1360 1700 deterret.
1402 1632 1571 1701 Non
1611 1629 1842 1701 dicam
1879 1632 1992 1719 id,
2025 1635 2224 1730 quod
2263 1662 2436 1735 pro-
2507 1652 2518 1661 ”

294 1738 471 1808 bare
501 1736 789 1811 difficile
822 1753 972 1810 est:
1007 1738 1149 1809 hoc
1181 1737 1446 1825 dicam,
1471 1738 1672 1836 quod
1709 1740 2085 1812 ostendam
2106 1798 2125 1830 ,
2163 1744 2435 1817 multos

295 1875 386 1920 ex
421 1863 490 1919 te
528 1850 719 1920 viros
763 1852 1141 1947 primarios
1179 1849 1460 1919 audisse
1485 1903 1504 1936 ,
1542 1874 1769 1945 quum
1805 1848 2117 1938 diceres,
2155 1854 2434 1949 ignosci

268 1959 425 2030 'tibi
453 1976 827 2057 oportere,
863 1959 1065 2057 quod
1102 1957 1357 2031 falsum
1395 1959 1721 2030 codicem
1753 1961 2181 2057 protuleris;
2227 1990 2436 2053 nam,

292 2094 438 2165 qua
458 2068 731 2140 invidia
753 2074 829 2140 C.
848 2074 886 2138 J
892 2071 1106 2139 unius
1132 2067 1638 2166 conflagrarat,
1666 2094 1779 2156 ea,
1803 2074 1942 2141 nisi
1970 2074 2431 2168 providisseS,

293 2178 423 2250 tibi
450 2182 587 2279 ipsi
625 2195 781 2251 tum
819 2179 1276 2278 pereundum
1309 2177 1549 2251 fuisse.
1584 2186 1734 2251 Hoc
1766 2180 1986 2253 modo
2024 2185 2157 2255 iste
2188 2185 2324 2257 sibi
2357 2203 2431 2259 et

291 2295 504 2366 saluti
540 2321 683 2367 suae
720 2296 1134 2394 prospicere
1178 2293 1429 2364 didicit
1452 2349 1471 2380 ,
1513 2293 1899 2366 referendo
1935 2300 2009 2366 in
2043 2298 2324 2372 tabulas
2362 2318 2435 2374 et

291 2408 600 2505 privatas
628 2421 697 2478 et
719 2403 1080 2504 publicas,
1109 2404 1307 2502 quod
1339 2421 1621 2502 gestum
1645 2432 1795 2477 non
1827 2423 2048 2496 esset;
2081 2411 2432 2504 tollendO,

289 2514 494 2613 quod
542 2531 768 2602 esset,
823 2530 894 2587 et
938 2540 1224 2613 semper
1267 2515 1543 2613 aliquid
1585 2514 1988 2603 demendO,
2041 2521 2430 2612 mutandO,

291 2620 685 2711 curando-³,
715 2649 806 2695 ne
839 2625 1053 2695 litura
1089 2640 1503 2724 appareret,
1531 2625 2062 2723 interpolanda
2094 2631 2198 2699 Eo
2234 2633 2427 2702 enim

291 2760 525 2832 usque
565 2733 1051 2833 progreditur,
1096 2750 1180 2806 ut
1220 2761 1314 2809 ne
1342 2733 1838 2807 defensionem
1876 2736 2173 2831 quidem
2209 2741 2429 2813 male-

288 2943 419 2989 enim
447 2943 692 2990 senatorio
726 2957 874 2989 censu
891 2975 905 2999 ‚
944 2941 1167 2990 ordinem
1194 2943 1310 2989 reti-

285 3038 408 3070 nere
438 3036 539 3069 non
567 3032 778 3086 poterat.

1396 2941 1595 2989 nomine
1610 2975 1627 3000 ,
1646 2951 1888 3003 tamquam
1908 2951 2082 2990 auctor
2095 2946 2428 3009 corruptionis

1397 3036 1507 3084 quae
1548 3030 1650 3068 tota
1677 3021 1844 3067 Verria
1875 3033 2006 3078 erat,
2047 3022 2301 3073 damnatus
2336 3036 2423 3074 est.

360 3103 494 3150 Lxr.
522 3117 566 3149 ι.
600 3099 852 3149 Subsoreie.
883 3101 1122 3149 larciana.
1151 3102 1207 3150 C.
1226 3103 1312 3148 Ju-

290 3181 418 3236 nius,
433 3179 693 3245 Oppianici
720 3180 984 3243 quaestioni
1010 3195 1160 3242 quum
1183 3194 1308 3242 prae-

289 3269 413 3307 eaaet
449 3259 625 3322 judex,
664 3260 785 3307 alios
822 3260 884 3307 ab
924 3260 984 3306 iis
1025 3257 1307 3320 judicibus,

285 3355 413 3402 quos
434 3338 726 3387 subsortitus
746 3350 865 3397 erat,
885 3339 1198 3401 supposuisse
1215 3337 1309 3384 fuit

285 3419 589 3466 insimulatus
611 3435 668 3466 ac
691 3419 956 3466 damnatus.
972 3417 1168 3465 Scilicet
1191 3431 1308 3480 sup·

284 3500 433 3564 positi
457 3501 645 3548 fuerant
664 3500 885 3561 judices,
915 3498 1003 3546 sed
1036 3499 1191 3546 inscio
1218 3501 1249 3546 J
1253 3513 1306 3544 u-

284 3581 373 3627 nio
390 3615 404 3638 ,
430 3580 490 3626 ab
512 3580 620 3642 ipso
634 3581 813 3637 Verre,
840 3578 925 3641 qui
952 3589 1006 3625 ut
1024 3577 1178 3626 Junio
1204 3591 1306 3623 ma-

276 3661 440 3718 jorem
491 3658 723 3707 conflaret
767 3657 1004 3705 invidiam
1019 3691 1034 3715 ,
1084 3657 1305 3705 codicem

284 3739 429 3786 etiam
456 3755 623 3798 mum,
668 3739 720 3785 in
761 3754 863 3802 quo
901 3737 1140 3801 descripta
1168 3739 1305 3784 eraut

276 3817 500 3878 judicum
533 3820 760 3876 nomina,
789 3818 971 3866 annulo
1008 3832 1109 3864 non
1143 3817 1299 3863 solum

282 3915 402 3956 suo,
422 3898 507 3946 aed
528 3899 671 3946 etiam
693 3898 865 3946 scribae
882 3897 958 3944 sui
972 3896 1302 3959 obsignatum,

282 3978 551 4025 interlitum
576 3977 755 4025 nefarie
781 3976 1011 4041 protulit,
1039 3975 1178 4037 quasi
1193 3991 1305 4022 eum

280 4058 461 4106 Junius
481 4056 814 4105 adulterasset.
840 4059 1009 4118 Itaque
1027 4055 1230 4110 Junius,
1248 4053 1304 4100 li·

282 4148 361 4183 cet
389 4136 813 4183 innocentissimus
834 4170 848 4194 ,
886 4133 1058 4194 judicii
1085 4133 1304 4196 corrupti

1398 3099 1517 3149 vid.
1548 3115 1639 3163 pro
1667 3099 1857 3148 Cluent.
1883 3116 1989 3164 cap.
2014 3103 2077 3148 33
2101 3118 2208 3166 sqq.

1470 3195 1519 3228 α.
1548 3177 1765 3245 Dffcile
1781 3190 1867 3228 est.
1891 3180 2071 3228 Itonia.
2088 3208 2159 3217 -—
2172 3184 2419 3233 Annulus.

1394 3262 1469 3307 De
1492 3274 1593 3322 quo
1621 3257 1719 3305 vid.
1734 3261 1872 3305 Verr.
1895 3261 1997 3318 111,
2025 3261 2109 3308 80.

1469 3340 1520 3387 3.
1560 3337 1791 3387 Cur-ando
1830 3355 1883 3386 n.
1922 3337 1955 3386 1.
1992 3351 2267 3402 appareret.
2306 3342 2422 3390 Non

1394 3417 1539 3465 habet
1564 3418 1759 3466 Nonius
1785 3417 2047 3465 Marcellus
2067 3435 2119 3467 v.
2141 3418 2190 3466 in
2219 3421 2414 3483 templu,

1393 3501 1444 3556 1,
1478 3497 1604 3555 145,
1639 3499 1721 3546 15.
1762 3497 1987 3546 Glossam
2014 3498 2220 3548 creduut
2251 3502 2419 3551 Lamb.

1393 3577 1530 3636 Desj.
1562 3576 1712 3625 Beck.
1745 3576 1925 3625 delevit
1965 3576 2165 3625 Schiitz.
2202 3580 2422 3629 Servavi-

1393 3673 1501 3703 mus
1528 3672 1641 3702 cum
1662 3658 1711 3704 J.
1727 3659 1790 3703 V.
1818 3660 1876 3705 L.
1916 3672 1975 3703 eo
2010 3657 2156 3724 quod*
2190 3671 2419 3723 congesta

1392 3736 1475 3783 illa
1492 3737 1640 3784 verba
1660 3753 1717 3784 ac
1737 3738 1940 3801 repetita
1959 3738 2110 3801 magis
2126 3738 2419 3803 singularem

1391 3819 1557 3865 Verris
1574 3834 1740 3865 curam
1761 3818 2122 3878 demonstrant,
2142 3835 2231 3867 nec
2255 3819 2422 3867 videm

1392 3906 1473 3943 tur
1496 3896 2140 3946 abundare.-Translatum
2168 3915 2196 3946 a
2225 3898 2420 3947 fulloni-

1391 3974 1508 4032 bus,
1534 3976 1647 4038 qui,
1674 3976 1909 4039 poliendo
1936 3988 2094 4024 vetera
2113 3992 2318 4039 quaeque
2338 3977 2418 4024 di-

1391 4055 1596 4117 ligenter
1612 4090 1627 4112 ,
1679 4058 1814 4119 quasi
1863 4056 1915 4102 in
1970 4071 2147 4102 novam
2202 4056 2417 4119 speciem

1394 4143 1600 4182 mutant.
