3044 4788
676 410 788 481 IN
838 409 925 497 Q.
979 410 1526 481 CAECILIUM
1575 411 2153 483 DIVINATIO.
2334 433 2463 480 ποι

346 529 778 633 platoribu5‚
813 554 999 628 quos
1043 556 1196 601 non
1241 531 1396 602 sine
1432 556 1644 605 causa
1686 532 2125 629 contempsit
2165 554 2474 628 semper,

347 669 434 715 ac
471 667 603 741 pro
647 641 874 711 nihilo
924 644 1236 737 putavit,
1278 641 1662 713 accusandi
1701 641 2117 725 voluntas,¹¹
2160 640 2252 711 ad
2286 642 2480 712 viros

347 751 613 840 forteS,
661 764 1167 848 spectatosque
1206 750 1541 823 homines
1585 752 1923 823 translata
1958 756 2082 841 sit,
2127 775 2202 823 se
2238 751 2316 821 in
2359 751 2478 845 ju-

347 863 547 936 diciis
590 861 1024 933 dominari¹²
1073 885 1225 932 non
1271 886 1506 958 posse.

440 976 630 1045 VIII.
666 976 849 1042 Huic
878 995 1013 1068 ego
1043 970 1323 1040 homini
1350 970 1498 1065 jam
1529 984 1696 1041 ante
1740 968 2094 1042 denuntio
2122 1024 2142 1055 ,
2181 975 2242 1041 si
2282 994 2324 1040 a
2363 994 2481 1040 me

347 1107 636 1157 causam
675 1082 861 1154 hanc
905 1104 1036 1152 vos
1067 1081 1182 1176 agi
1226 1080 1635 1167 volueritis,
1690 1084 2046 1151 rationem
2086 1080 2189 1150 illi
2226 1077 2477 1150 defen-

349 1190 568 1264 dendi
596 1206 821 1262 totam
848 1213 1000 1262 esse
1027 1188 1484 1277 mutandam;
1515 1206 1589 1261 et
1622 1195 1719 1260 ita
1745 1203 1989 1260 tamen
2023 1188 2485 1274 mutandam,

348 1317 433 1373 ut
451 1301 746 1375 meliore
770 1314 841 1371 et
870 1299 1284 1372 honestiore
1304 1298 1726 1371 conditione
1755 1304 1846 1370 sit
1867 1353 1886 1386 ,
1913 1323 2130 1396 quam
2152 1325 2299 1397 qua
2324 1302 2481 1399 ipse

351 1437 508 1485 esse
532 1411 720 1498 vult3
767 1425 847 1481 ut
882 1413 1202 1482 imitetur
1246 1410 1579 1486 homines
1621 1434 1787 1495 θος,
1827 1434 2014 1506 quos
2061 1412 2218 1508 ipse
2263 1411 2478 1496 vidit,

354 1521 861 1618 amplissimos,
907 1525 989 1590 L.
1018 1523 1356 1591 Crassum
1399 1534 1474 1594 et
1510 1522 1609 1589 M.
1634 1521 2108 1607 Antonium¹;
2151 1525 2277 1617 qui
2307 1520 2486 1590 nihil

360 1654 440 1701 se
470 1628 1005 1700 arbitrabantur
1037 1630 1127 1700 ad
1146 1630 1418 1724 judicia
1448 1655 1842 1728 causasque
1863 1633 2284 1714 amicorum,
2302 1656 2487 1729 proe-

360 1755 476 1812 ter
511 1738 733 1811 fidem
770 1754 842 1811 et
883 1742 1296 1838 ingenium,
1342 1739 1601 1812 afferre
1647 1755 2008 1837 oportere.
2068 1741 2264 1811 Nihil
2315 1745 2490 1828 erit,

357 1850 597 1948 quod,
632 1875 749 1923 me
794 1866 1091 1949 agente,
1154 1850 1582 1937 arbitretur,
1632 1850 1988 1944 judicium
2025 1854 2179 1922 sine
2222 1875 2486 1948 magno

355 1960 753 2030 multorum
790 1959 1116 2057 periculo
1156 1985 1367 2058 posse
1408 1963 1802 2058 corrumpi.
1863 1965 2015 2057 Ego
2064 1963 2141 2030 in
2185 1960 2327 2031 hoc
2364 1961 2486 2055 ju-

354 2070 539 2142 dicio
575 2071 752 2141 mihi
796 2071 1203 2144 Siculorum
1252 2095 1536 2145 causam
1579 2085 1941 2169 receptam
1966 2081 2021 2157 ²,
2066 2071 2320 2169 populi
2365 2096 2487 2141 ro-

353 2183 548 2252 mani
566 2196 970 2279 susceptam
995 2207 1147 2253 esse
1165 2180 1478 2252 arbitror
1509 2207 1524 2248 :
1558 2194 1640 2251 ut
1666 2181 1844 2270 mihi
1865 2204 2017 2250 non
2046 2205 2238 2251 unus
2267 2179 2486 2250 homo

355 2291 730 2390 improbus
759 2291 1281 2390 opprimendus
1310 2293 1437 2378 sit,
1473 2290 1549 2361 id
1572 2290 1774 2387 quod
1802 2289 2023 2361 Siculi
2047 2295 2488 2387 petiverunt,

356 2402 480 2474 sed
512 2405 814 2474 omnino
852 2401 1130 2475 omnis³
1169 2402 1592 2501 improbitas
1617 2456 1637 2490 ,
1674 2401 1749 2471 id
1785 2401 1987 2499 quod
2022 2402 2338 2499 populus
2381 2427 2493 2473 ro·

357 2538 614 2585 manus
658 2512 938 2609 jamdiu
982 2514 1292 2613 flagitat,
1351 2513 1877 2610 exstinguenda
1919 2526 2139 2608 atque
2188 2512 2495 2583 delenda

359 2627 470 2695 sit.
509 2629 594 2693 In
637 2649 789 2721 quo
826 2648 960 2720 ego
997 2625 1175 2721 quid
1217 2625 1430 2712 eniti,
1469 2640 1596 2695 aut
1632 2622 1809 2720 quid
1849 2621 2134 2697 efficere
2179 2626 2492 2719 possim,

360 2733 550 2804 malo
600 2734 675 2803 in
721 2734 1029 2805 aliorum
1079 2759 1207 2832 spe
1263 2734 1716 2832 relinquere,
1772 2756 1993 2830 quam
2035 2732 2110 2802 in
2165 2734 2493 2802 oratione

362 2865 521 2913 mea
561 2867 856 2941 ponere.

363 3103 548 3158 partem
597 3093 1034 3157 consequebantur.
1071 3093 1188 3141 vid.
1233 3095 1380 3142 Rosc.

363 3174 534 3222 Amet.
564 3189 671 3237 cap.
693 3189 758 3221 πο
774 3207 790 3230 ,
817 3184 924 3222 not.
949 3189 995 3220 1.

441 3266 461 3297 x
476 3266 519 3299 1.
531 3252 669 3298 Unus
687 3251 798 3304 cod.
813 3252 1063 3315 voluptas,
1083 3251 1222 3315 quod
1239 3250 1384 3298 Facio

363 3328 508 3376 nimis
532 3330 708 3393 placet.
743 3333 864 3379 J.V.
888 3334 944 3380 L.

440 3423 521 3456 n.
543 3409 764 3457 Lambin.
780 3427 807 3457 e
832 3410 945 3458 eod.
963 3410 1228 3471 Cujaciauo
1251 3425 1383 3457 rece·

363 3486 466 3549 pit,
502 3509 528 3528 a·
547 3486 787 3536 dominsri
822 3488 1007 3538 diutius
1041 3505 1143 3537 nou
1176 3505 1382 3553 possen.

361 3567 494 3614 LV.
522 3570 579 3615 L.
611 3593 683 3604 —
713 3569 975 3617 Dominari
1000 3569 1051 3616 in
1071 3567 1275 3634 judiciis
1307 3577 1381 3616 est

362 3659 418 3691 ee
452 3644 515 3692 ad
547 3656 721 3693 nutum
756 3648 948 3695 sseetere
984 3659 1034 3695 et
1074 3663 1384 3712 permovere,

360 3721 467 3769 sive
509 3727 714 3787 penum:
738 3760 755 3785 ,
797 3728 901 3774 sive
942 3726 1244 3790 eloquentis,
1282 3728 1385 3774 sive

360 3801 467 3849 eliis
488 3803 689 3853 artibus.

432 3882 571 3930 vm.
607 3899 655 3931 1.
699 3886 750 3932 l..
783 3888 1007 3935 Crassum
1044 3895 1094 3931 et
1125 3886 1197 3933 M.
1234 3887 1387 3932 Anto·

353 3960 515 4008 nium.
543 3963 617 4009 De
641 3961 741 4009 illis
763 3962 1090 4010 disertissimis
1109 3963 1385 4011 oratoribus

360 4037 444 4085 ndi
471 4039 534 4087 de
562 4042 770 4088 Oratore
798 4041 952 4089 llbros
978 4041 1064 4105 qui
1091 4057 1258 4090 eorum
1284 4041 1390 4089 hu-

362 4116 507 4167 dibus
539 4131 656 4168 sunt
681 4118 831 4183 pleni.
862 4120 1045 4169 Confer
1064 4121 1210 4168 etiam
1238 4119 1384 4169 finem

1471 3093 1692 3140 Verrinae
1722 3089 1973 3148 secundas,
2006 3100 2056 3138 et
2076 3090 2272 3138 initium
2293 3091 2497 3153 quintae.

1544 3188 1596 3221 α.
1651 3174 1922 3235 Recepcam.
1987 3169 2256 3235 Recipimus
2307 3171 2499 3232 rogeti3

1471 3251 1754 3315 suscipimus
1801 3249 1950 3297 ultro.
1996 3249 2076 3296 Sic
2122 3251 2174 3295 in
2218 3264 2320 3311 seq.
2367 3258 2495 3297 orat.

1474 3346 1609 3394 «ego
1641 3345 1791 3393 quum
1827 3328 1954 3376 hanc
1995 3343 2187 3375 causam
2222 3326 2498 3375 Siculorum

1473 3420 1647 3473 rogatu
1668 3408 1984 3471 recepissem,
2019 3417 2124 3453 tum
2152 3417 2379 3469 suscepto
2406 3422 2496 3452 ne-

1471 3490 1633 3553 gotio,
1661 3488 1816 3547 majus
1851 3486 1973 3533 mihi
2005 3486 2274 3549 quidquam
2311 3500 2498 3549 propo-

1471 3567 1582 3615 sui·
1601 3602 1612 3615 .
1642 3568 1927 3629 Susceperat
1953 3575 2115 3612 eutem
2143 3564 2296 3628 reipsa
2326 3565 2501 3612 Cicero

1474 3646 1654 3711 populi
1691 3661 1818 3694 rom.
1853 3659 2076 3701 cauum,
2112 3659 2263 3707 quum
2298 3644 2500 3704 judiciis

1473 3727 1574 3773 vim
1605 3742 1742 3773 suam
1777 3740 1833 3772 ac
1867 3723 2212 3771 auctoritatem
2247 3725 2500 3772 restituere

1472 3805 1646 3854 vellet.

1547 3885 1599 3933 3.
1626 3883 1780 3932 Abest
1805 3881 1961 3930 omnis
1991 3898 2019 3929 a
2041 3884 2205 3931 Groev.
2235 3891 2285 3929 et
2308 3882 2499 3928 Ernest-

1472 3966 1526 4013 J.
1544 3968 1607 4012 V.
1630 3963 1962 4027 L.—·Optime
1990 3962 2204 4026 explicat
2228 3961 2501 4017 Asconius,

1471 4042 1734 4107 significari
1786 4053 1834 4090 et
1885 4051 2148 4104 corruptos
2185 4038 2404 4100 judices,
2453 4050 2504 4086 et

1474 4132 1787 4186 corruptores
1813 4135 1982 4169 eorum
1998 4155 2013 4181 ,
2052 4132 2102 4168 et
2126 4127 2422 4181 sequestres,
2451 4127 2501 4167 et
