3044 4788
651 409 763 478 IN
814 408 1246 477 VERREM
1296 408 1504 475 ΛΒΤ.
1557 409 1673 493 11,
1722 410 1908 477 Lm.
1955 410 2011 478 1.
2253 430 2388 502 297

267 534 555 605 testium
606 527 1074 615 retardarent,
1112 551 1227 597 me
1271 550 1526 623 magna
1559 529 1865 624 pecunia
1903 551 1944 597 a
1982 550 2149 597 vera
2183 550 2399 597 accu-

268 647 542 715 satione
574 664 727 713 esse
752 637 1149 710 deductum
1173 692 1193 720 ,
1231 638 1509 709 tametsi
1539 636 2068 736 probabatur¹⁰
2097 638 2404 724 nemini,

268 751 467 850 quod
500 766 572 823 et
605 775 696 821 ex
731 749 967 820 Sicilia
1014 762 1228 820 testes
1270 762 1479 819 erant
1520 749 1604 836 ii,
1644 749 1772 844 qui
1809 761 2240 845 quaestorem
2281 772 2401 819 me

269 870 343 934 in
397 860 768 961 provincia
810 871 1336 956 cognoverant,
1382 872 1455 928 et
1497 857 1670 929 hinc
1712 857 2047 930 homines
2088 860 2402 929 maxime

265 972 619 1060 illustreS,
664 972 832 1068 qui,
865 983 948 1039 ut
989 969 1122 1067 ipsi
1164 971 1324 1039 noti
1358 980 1571 1056 sunt,
1613 971 1715 1039 sic
1757 983 2091 1040 nostrum
2133 992 2402 1039 unum·

267 1105 638 1180 quemque
674 1084 950 1177 optime
986 1092 1300 1166 norunt;
1338 1092 1582 1148 tamen
1625 1102 1860 1174 usque
1903 1102 1992 1149 eo
2030 1078 2274 1164 timui,
2312 1101 2404 1147 ne

269 1196 435 1289 quis
478 1189 570 1262 de
606 1214 766 1261 mea
803 1188 949 1260 fide
997 1203 1217 1286 atque
1256 1188 1665 1286 integritate
1700 1186 2071 1260 dubitaret
2094 1241 2115 1276 ,
2171 1186 2407 1259 donec

270 1300 363 1372 ad
396 1297 825 1396 rejiciendos
860 1297 1141 1394 judices
1174 1299 1532 1370 venimus.

366 1415 521 1482 VII.
588 1408 914 1481 Sciebam
968 1409 1047 1480 in
1098 1407 1509 1504 rejiciendis
1559 1407 1931 1503 judicibus
1975 1408 2406 1495 nonnulIOS,

272 1522 623 1592 memoria
652 1534 897 1591 nostra
918 1573 938 1608 ,
969 1522 1360 1618 pactionis¹
1403 1520 1891 1616 suspicionem
1927 1542 2079 1588 non
2117 1519 2409 1603 vitasse,

278 1655 513 1728 quum
532 1632 683 1727 ipsa
703 1632 777 1700 in
798 1632 1257 1702 accusatione
1285 1653 1544 1700 eorum
1564 1628 1920 1700 industria
1935 1652 2017 1698 ac
2040 1625 2410 1725 diligentia

281 1738 733 1838 probaretur.
786 1745 892 1810 Ita
934 1740 1153 1835 rejeci
1203 1738 1521 1835 judices,
1570 1753 1653 1810 ut
1705 1739 1848 1810 hoc
1886 1752 2204 1825 constet,
2240 1752 2408 1837 post

278 1851 478 1922 hunc
527 1862 841 1923 statum²
902 1848 1357 1947 reipublicae,
1413 1873 1564 1947 quo
1606 1872 1807 1919 nunc
1856 1851 2152 1936 utimur,
2190 1847 2404 1918 simili

275 1959 659 2059 splendore
695 1975 769 2033 et
794 1959 1139 2058 dignitate
1176 1958 1559 2031 consilium
1588 1957 1873 2029 nullum
1901 1957 2138 2030 fuisse.
2171 1960 2407 2048 Quam

274 2073 406 2143 iste
453 2067 778 2143 laudem³
809 2094 1311 2159 communem,
1348 2071 1488 2157 ait,
1536 2068 1671 2139 sibi
1710 2092 1863 2165 esse
1906 2064 2190 2139 mecum
2228 2095 2243 2138 :
2282 2071 2409 2165 qui

275 2205 505 2277 quum
548 2186 623 2252 P.
659 2178 963 2253 Galbam
984 2181 1013 2229 ⁴
1049 2177 1372 2274 judicem
1407 2178 1774 2273 rejecisset
1795 2232 1815 2266 ,
1855 2181 1954 2247 M.
1982 2171 2405 2249 Lucretiun‘i

275 2291 603 2377 retinuit;
640 2304 712 2361 et
733 2344 752 2377 ,
792 2314 1023 2387 quum
1049 2288 1204 2384 ejus
1233 2302 1586 2384 patronus
1615 2312 1700 2358 ex
1736 2312 1824 2359 eo
1853 2302 2247 2384 quaereret,
2277 2312 2409 2360 cur

274 2427 445 2474 suos
479 2400 1102 2490 familiarissimos,
1128 2403 1291 2472 Sex.
1322 2398 1783 2486 Peducaeum,
1813 2402 1900 2490 Q.
1939 2397 2362 2469 Considium
2385 2453 2405 2487 ,

276 2515 368 2600 Q.
394 2515 693 2580 Junium
728 2510 928 2604 rejici
969 2504 1268 2607 passus⁵
1312 2522 1538 2594 esset,
1580 2507 1996 2603 respondit,
2040 2507 2243 2606 quod
2283 2533 2407 2579 eos

278 2621 357 2690 in
381 2616 775 2714 judicando
804 2621 1107 2700 nimium
1145 2623 1257 2691 sui
1293 2616 1528 2714 juris⁶
1577 2622 2098 2715 sententiaeque
2137 2641 2409 2715 cogno-

279 2743 533 2802 sceret.
563 2733 851 2825 Itaque,
876 2728 1242 2824 judicibus
1268 2729 1586 2824 rejectis,
1619 2728 2020 2828 sperabam,
2037 2729 2186 2824 jam
2227 2751 2414 2798 onus

277 2864 526 2910 meum
560 2839 939 2912 vobiscum
973 2864 1124 2911 esse
1149 2865 1573 2928 commune3
1608 2838 1955 2937 putabam
1985 2864 2138 2910 non
2171 2839 2411 2910 solum

276 2953 474 3022 notis
492 2961 544 3040 ⁷,
576 2949 704 3022 sed
741 2952 959 3022 etiam
998 2952 1259 3046 ignotis
1295 2949 1679 3049 probatam
1725 2974 1958 3021 meam
2004 2946 2222 3020 fidem
2257 2974 2410 3022 esse

276 3178 455 3227 fleatur
495 3179 812 3238 Hortensius,
853 3178 1034 3228 vestitu
1072 3190 1125 3227 et
1165 3179 1303 3229 cultu
1390 3196 1419 3228 ι
1453 3182 1605 3227 Verre
1653 3188 1894 3227 retentum
1933 3177 2116 3253 'cicero
2166 3179 2413 3238 rejecerat.

275 3258 502 3322 corporis
525 3258 807 3321 elegantior.
832 3260 893 3306 A.
913 3258 1041 3308 Geli.
1062 3260 1112 3317 1,
1144 3258 1193 3307 5.
1464 3260 1515 3307 5.
1545 3258 1699 3323 Rejici
1717 3273 1908 3322 passus.
1936 3257 2181 3305 Asconius
2212 3258 2416 3306 arbitra*-

353 3352 434 3385 ιο.
472 3340 663 3386 Ernest.
699 3339 834 3400 conj.
864 3338 1302 3404 «probabantur».
1390 3349 1473 3385 tur
1517 3337 1830 3397 rejectionem
1872 3352 1900 3383 a
1949 3352 2034 3384 reo
2069 3336 2306 3400 primum,
2350 3338 2414 3386 ab

274 3418 309 3465 J
314 3451 329 3466 .
351 3418 416 3464 V.
438 3419 496 3464 1..
1389 3427 1669 3464 accusatore
1687 3427 1856 3480 postea
1871 3415 1997 3475 fleri,
2007 3415 2143 3479 qnod
2158 3416 2417 3466 verisimile

346 3499 464 3545 VII.
502 3512 547 3543 1.
584 3496 848 3547 Paccianis.
882 3498 1045 3561 Quam
1075 3513 1186 3546 cum
1212 3511 1298 3544 reo
1390 3494 1598 3544 videtur.
1624 3497 1792 3559 Itaque
1816 3495 2161 3560 interpretatur
2176 3495 2415 3561 rejecisset

273 3576 525 3634 fecissent,
552 3585 606 3623 ut
626 3577 1071 3641 praevarimrentur.
1386 3573 1512 3639 ipse,-
1534 3590 1647 3622 nam
1679 3590 1740 3621 ne
1775 3575 2090 3634 rejicerentur
2124 3573 2186 3621 ab
2218 3590 2414 3623 accusa·

347 3669 397 3702 a.
424 3656 536 3702 Post
561 3653 689 3702 bunc
711 3666 911 3704 statum.
941 3656 1020 3704 Ab
1042 3658 1182 3702 annin
1209 3654 1296 3702 de·
1386 3665 1521 3711 tore,
1548 3653 1634 3717 qni
1662 3663 1851 3716 poterat
1877 3653 2144 3702 obsistere?
2161 3655 2306 3703 Mur.

275 3749 488 3793 cem,ex
511 3750 611 3798 qno
636 3745 857 3798 tenpore
874 3735 1068 3800 judicat
1085 3744 1295 3783 senatus.
1455 3734 1508 3780 6.
1548 3730 1766 3778 Nimium
1805 3731 1884 3779 sui
1916 3732 2066 3796 juris.
2112 3733 2413 3781 Pertinacius

349 3813 397 3861 3.
423 3813 659 3861 Laudem.
690 3813 905 3877 Optima
926 3812 1147 3874 judicum
1172 3813 1295 3873 reje-
1385 3828 1484 3860 ωε
1507 3811 1734 3876 opinioni
1760 3811 2085 3868 adhaercnte23
2104 3822 2154 3860 et
2171 3812 2257 3875 qni
2279 3813 2411 3860 nulla

276 3891 468 3940 ctionis.
1388 3894 1541 3956 gratia
1571 3909 1597 3939 a
1624 3891 1772 3939 semel
1806 3901 2027 3956 suscepta
2064 3891 2302 3939 sententia
2330 3891 2413 3939 de·-

350 3979 400 4027 4.
420 3951 497 4021 ⁸1².
542 3971 773 4020 Galbam.
821 3970 995 4017 Virum
1046 3971 1299 4033 integerri·
1389 3971 1503 4019 duci
1520 3981 1742 4035 possent.

278 4065 427 4098 mum.
468 4076 538 4087 —·
574 4052 649 4098 M.
669 4047 959 4097 Lucretium.
998 4044 1185 4096 Malum
1209 4049 1299 4097 ho-
1460 4067 1507 4110 7.
1539 4050 1700 4098 Notis.
1735 4049 1859 4097 lvoei
1882 4060 1931 4097 et
1967 4049 2124 4114 Ignoti
2159 4048 2315 4097 activa
2353 4049 2415 4096 ni·

278 4126 1298 4193 mheQetconuptioniohnoxiumfluem
1386 4127 1702 4195 gnificatione
1722 4163 1736 4188 ,
1778 4143 1870 4193 pro
1910 4128 1973 4175 iis
2012 4129 2098 4191 qui
2138 4138 2324 4175 norunt
2358 4138 2410 4175 et
