<?xml version="1.0" encoding="UTF-8"?>
<!DOCTYPE html PUBLIC "-//W3C//DTD XHTML 1.0 Transitional//EN"
    "http://www.w3.org/TR/xhtml1/DTD/xhtml1-transitional.dtd">
<html xmlns="http://www.w3.org/1999/xhtml" xml:lang="en" lang="en">
 <head>
  <title>
</title>
<meta http-equiv="Content-Type" content="text/html;charset=utf-8" />
  <meta name='ocr-system' content='tesseract 3.04.00' />
  <meta name='ocr-capabilities' content='ocr_page ocr_carea ocr_par ocr_line ocrx_word'/>
</head>
<body>
  <div class='ocr_page' id='page_1' title='image "./mtciceronisquae09lemagoog/mtciceronisquae09lemagoog_0649.png"; bbox 0 0 3044 4788; ppageno 0'>
   <div class='ocr_carea' id='block_1_1' title="bbox 725 450 2390 527">
    <p class='ocr_par' dir='ltr' id='par_1_1' title="bbox 725 450 2390 527">
     <span class='ocr_line' id='line_1_1' title="bbox 725 450 2390 527; baseline -0.005 0"><span class='ocrx_word' id='word_1_1' title='bbox 725 462 854 527; x_wconf 91' lang='lat' dir='ltr'><strong>DE</strong></span> <span class='ocrx_word' id='word_1_2' title='bbox 903 456 1355 525; x_wconf 84' lang='lat' dir='ltr'>JUDICIIS</span> <span class='ocrx_word' id='word_1_3' title='bbox 1404 453 1913 521; x_wconf 90' lang='lat' dir='ltr'><strong>PUBLICIS.</strong></span> <span class='ocrx_word' id='word_1_4' title='bbox 2094 494 2099 501; x_wconf 79' lang='lat'><em>-</em></span> <span class='ocrx_word' id='word_1_5' title='bbox 2238 450 2390 519; x_wconf 82' lang='lat'><strong>611·</strong></span> 
     </span>
    </p>
   </div>
   <div class='ocr_carea' id='block_1_2' title="bbox 263 573 2400 4239">
    <p class='ocr_par' dir='ltr' id='par_1_2' title="bbox 263 573 2389 1493">
     <span class='ocr_line' id='line_1_2' title="bbox 353 573 2378 659; baseline -0.003 -17"><span class='ocrx_word' id='word_1_6' title='bbox 353 585 556 644; x_wconf 80' lang='lat' dir='ltr'>Causa</span> <span class='ocrx_word' id='word_1_7' title='bbox 596 579 827 657; x_wconf 86' lang='lat' dir='ltr'><strong>semel,</strong></span> <span class='ocrx_word' id='word_1_8' title='bbox 876 591 990 639; x_wconf 88' lang='lat' dir='ltr'><strong>aut</strong></span> <span class='ocrx_word' id='word_1_9' title='bbox 1031 574 1130 637; x_wconf 90' lang='lat' dir='ltr'><strong>bis</strong></span> <span class='ocrx_word' id='word_1_10' title='bbox 1180 573 1507 658; x_wconf 85' lang='lat' dir='ltr'><strong>utrimque</strong></span> <span class='ocrx_word' id='word_1_11' title='bbox 1546 588 1795 659; x_wconf 89' lang='lat' dir='ltr'><strong>peracta</strong></span> <span class='ocrx_word' id='word_1_12' title='bbox 1821 619 1839 652; x_wconf 91' lang='lat'><strong>,</strong></span> <span class='ocrx_word' id='word_1_13' title='bbox 1870 594 2074 658; x_wconf 90' lang='lat' dir='ltr'><strong>quum</strong></span> <span class='ocrx_word' id='word_1_14' title='bbox 2106 587 2378 659; x_wconf 86' lang='lat' dir='ltr'><strong>uterque</strong></span> 
     </span>
     <span class='ocr_line' id='line_1_3' title="bbox 269 678 2381 771; baseline -0.003 -23"><span class='ocrx_word' id='word_1_15' title='bbox 269 701 488 748; x_wconf 88' lang='lat' dir='ltr'><strong>orator</strong></span> <span class='ocrx_word' id='word_1_16' title='bbox 508 706 576 747; x_wconf 81' lang='lat' dir='ltr'><strong>se</strong></span> <span class='ocrx_word' id='word_1_17' title='bbox 594 682 824 746; x_wconf 82' lang='lat' dir='ltr'>dixisse</span> <span class='ocrx_word' id='word_1_18' title='bbox 847 679 1222 771; x_wconf 79' lang='lat' dir='ltr'><strong>significavit</strong></span> <span class='ocrx_word' id='word_1_19' title='bbox 1239 727 1256 757; x_wconf 90' lang='lat'><strong>,</strong></span> <span class='ocrx_word' id='word_1_20' title='bbox 1281 694 1395 741; x_wconf 90' lang='lat' dir='ltr'><strong>aut</strong></span> <span class='ocrx_word' id='word_1_21' title='bbox 1416 700 1625 765; x_wconf 84' lang='lat' dir='ltr'><strong>praeco</strong></span> <span class='ocrx_word' id='word_1_22' title='bbox 1647 678 2118 764; x_wconf 81' lang='lat' dir='ltr'><strong>pronuntiavit,</strong></span> <span class='ocrx_word' id='word_1_23' title='bbox 2144 678 2381 759; x_wconf 82' lang='lat' dir='ltr'><strong>dixere,</strong></span> 
     </span>
     <span class='ocr_line' id='line_1_4' title="bbox 270 780 2380 876; baseline -0.002 -24"><span class='ocrx_word' id='word_1_24' title='bbox 270 806 505 876; x_wconf 88' lang='lat' dir='ltr'><strong>praetor</strong></span> <span class='ocrx_word' id='word_1_25' title='bbox 535 805 745 852; x_wconf 85' lang='lat' dir='ltr'><strong>ternas</strong></span> <span class='ocrx_word' id='word_1_26' title='bbox 778 786 1102 868; x_wconf 73' lang='lat' dir='ltr'><strong>judicibus</strong></span> <span class='ocrx_word' id='word_1_27' title='bbox 1144 782 1402 846; x_wconf 89' lang='lat' dir='ltr'><strong>tabellas</strong></span> <span class='ocrx_word' id='word_1_28' title='bbox 1432 780 1642 862; x_wconf 84' lang='lat' dir='ltr'><strong>dedit,</strong></span> <span class='ocrx_word' id='word_1_29' title='bbox 1687 805 1885 844; x_wconf 90' lang='lat' dir='ltr'><strong>unam</strong></span> <span class='ocrx_word' id='word_1_30' title='bbox 1923 782 2380 864; x_wconf 81' lang='lat' dir='ltr'><strong>absolutionis3</strong></span> 
     </span>
     <span class='ocr_line' id='line_1_5' title="bbox 267 888 2377 975; baseline -0.002 -20"><span class='ocrx_word' id='word_1_31' title='bbox 267 893 529 963; x_wconf 89' lang='lat' dir='ltr'><strong>alteram</strong></span> <span class='ocrx_word' id='word_1_32' title='bbox 549 889 1122 969; x_wconf 77' lang='lat' dir='ltr'><strong>condemnationi53</strong></span> <span class='ocrx_word' id='word_1_33' title='bbox 1142 888 1394 952; x_wconf 82' lang='lat' dir='ltr'><strong>tertiam</strong></span> <span class='ocrx_word' id='word_1_34' title='bbox 1414 888 1865 975; x_wconf 84' lang='lat' dir='ltr'><strong>ampliationis3</strong></span> <span class='ocrx_word' id='word_1_35' title='bbox 1885 911 2162 975; x_wconf 91' lang='lat' dir='ltr'><strong>quarum</strong></span> <span class='ocrx_word' id='word_1_36' title='bbox 2181 911 2377 951; x_wconf 89' lang='lat' dir='ltr'><strong>unam</strong></span> 
     </span>
     <span class='ocr_line' id='line_1_6' title="bbox 269 993 2379 1081; baseline -0.001 -22"><span class='ocrx_word' id='word_1_37' title='bbox 269 998 337 1060; x_wconf 90' lang='lat' dir='ltr'><strong>in</strong></span> <span class='ocrx_word' id='word_1_38' title='bbox 364 1021 594 1062; x_wconf 87' lang='lat' dir='ltr'><strong>urnam</strong></span> <span class='ocrx_word' id='word_1_39' title='bbox 620 1001 963 1063; x_wconf 79' lang='lat' dir='ltr'><strong>mitterent.</strong></span> <span class='ocrx_word' id='word_1_40' title='bbox 995 996 1187 1056; x_wconf 84' lang='lat' dir='ltr'><strong>Urnoe</strong></span> <span class='ocrx_word' id='word_1_41' title='bbox 1209 1009 1423 1056; x_wconf 87' lang='lat' dir='ltr'><strong>autem</strong></span> <span class='ocrx_word' id='word_1_42' title='bbox 1455 1008 1554 1056; x_wconf 88' lang='lat' dir='ltr'><strong>tot</strong></span> <span class='ocrx_word' id='word_1_43' title='bbox 1578 995 1873 1074; x_wconf 88' lang='lat' dir='ltr'><strong>fuerunt,</strong></span> <span class='ocrx_word' id='word_1_44' title='bbox 1904 1009 2066 1081; x_wconf 88' lang='lat' dir='ltr'><strong>quot</strong></span> <span class='ocrx_word' id='word_1_45' title='bbox 2084 993 2379 1075; x_wconf 84' lang='lat' dir='ltr'><strong>judicum</strong></span> 
     </span>
     <span class='ocr_line' id='line_1_7' title="bbox 269 1099 2389 1186; baseline 0 -23"><span class='ocrx_word' id='word_1_46' title='bbox 269 1101 546 1180; x_wconf 78' lang='lat' dir='ltr'><strong>ordines,</strong></span> <span class='ocrx_word' id='word_1_47' title='bbox 567 1101 681 1186; x_wconf 90' lang='lat' dir='ltr'><strong>qui</strong></span> <span class='ocrx_word' id='word_1_48' title='bbox 704 1099 1066 1179; x_wconf 84' lang='lat' dir='ltr'><strong>judicarent</strong></span> <span class='ocrx_word' id='word_1_49' title='bbox 1091 1121 1106 1162; x_wconf 92' lang='lat'>:</span> <span class='ocrx_word' id='word_1_50' title='bbox 1140 1113 1552 1185; x_wconf 47' lang='lat' dir='ltr'><strong>nempe‘tres‚</strong></span> <span class='ocrx_word' id='word_1_51' title='bbox 1574 1120 1778 1184; x_wconf 90' lang='lat' dir='ltr'><strong>quum</strong></span> <span class='ocrx_word' id='word_1_52' title='bbox 1807 1114 1933 1162; x_wconf 88' lang='lat' dir='ltr'><strong>tres</strong></span> <span class='ocrx_word' id='word_1_53' title='bbox 1962 1099 2250 1180; x_wconf 87' lang='lat' dir='ltr'><strong>ordines;</strong></span> <span class='ocrx_word' id='word_1_54' title='bbox 2280 1123 2389 1163; x_wconf 80' lang='lat' dir='ltr'><strong>se-</strong></span> 
     </span>
     <span class='ocr_line' id='line_1_8' title="bbox 270 1203 2383 1290; baseline -0.002 -21"><span class='ocrx_word' id='word_1_55' title='bbox 270 1205 553 1269; x_wconf 87' lang='lat' dir='ltr'><strong>natorius</strong></span> <span class='ocrx_word' id='word_1_56' title='bbox 570 1253 588 1285; x_wconf 93' lang='lat'><strong>,</strong></span> <span class='ocrx_word' id='word_1_57' title='bbox 621 1203 938 1290; x_wconf 88' lang='lat' dir='ltr'><strong>equestris</strong></span> <span class='ocrx_word' id='word_1_58' title='bbox 956 1251 974 1284; x_wconf 91' lang='lat'><strong>,</strong></span> <span class='ocrx_word' id='word_1_59' title='bbox 1003 1219 1068 1266; x_wconf 89' lang='lat' dir='ltr'><strong>et</strong></span> <span class='ocrx_word' id='word_1_60' title='bbox 1090 1203 1504 1267; x_wconf 88' lang='lat' dir='ltr'><strong>tribunorum</strong></span> <span class='ocrx_word' id='word_1_61' title='bbox 1538 1203 1740 1266; x_wconf 84' lang='lat' dir='ltr'><strong>aerarii</strong></span> <span class='ocrx_word' id='word_1_62' title='bbox 1758 1251 1775 1284; x_wconf 95' lang='lat'><strong>,</strong></span> <span class='ocrx_word' id='word_1_63' title='bbox 1794 1203 2033 1282; x_wconf 89' lang='lat' dir='ltr'><strong>judicia</strong></span> <span class='ocrx_word' id='word_1_64' title='bbox 2061 1204 2383 1267; x_wconf 90' lang='lat' dir='ltr'><strong>obierunt.</strong></span> 
     </span>
     <span class='ocr_line' id='line_1_9' title="bbox 263 1307 2384 1396; baseline -0 -24"><span class='ocrx_word' id='word_1_65' title='bbox 263 1312 347 1372; x_wconf 88' lang='lat' dir='ltr'><strong>At</strong></span> <span class='ocrx_word' id='word_1_66' title='bbox 386 1331 592 1395; x_wconf 90' lang='lat' dir='ltr'><strong>quum</strong></span> <span class='ocrx_word' id='word_1_67' title='bbox 609 1309 827 1372; x_wconf 79' lang='lat' dir='ltr'><strong>Verris</strong></span> <span class='ocrx_word' id='word_1_68' title='bbox 868 1307 1185 1390; x_wconf 86' lang='lat' dir='ltr'><strong>judicium</strong></span> <span class='ocrx_word' id='word_1_69' title='bbox 1222 1325 1556 1396; x_wconf 87' lang='lat' dir='ltr'><strong>peractum</strong></span> <span class='ocrx_word' id='word_1_70' title='bbox 1590 1323 1713 1389; x_wconf 90' lang='lat' dir='ltr'><strong>est,</strong></span> <span class='ocrx_word' id='word_1_71' title='bbox 1746 1309 1865 1372; x_wconf 81' lang='lat' dir='ltr'><strong>soli</strong></span> <span class='ocrx_word' id='word_1_72' title='bbox 1900 1325 2055 1373; x_wconf 90' lang='lat' dir='ltr'><strong>tunc</strong></span> <span class='ocrx_word' id='word_1_73' title='bbox 2087 1310 2167 1373; x_wconf 89' lang='lat' dir='ltr'><strong>ab</strong></span> <span class='ocrx_word' id='word_1_74' title='bbox 2200 1311 2384 1373; x_wconf 90' lang='lat' dir='ltr'><strong>annis</strong></span> 
     </span>
     <span class='ocr_line' id='line_1_10' title="bbox 268 1413 1275 1493; baseline -0.001 -16"><span class='ocrx_word' id='word_1_75' title='bbox 268 1414 510 1477; x_wconf 79' lang='lat' dir='ltr'><strong>decem&#39;</strong></span> <span class='ocrx_word' id='word_1_76' title='bbox 524 1413 896 1493; x_wconf 90' lang='lat' dir='ltr'><strong>judicabant</strong></span> <span class='ocrx_word' id='word_1_77' title='bbox 931 1428 1275 1476; x_wconf 77' lang='lat' dir='ltr'><strong>senatores,</strong></span> 
     </span>
    </p>

    <p class='ocr_par' dir='ltr' id='par_1_3' title="bbox 263 1517 2387 2344">
     <span class='ocr_line' id='line_1_11' title="bbox 355 1517 2382 1607; baseline -0.001 -22"><span class='ocrx_word' id='word_1_78' title='bbox 355 1519 626 1585; x_wconf 89' lang='lat' dir='ltr'><strong>Tabellis</strong></span> <span class='ocrx_word' id='word_1_79' title='bbox 651 1519 811 1583; x_wconf 88' lang='lat' dir='ltr'><strong>datis</strong></span> <span class='ocrx_word' id='word_1_80' title='bbox 829 1568 846 1600; x_wconf 94' lang='lat'><strong>,</strong></span> <span class='ocrx_word' id='word_1_81' title='bbox 872 1517 1121 1598; x_wconf 88' lang='lat' dir='ltr'><strong>judices</strong></span> <span class='ocrx_word' id='word_1_82' title='bbox 1145 1534 1381 1607; x_wconf 85' lang='lat' dir='ltr'><strong>praetor</strong></span> <span class='ocrx_word' id='word_1_83' title='bbox 1408 1520 1474 1582; x_wconf 91' lang='lat' dir='ltr'><strong>in</strong></span> <span class='ocrx_word' id='word_1_84' title='bbox 1502 1520 1843 1583; x_wconf 89' lang='lat' dir='ltr'><strong>consilium</strong></span> <span class='ocrx_word' id='word_1_85' title='bbox 1864 1519 2068 1600; x_wconf 85' lang='lat' dir='ltr'><strong>misit,</strong></span> <span class='ocrx_word' id='word_1_86' title='bbox 2096 1520 2225 1583; x_wconf 92' lang='lat' dir='ltr'><strong>hoc</strong></span> <span class='ocrx_word' id='word_1_87' title='bbox 2251 1536 2347 1583; x_wconf 90' lang='lat' dir='ltr'><strong>est</strong></span> <span class='ocrx_word' id='word_1_88' title='bbox 2365 1568 2382 1600; x_wconf 93' lang='lat'><strong>,</strong></span> 
     </span>
     <span class='ocr_line' id='line_1_12' title="bbox 263 1623 2379 1712; baseline 0 -24"><span class='ocrx_word' id='word_1_89' title='bbox 263 1623 451 1702; x_wconf 80' lang='lat' dir='ltr'><strong>iussit</strong></span> <span class='ocrx_word' id='word_1_90' title='bbox 482 1625 622 1689; x_wconf 85' lang='lat' dir='ltr'><strong>illos</strong></span> <span class='ocrx_word' id='word_1_91' title='bbox 658 1627 952 1688; x_wconf 87' lang='lat' dir='ltr'><strong>conferre</strong></span> <span class='ocrx_word' id='word_1_92' title='bbox 984 1625 1219 1712; x_wconf 89' lang='lat' dir='ltr'><strong>capita,</strong></span> <span class='ocrx_word' id='word_1_93' title='bbox 1268 1647 1340 1687; x_wconf 89' lang='lat' dir='ltr'><strong>ac</strong></span> <span class='ocrx_word' id='word_1_94' title='bbox 1372 1623 1725 1695; x_wconf 88' lang='lat' dir='ltr'><strong>deliberare</strong></span> <span class='ocrx_word' id='word_1_95' title='bbox 1757 1625 1926 1688; x_wconf 90' lang='lat' dir='ltr'><strong>inter</strong></span> <span class='ocrx_word' id='word_1_96' title='bbox 1954 1647 2022 1688; x_wconf 88' lang='lat' dir='ltr'><strong>se</strong></span> <span class='ocrx_word' id='word_1_97' title='bbox 2064 1624 2173 1709; x_wconf 93' lang='lat' dir='ltr'><strong>(in</strong></span> <span class='ocrx_word' id='word_1_98' title='bbox 2199 1625 2379 1688; x_wconf 82' lang='lat' dir='ltr'><strong>Verr.</strong></span> 
     </span>
     <span class='ocr_line' id='line_1_13' title="bbox 265 1731 2381 1820; baseline 0.001 -27"><span class='ocrx_word' id='word_1_99' title='bbox 265 1731 378 1795; x_wconf 93' lang='lat' dir='ltr'><strong>lib.</strong></span> <span class='ocrx_word' id='word_1_100' title='bbox 403 1732 538 1813; x_wconf 86' lang='lat'><strong>111,</strong></span> <span class='ocrx_word' id='word_1_101' title='bbox 571 1755 707 1820; x_wconf 87' lang='lat' dir='ltr'><strong>cap.</strong></span> <span class='ocrx_word' id='word_1_102' title='bbox 741 1731 887 1817; x_wconf 84' lang='lat'><strong>12),</strong></span> <span class='ocrx_word' id='word_1_103' title='bbox 928 1748 991 1795; x_wconf 83' lang='lat' dir='ltr'><strong>et</strong></span> <span class='ocrx_word' id='word_1_104' title='bbox 1024 1731 1104 1794; x_wconf 90' lang='lat' dir='ltr'><strong>ad</strong></span> <span class='ocrx_word' id='word_1_105' title='bbox 1131 1753 1327 1795; x_wconf 85' lang='lat' dir='ltr'><strong>urnas</strong></span> <span class='ocrx_word' id='word_1_106' title='bbox 1359 1731 1696 1814; x_wconf 86' lang='lat' dir='ltr'><strong>accedere,</strong></span> <span class='ocrx_word' id='word_1_107' title='bbox 1732 1748 1925 1819; x_wconf 88' lang='lat' dir='ltr'><strong>atque</strong></span> <span class='ocrx_word' id='word_1_108' title='bbox 1957 1733 2026 1794; x_wconf 91' lang='lat' dir='ltr'><strong>in</strong></span> <span class='ocrx_word' id='word_1_109' title='bbox 2051 1753 2153 1794; x_wconf 91' lang='lat' dir='ltr'><strong>eas</strong></span> <span class='ocrx_word' id='word_1_110' title='bbox 2177 1732 2381 1795; x_wconf 88' lang='lat' dir='ltr'><strong>tabel-</strong></span> 
     </span>
     <span class='ocr_line' id='line_1_14' title="bbox 267 1835 2380 1924; baseline 0 -25"><span class='ocrx_word' id='word_1_111' title='bbox 267 1837 392 1899; x_wconf 88' lang='lat' dir='ltr'><strong>lam</strong></span> <span class='ocrx_word' id='word_1_112' title='bbox 410 1886 428 1918; x_wconf 91' lang='lat'><strong>,</strong></span> <span class='ocrx_word' id='word_1_113' title='bbox 456 1859 582 1924; x_wconf 90' lang='lat' dir='ltr'><strong>qua</strong></span> <span class='ocrx_word' id='word_1_114' title='bbox 611 1838 921 1923; x_wconf 88' lang='lat' dir='ltr'><strong>cujusque</strong></span> <span class='ocrx_word' id='word_1_115' title='bbox 946 1835 1180 1915; x_wconf 83' lang='lat' dir='ltr'><strong>judicis</strong></span> <span class='ocrx_word' id='word_1_116' title='bbox 1205 1837 1520 1900; x_wconf 86' lang='lat' dir='ltr'><strong>sententia</strong></span> <span class='ocrx_word' id='word_1_117' title='bbox 1553 1837 2016 1917; x_wconf 83' lang='lat' dir='ltr'><strong>contineretur,</strong></span> <span class='ocrx_word' id='word_1_118' title='bbox 2043 1836 2380 1915; x_wconf 85' lang='lat' dir='ltr'><strong>conjicere.</strong></span> 
     </span>
     <span class='ocr_line' id='line_1_15' title="bbox 267 1941 2382 2031; baseline 0.001 -27"><span class='ocrx_word' id='word_1_119' title='bbox 267 1941 574 2015; x_wconf 84' lang='lat' dir='ltr'><strong>Solebant</strong></span> <span class='ocrx_word' id='word_1_120' title='bbox 624 1943 753 2024; x_wconf 89' lang='lat' dir='ltr'><strong>rei,</strong></span> <span class='ocrx_word' id='word_1_121' title='bbox 804 1941 963 2005; x_wconf 88' lang='lat' dir='ltr'><strong>dum</strong></span> <span class='ocrx_word' id='word_1_122' title='bbox 1005 1941 1251 2020; x_wconf 80' lang='lat' dir='ltr'><strong>judices</strong></span> <span class='ocrx_word' id='word_1_123' title='bbox 1288 1942 1672 2005; x_wconf 83' lang='lat' dir='ltr'><strong>sententiam</strong></span> <span class='ocrx_word' id='word_1_124' title='bbox 1728 1942 2011 2021; x_wconf 86' lang='lat' dir='ltr'><strong>ferrent,</strong></span> <span class='ocrx_word' id='word_1_125' title='bbox 2057 1941 2139 2005; x_wconf 92' lang='lat' dir='ltr'><strong>ad</strong></span> <span class='ocrx_word' id='word_1_126' title='bbox 2185 1941 2382 2031; x_wconf 88' lang='lat' dir='ltr'><strong>pedes</strong></span> 
     </span>
     <span class='ocr_line' id='line_1_16' title="bbox 269 2044 2387 2135; baseline 0 -26"><span class='ocrx_word' id='word_1_127' title='bbox 269 2069 496 2110; x_wconf 90' lang='lat' dir='ltr'><strong>eorum</strong></span> <span class='ocrx_word' id='word_1_128' title='bbox 534 2070 602 2112; x_wconf 86' lang='lat' dir='ltr'><strong>se</strong></span> <span class='ocrx_word' id='word_1_129' title='bbox 631 2048 960 2135; x_wconf 79' lang='lat' dir='ltr'><strong>projicere.</strong></span> <span class='ocrx_word' id='word_1_130' title='bbox 1016 2048 1332 2110; x_wconf 84' lang='lat' dir='ltr'><strong>Confecto</strong></span> <span class='ocrx_word' id='word_1_131' title='bbox 1363 2044 1647 2126; x_wconf 66' lang='lat' dir='ltr'><strong>judicio,</strong></span> <span class='ocrx_word' id='word_1_132' title='bbox 1694 2047 1966 2134; x_wconf 87' lang='lat' dir='ltr'><strong>latisque</strong></span> <span class='ocrx_word' id='word_1_133' title='bbox 2010 2048 2344 2110; x_wconf 81' lang='lat' dir='ltr'><strong>sententiis</strong></span> <span class='ocrx_word' id='word_1_134' title='bbox 2370 2095 2387 2126; x_wconf 92' lang='lat'><strong>,</strong></span> 
     </span>
     <span class='ocr_line' id='line_1_17' title="bbox 270 2150 2382 2240; baseline 0 -27"><span class='ocrx_word' id='word_1_135' title='bbox 270 2150 513 2215; x_wconf 81' lang='lat' dir='ltr'><strong>tabellae</strong></span> <span class='ocrx_word' id='word_1_136' title='bbox 546 2176 687 2238; x_wconf 79' lang='lat' dir='ltr'><strong>quae</strong></span> <span class='ocrx_word' id='word_1_137' title='bbox 714 2168 825 2216; x_wconf 90' lang='lat' dir='ltr'><strong>aut</strong></span> <span class='ocrx_word' id='word_1_138' title='bbox 847 2151 1376 2227; x_wconf 85' lang='lat' dir='ltr'><strong>condemnarent,</strong></span> <span class='ocrx_word' id='word_1_139' title='bbox 1404 2167 1514 2214; x_wconf 92' lang='lat' dir='ltr'><strong>aut</strong></span> <span class='ocrx_word' id='word_1_140' title='bbox 1544 2150 1969 2232; x_wconf 88' lang='lat' dir='ltr'><strong>absolverent,</strong></span> <span class='ocrx_word' id='word_1_141' title='bbox 1984 2169 2097 2215; x_wconf 84' lang='lat' dir='ltr'><strong>aut</strong></span> <span class='ocrx_word' id='word_1_142' title='bbox 2117 2153 2382 2240; x_wconf 89' lang='lat' dir='ltr'><strong>amplia-</strong></span> 
     </span>
     <span class='ocr_line' id='line_1_18' title="bbox 269 2255 1712 2344; baseline 0.001 -26"><span class='ocrx_word' id='word_1_143' title='bbox 269 2272 449 2338; x_wconf 90' lang='lat' dir='ltr'><strong>rent,</strong></span> <span class='ocrx_word' id='word_1_144' title='bbox 483 2255 946 2338; x_wconf 88' lang='lat' dir='ltr'><strong>diribebantur,</strong></span> <span class='ocrx_word' id='word_1_145' title='bbox 978 2256 1046 2322; x_wconf 92' lang='lat' dir='ltr'><strong>id</strong></span> <span class='ocrx_word' id='word_1_146' title='bbox 1073 2273 1201 2334; x_wconf 88' lang='lat' dir='ltr'><strong>est,</strong></span> <span class='ocrx_word' id='word_1_147' title='bbox 1231 2257 1712 2344; x_wconf 80' lang='lat' dir='ltr'><strong>separabantur.</strong></span> 
     </span>
    </p>

    <p class='ocr_par' dir='ltr' id='par_1_4' title="bbox 265 2361 2392 2973">
     <span class='ocr_line' id='line_1_19' title="bbox 355 2361 2385 2450; baseline 0.002 -25"><span class='ocrx_word' id='word_1_148' title='bbox 355 2361 705 2450; x_wconf 88' lang='lat' dir='ltr'><strong>Postquam</strong></span> <span class='ocrx_word' id='word_1_149' title='bbox 743 2388 822 2429; x_wconf 84' lang='lat' dir='ltr'><strong>ex</strong></span> <span class='ocrx_word' id='word_1_150' title='bbox 857 2362 1258 2428; x_wconf 88' lang='lat' dir='ltr'><strong>diribitarum</strong></span> <span class='ocrx_word' id='word_1_151' title='bbox 1287 2364 1666 2428; x_wconf 88' lang='lat' dir='ltr'><strong>tabellarum</strong></span> <span class='ocrx_word' id='word_1_152' title='bbox 1696 2386 1971 2428; x_wconf 89' lang='lat' dir='ltr'><strong>numero</strong></span> <span class='ocrx_word' id='word_1_153' title='bbox 2005 2366 2385 2429; x_wconf 89' lang='lat' dir='ltr'><strong>sententiam</strong></span> 
     </span>
     <span class='ocr_line' id='line_1_20' title="bbox 265 2466 2385 2558; baseline 0.002 -28"><span class='ocrx_word' id='word_1_154' title='bbox 265 2466 560 2546; x_wconf 83' lang='lat' dir='ltr'><strong>judicum</strong></span> <span class='ocrx_word' id='word_1_155' title='bbox 586 2471 893 2557; x_wconf 80' lang='lat' dir='ltr'><strong>cognovit</strong></span> <span class='ocrx_word' id='word_1_156' title='bbox 924 2488 1177 2558; x_wconf 81' lang='lat' dir='ltr'><strong>praetor,</strong></span> <span class='ocrx_word' id='word_1_157' title='bbox 1207 2487 1346 2533; x_wconf 89' lang='lat' dir='ltr'><strong>tum</strong></span> <span class='ocrx_word' id='word_1_158' title='bbox 1381 2492 1520 2533; x_wconf 90' lang='lat' dir='ltr'><strong>eam</strong></span> <span class='ocrx_word' id='word_1_159' title='bbox 1551 2471 2010 2557; x_wconf 78' lang='lat' dir='ltr'><strong>pronuntiavit.</strong></span> <span class='ocrx_word' id='word_1_160' title='bbox 2042 2472 2187 2535; x_wconf 89' lang='lat' dir='ltr'><strong>Mos</strong></span> <span class='ocrx_word' id='word_1_161' title='bbox 2220 2488 2385 2550; x_wconf 89' lang='lat' dir='ltr'><strong>erat,</strong></span> 
     </span>
     <span class='ocr_line' id='line_1_21' title="bbox 271 2574 2385 2664; baseline 0.001 -27"><span class='ocrx_word' id='word_1_162' title='bbox 271 2575 325 2637; x_wconf 91' lang='lat' dir='ltr'><strong>si</strong></span> <span class='ocrx_word' id='word_1_163' title='bbox 359 2574 864 2637; x_wconf 89' lang='lat' dir='ltr'><strong>condemnatum</strong></span> <span class='ocrx_word' id='word_1_164' title='bbox 896 2576 1434 2663; x_wconf 87' lang='lat' dir='ltr'><strong>pronuntiaturus</strong></span> <span class='ocrx_word' id='word_1_165' title='bbox 1461 2591 1648 2657; x_wconf 86' lang='lat' dir='ltr'><strong>esset,</strong></span> <span class='ocrx_word' id='word_1_166' title='bbox 1682 2590 1758 2638; x_wconf 91' lang='lat' dir='ltr'><strong>ut</strong></span> <span class='ocrx_word' id='word_1_167' title='bbox 1788 2592 2154 2664; x_wconf 82' lang='lat' dir='ltr'><strong>praetextam</strong></span> <span class='ocrx_word' id='word_1_168' title='bbox 2181 2598 2385 2662; x_wconf 88' lang='lat' dir='ltr'><strong>pone-</strong></span> 
     </span>
     <span class='ocr_line' id='line_1_22' title="bbox 271 2678 2390 2767; baseline 0.001 -26"><span class='ocrx_word' id='word_1_169' title='bbox 271 2696 388 2742; x_wconf 90' lang='lat' dir='ltr'><strong>ret.</strong></span> <span class='ocrx_word' id='word_1_170' title='bbox 436 2680 739 2743; x_wconf 87' lang='lat' dir='ltr'><strong>Formula</strong></span> <span class='ocrx_word' id='word_1_171' title='bbox 774 2678 1267 2767; x_wconf 60' lang='lat' dir='ltr'><strong>pronuntiandae</strong></span> <span class='ocrx_word' id='word_1_172' title='bbox 1299 2678 1857 2743; x_wconf 87' lang='lat' dir='ltr'><strong>condemnationis</strong></span> <span class='ocrx_word' id='word_1_173' title='bbox 1894 2680 2054 2761; x_wconf 88' lang='lat' dir='ltr'><strong>fuit,</strong></span> <span class='ocrx_word' id='word_1_174' title='bbox 2094 2680 2390 2743; x_wconf 76' lang='lat' dir='ltr'><strong>«videtur</strong></span> 
     </span>
     <span class='ocr_line' id='line_1_23' title="bbox 270 2785 2392 2868; baseline 0.001 -22"><span class='ocrx_word' id='word_1_175' title='bbox 270 2785 524 2868; x_wconf 85' lang='lat' dir='ltr'><strong>fecisse,</strong></span> <span class='ocrx_word' id='word_1_176' title='bbox 553 2801 665 2847; x_wconf 90' lang='lat' dir='ltr'><strong>aut</strong></span> <span class='ocrx_word' id='word_1_177' title='bbox 686 2834 703 2867; x_wconf 88' lang='lat'><strong>,</strong></span> <span class='ocrx_word' id='word_1_178' title='bbox 735 2808 867 2848; x_wconf 92' lang='lat' dir='ltr'><strong>non</strong></span> <span class='ocrx_word' id='word_1_179' title='bbox 897 2786 1044 2864; x_wconf 85' lang='lat' dir='ltr'><strong>jure</strong></span> <span class='ocrx_word' id='word_1_180' title='bbox 1080 2785 1319 2849; x_wconf 85' lang='lat' dir='ltr'><strong>fecisse.</strong></span> <span class='ocrx_word' id='word_1_181' title='bbox 1346 2815 1371 2840; x_wconf 73' lang='grc' dir='ltr'><strong>ι·</strong></span> <span class='ocrx_word' id='word_1_182' title='bbox 1403 2785 1848 2850; x_wconf 84' lang='lat' dir='ltr'><strong>Absolutionis</strong></span> <span class='ocrx_word' id='word_1_183' title='bbox 1867 2834 1884 2866; x_wconf 94' lang='lat'><strong>,</strong></span> <span class='ocrx_word' id='word_1_184' title='bbox 1918 2815 1943 2839; x_wconf 75' lang='grc' dir='ltr'><strong>«ι</strong></span> <span class='ocrx_word' id='word_1_185' title='bbox 1972 2807 2107 2848; x_wconf 89' lang='lat' dir='ltr'><strong>non</strong></span> <span class='ocrx_word' id='word_1_186' title='bbox 2136 2785 2392 2850; x_wconf 79' lang='lat' dir='ltr'><strong>videtur</strong></span> 
     </span>
     <span class='ocr_line' id='line_1_24' title="bbox 272 2890 1213 2973; baseline -0.001 -19"><span class='ocrx_word' id='word_1_187' title='bbox 272 2891 527 2971; x_wconf 84' lang='lat' dir='ltr'><strong>fecisse,</strong></span> <span class='ocrx_word' id='word_1_188' title='bbox 563 2907 711 2973; x_wconf 92' lang='lat' dir='ltr'><strong>aut,</strong></span> <span class='ocrx_word' id='word_1_189' title='bbox 743 2890 887 2969; x_wconf 89' lang='lat' dir='ltr'><strong>jure</strong></span> <span class='ocrx_word' id='word_1_190' title='bbox 922 2891 1149 2954; x_wconf 88' lang='lat' dir='ltr'><strong>fecisse</strong></span> <span class='ocrx_word' id='word_1_191' title='bbox 1169 2922 1213 2954; x_wconf 67' lang='lat' dir='ltr'><strong>n.</strong></span> 
     </span>
    </p>

    <p class='ocr_par' dir='ltr' id='par_1_5' title="bbox 273 2993 2394 3479">
     <span class='ocr_line' id='line_1_25' title="bbox 356 2993 2389 3082; baseline 0 -25"><span class='ocrx_word' id='word_1_192' title='bbox 356 2994 721 3082; x_wconf 88' lang='lat' dir='ltr'><strong>Aliquando</strong></span> <span class='ocrx_word' id='word_1_193' title='bbox 752 2996 821 3058; x_wconf 91' lang='lat' dir='ltr'><strong>in</strong></span> <span class='ocrx_word' id='word_1_194' title='bbox 855 2995 1132 3057; x_wconf 85' lang='lat' dir='ltr'><strong>formula</strong></span> <span class='ocrx_word' id='word_1_195' title='bbox 1154 2993 1709 3059; x_wconf 86' lang='lat' dir='ltr'><strong>condemnationis</strong></span> <span class='ocrx_word' id='word_1_196' title='bbox 1734 2997 1974 3058; x_wconf 85' lang='lat' dir='ltr'><strong>factum</strong></span> <span class='ocrx_word' id='word_1_197' title='bbox 2005 3011 2122 3076; x_wconf 89' lang='lat' dir='ltr'><strong>est,</strong></span> <span class='ocrx_word' id='word_1_198' title='bbox 2146 3011 2389 3077; x_wconf 87' lang='lat' dir='ltr'><strong>ut,non</strong></span> 
     </span>
     <span class='ocr_line' id='line_1_26' title="bbox 273 3099 2391 3187; baseline 0 -24"><span class='ocrx_word' id='word_1_199' title='bbox 273 3101 483 3163; x_wconf 84' lang='lat' dir='ltr'><strong>solum</strong></span> <span class='ocrx_word' id='word_1_200' title='bbox 520 3101 764 3173; x_wconf 83' lang='lat' dir='ltr'><strong>crimen</strong></span> <span class='ocrx_word' id='word_1_201' title='bbox 801 3099 1261 3180; x_wconf 89' lang='lat' dir='ltr'><strong>commissum,</strong></span> <span class='ocrx_word' id='word_1_202' title='bbox 1317 3099 1430 3163; x_wconf 91' lang='lat' dir='ltr'><strong>sed</strong></span> <span class='ocrx_word' id='word_1_203' title='bbox 1474 3101 1667 3163; x_wconf 91' lang='lat' dir='ltr'><strong>etiam</strong></span> <span class='ocrx_word' id='word_1_204' title='bbox 1708 3122 1964 3187; x_wconf 87' lang='lat' dir='ltr'><strong>poenam</strong></span> <span class='ocrx_word' id='word_1_205' title='bbox 2012 3099 2391 3163; x_wconf 90' lang='lat' dir='ltr'><strong>sumendam</strong></span> 
     </span>
     <span class='ocr_line' id='line_1_27' title="bbox 273 3203 2393 3293; baseline -0.001 -24"><span class='ocrx_word' id='word_1_206' title='bbox 273 3223 509 3292; x_wconf 85' lang='lat' dir='ltr'><strong>praetor</strong></span> <span class='ocrx_word' id='word_1_207' title='bbox 555 3207 1024 3293; x_wconf 88' lang='lat' dir='ltr'><strong>pronuntiaret.</strong></span> <span class='ocrx_word' id='word_1_208' title='bbox 1072 3204 1269 3286; x_wconf 88' lang='lat' dir='ltr'><strong>Quod</strong></span> <span class='ocrx_word' id='word_1_209' title='bbox 1310 3222 1529 3268; x_wconf 87' lang='lat' dir='ltr'><strong>autem</strong></span> <span class='ocrx_word' id='word_1_210' title='bbox 1572 3203 1653 3268; x_wconf 88' lang='lat' dir='ltr'><strong>de</strong></span> <span class='ocrx_word' id='word_1_211' title='bbox 1700 3205 1957 3284; x_wconf 90' lang='lat' dir='ltr'><strong>majoris</strong></span> <span class='ocrx_word' id='word_1_212' title='bbox 2003 3206 2200 3293; x_wconf 83' lang='lat' dir='ltr'><strong>partis</strong></span> <span class='ocrx_word' id='word_1_213' title='bbox 2245 3228 2393 3269; x_wconf 89' lang='lat' dir='ltr'><strong>sen-</strong></span> 
     </span>
     <span class='ocr_line' id='line_1_28' title="bbox 275 3307 2394 3398; baseline -0.001 -25"><span class='ocrx_word' id='word_1_214' title='bbox 275 3311 473 3373; x_wconf 90' lang='lat' dir='ltr'><strong>tentia</strong></span> <span class='ocrx_word' id='word_1_215' title='bbox 510 3333 626 3398; x_wconf 91' lang='lat' dir='ltr'><strong>per</strong></span> <span class='ocrx_word' id='word_1_216' title='bbox 656 3325 995 3398; x_wconf 84' lang='lat' dir='ltr'><strong>praetorem</strong></span> <span class='ocrx_word' id='word_1_217' title='bbox 1031 3309 1524 3397; x_wconf 85' lang='lat' dir='ltr'><strong>pronuntiatum</strong></span> <span class='ocrx_word' id='word_1_218' title='bbox 1575 3325 1709 3390; x_wconf 89' lang='lat' dir='ltr'><strong>est,</strong></span> <span class='ocrx_word' id='word_1_219' title='bbox 1754 3307 1821 3371; x_wconf 91' lang='lat' dir='ltr'><strong>id</strong></span> <span class='ocrx_word' id='word_1_220' title='bbox 1857 3309 1996 3390; x_wconf 84' lang='lat' dir='ltr'><strong>jus,</strong></span> <span class='ocrx_word' id='word_1_221' title='bbox 2051 3325 2394 3396; x_wconf 88' lang='lat' dir='ltr'><strong>ratumque</strong></span> 
     </span>
     <span class='ocr_line' id='line_1_29' title="bbox 274 3415 418 3479; baseline 0.007 -1"><span class='ocrx_word' id='word_1_222' title='bbox 274 3415 418 3479; x_wconf 85' lang='lat' dir='ltr'><strong>fuit.</strong></span> 
     </span>
    </p>

    <p class='ocr_par' dir='ltr' id='par_1_6' title="bbox 274 3519 2397 3810">
     <span class='ocr_line' id='line_1_30' title="bbox 359 3519 2395 3608; baseline -0 -25"><span class='ocrx_word' id='word_1_223' title='bbox 359 3522 567 3584; x_wconf 84' lang='lat' dir='ltr'><strong>Reum</strong></span> <span class='ocrx_word' id='word_1_224' title='bbox 600 3537 836 3608; x_wconf 84' lang='lat' dir='ltr'><strong>praetor</strong></span> <span class='ocrx_word' id='word_1_225' title='bbox 857 3536 970 3583; x_wconf 89' lang='lat' dir='ltr'><strong>aut</strong></span> <span class='ocrx_word' id='word_1_226' title='bbox 998 3520 1399 3599; x_wconf 84' lang='lat' dir='ltr'><strong>absolutum,</strong></span> <span class='ocrx_word' id='word_1_227' title='bbox 1437 3535 1552 3582; x_wconf 90' lang='lat' dir='ltr'><strong>aut</strong></span> <span class='ocrx_word' id='word_1_228' title='bbox 1577 3519 2080 3583; x_wconf 89' lang='lat' dir='ltr'><strong>condemnatum</strong></span> <span class='ocrx_word' id='word_1_229' title='bbox 2114 3521 2395 3582; x_wconf 86' lang='lat' dir='ltr'><strong>referen-</strong></span> 
     </span>
     <span class='ocr_line' id='line_1_31' title="bbox 274 3621 2397 3712; baseline 0 -26"><span class='ocrx_word' id='word_1_230' title='bbox 274 3623 433 3688; x_wconf 94' lang='lat' dir='ltr'><strong>dum</strong></span> <span class='ocrx_word' id='word_1_231' title='bbox 465 3625 731 3687; x_wconf 89' lang='lat' dir='ltr'><strong>curabat</strong></span> <span class='ocrx_word' id='word_1_232' title='bbox 764 3625 829 3687; x_wconf 91' lang='lat' dir='ltr'><strong>in</strong></span> <span class='ocrx_word' id='word_1_233' title='bbox 868 3624 1138 3687; x_wconf 88' lang='lat' dir='ltr'><strong>tabulas.</strong></span> <span class='ocrx_word' id='word_1_234' title='bbox 1174 3621 1700 3686; x_wconf 91' lang='lat' dir='ltr'><strong>Condemnatum</strong></span> <span class='ocrx_word' id='word_1_235' title='bbox 1735 3623 1877 3687; x_wconf 83' lang='lat' dir='ltr'><strong>duae</strong></span> <span class='ocrx_word' id='word_1_236' title='bbox 1908 3646 2011 3687; x_wconf 91' lang='lat' dir='ltr'><strong>res</strong></span> <span class='ocrx_word' id='word_1_237' title='bbox 2045 3625 2397 3712; x_wconf 89' lang='lat' dir='ltr'><strong>sequeban-</strong></span> 
     </span>
     <span class='ocr_line' id='line_1_32' title="bbox 274 3728 1581 3810; baseline 0 -17"><span class='ocrx_word' id='word_1_238' title='bbox 274 3747 410 3810; x_wconf 89' lang='lat' dir='ltr'><strong>tur;</strong></span> <span class='ocrx_word' id='word_1_239' title='bbox 439 3729 772 3796; x_wconf 82' lang='lat' dir='ltr'><strong>aestimatio</strong></span> <span class='ocrx_word' id='word_1_240' title='bbox 804 3730 962 3810; x_wconf 81' lang='lat' dir='ltr'><strong>litis,</strong></span> <span class='ocrx_word' id='word_1_241' title='bbox 999 3746 1063 3793; x_wconf 92' lang='lat' dir='ltr'><strong>et</strong></span> <span class='ocrx_word' id='word_1_242' title='bbox 1094 3728 1581 3793; x_wconf 81' lang='lat' dir='ltr'><strong>animadversiO.</strong></span> 
     </span>
    </p>

    <p class='ocr_par' dir='ltr' id='par_1_7' title="bbox 271 3833 2400 4239">
     <span class='ocr_line' id='line_1_33' title="bbox 361 3833 2400 3922; baseline 0.001 -26"><span class='ocrx_word' id='word_1_243' title='bbox 361 3833 726 3897; x_wconf 87' lang='lat' dir='ltr'><strong>AEstimatio</strong></span> <span class='ocrx_word' id='word_1_244' title='bbox 758 3835 886 3897; x_wconf 87' lang='lat' dir='ltr'><strong>litis</strong></span> <span class='ocrx_word' id='word_1_245' title='bbox 914 3835 1230 3922; x_wconf 79' lang='lat' dir='ltr'><strong>praecipue</strong></span> <span class='ocrx_word' id='word_1_246' title='bbox 1267 3850 1402 3897; x_wconf 87' lang='lat' dir='ltr'><strong>crat</strong></span> <span class='ocrx_word' id='word_1_247' title='bbox 1430 3835 1498 3896; x_wconf 92' lang='lat' dir='ltr'><strong>in</strong></span> <span class='ocrx_word' id='word_1_248' title='bbox 1538 3858 1727 3898; x_wconf 88' lang='lat' dir='ltr'><strong>causa</strong></span> <span class='ocrx_word' id='word_1_249' title='bbox 1757 3835 2299 3922; x_wconf 88' lang='lat' dir='ltr'><strong>repetundarum,</strong></span> <span class='ocrx_word' id='word_1_250' title='bbox 2334 3852 2400 3898; x_wconf 90' lang='lat' dir='ltr'><strong>et</strong></span> 
     </span>
     <span class='ocr_line' id='line_1_34' title="bbox 272 3939 2396 4028; baseline 0 -26"><span class='ocrx_word' id='word_1_251' title='bbox 272 3940 622 4026; x_wconf 87' lang='lat' dir='ltr'><strong>peculatus.</strong></span> <span class='ocrx_word' id='word_1_252' title='bbox 657 3939 811 4001; x_wconf 87' lang='lat' dir='ltr'><strong>Erat</strong></span> <span class='ocrx_word' id='word_1_253' title='bbox 842 3956 1056 4003; x_wconf 87' lang='lat' dir='ltr'><strong>autem</strong></span> <span class='ocrx_word' id='word_1_254' title='bbox 1078 3939 1397 4018; x_wconf 90' lang='lat' dir='ltr'><strong>judicium</strong></span> <span class='ocrx_word' id='word_1_255' title='bbox 1423 3941 1694 4003; x_wconf 88' lang='lat' dir='ltr'><strong>alterum</strong></span> <span class='ocrx_word' id='word_1_256' title='bbox 1714 3989 1732 4021; x_wconf 93' lang='lat'><strong>,</strong></span> <span class='ocrx_word' id='word_1_257' title='bbox 1759 3964 1892 4028; x_wconf 89' lang='lat' dir='ltr'><strong>quo</strong></span> <span class='ocrx_word' id='word_1_258' title='bbox 1921 3942 2083 4004; x_wconf 91' lang='lat' dir='ltr'><strong>ratio</strong></span> <span class='ocrx_word' id='word_1_259' title='bbox 2114 3940 2396 4004; x_wconf 89' lang='lat' dir='ltr'><strong>inibatur</strong></span> 
     </span>
     <span class='ocr_line' id='line_1_35' title="bbox 271 4044 2393 4131; baseline 0 -25"><span class='ocrx_word' id='word_1_260' title='bbox 271 4045 595 4107; x_wconf 85' lang='lat' dir='ltr'><strong>furtorum</strong></span> <span class='ocrx_word' id='word_1_261' title='bbox 631 4044 712 4107; x_wconf 91' lang='lat' dir='ltr'><strong>de</strong></span> <span class='ocrx_word' id='word_1_262' title='bbox 748 4046 985 4131; x_wconf 90' lang='lat' dir='ltr'><strong>quibus</strong></span> <span class='ocrx_word' id='word_1_263' title='bbox 1032 4044 1107 4108; x_wconf 88' lang='lat' dir='ltr'><strong>lis</strong></span> <span class='ocrx_word' id='word_1_264' title='bbox 1155 4061 1295 4108; x_wconf 83' lang='lat' dir='ltr'><strong>orta</strong></span> <span class='ocrx_word' id='word_1_265' title='bbox 1330 4048 1570 4123; x_wconf 87' lang='lat' dir='ltr'><strong>fuerat,</strong></span> <span class='ocrx_word' id='word_1_266' title='bbox 1602 4060 1677 4109; x_wconf 89' lang='lat' dir='ltr'><strong>ut</strong></span> <span class='ocrx_word' id='word_1_267' title='bbox 1709 4068 1787 4109; x_wconf 87' lang='lat' dir='ltr'><strong>ex</strong></span> <span class='ocrx_word' id='word_1_268' title='bbox 1819 4045 2167 4109; x_wconf 84' lang='lat' dir='ltr'><strong>divenditis</strong></span> <span class='ocrx_word' id='word_1_269' title='bbox 2203 4046 2393 4111; x_wconf 84' lang='lat' dir='ltr'><strong>bonis</strong></span> 
     </span>
     <span class='ocr_line' id='line_1_36' title="bbox 273 4148 2395 4239; baseline 0.002 -29"><span class='ocrx_word' id='word_1_270' title='bbox 273 4148 407 4227; x_wconf 83' lang='lat' dir='ltr'><strong>ejus</strong></span> <span class='ocrx_word' id='word_1_271' title='bbox 440 4150 549 4236; x_wconf 90' lang='lat' dir='ltr'><strong>qui</strong></span> <span class='ocrx_word' id='word_1_272' title='bbox 585 4152 793 4215; x_wconf 82' lang='lat' dir='ltr'><strong>suerat</strong></span> <span class='ocrx_word' id='word_1_273' title='bbox 820 4150 1309 4232; x_wconf 74' lang='lat' dir='ltr'><strong>condemnatuS,</strong></span> <span class='ocrx_word' id='word_1_274' title='bbox 1344 4150 1632 4238; x_wconf 79' lang='lat' dir='ltr'><strong>pecuniae</strong></span> <span class='ocrx_word' id='word_1_275' title='bbox 1661 4150 2086 4215; x_wconf 87' lang='lat' dir='ltr'><strong>redderentur</strong></span> <span class='ocrx_word' id='word_1_276' title='bbox 2113 4152 2223 4232; x_wconf 90' lang='lat' dir='ltr'><strong>iis,</strong></span> <span class='ocrx_word' id='word_1_277' title='bbox 2249 4149 2395 4239; x_wconf 88' lang='lat' dir='ltr'><strong>qui-</strong></span> 
     </span>
    </p>
   </div>
  </div>
 </body>
</html>
