3044 4788
631 436 761 507 DE
811 436 1565 508 'VECTIGALIBUS
1616 440 1868 511 REIP.
1916 454 2047 511 etc.
2262 432 2398 509 563

274 583 334 625 c.
358 560 476 646 373
502 558 613 624 lib.
639 561 774 639 XL,
791 582 845 623 c.
873 559 977 639 51,
1009 534 1288 645 probare
1306 574 1629 622 conantur
1644 559 1750 639 jus
1778 560 1937 625 illud
1969 557 2401 623 instituendo-

275 688 424 729 rum
460 665 871 753 vectigalium
921 664 1170 728 senatui
1222 688 1374 728 cum
1423 665 1803 729 censoribus
1848 664 2396 730 communicatum

221 826 225 831 .
275 772 492 836 fuisse.
520 772 784 835 Fatetur
818 768 988 833 idem
1017 773 1426 835 Burmannus
1462 787 1529 834 et
1570 793 1871 838 censores
1906 787 1971 836 et
2003 771 2159 834 alios
2196 773 2397 861 magi-

275 893 510 939 stratus
534 877 898 941 inventores
931 874 1192 963 quidem
1213 924 1230 954 ,
1263 896 1593 957 suasores,
1616 893 1682 940 et
1708 893 1957 941 tutores
1990 876 2396 964 vectigalium

275 982 506 1063 fuisse3
541 998 606 1045 at
643 998 832 1070 negat
862 980 1004 1045 illos
1035 1004 1109 1043 ea
1139 981 1322 1043 aliter
1356 1003 1554 1067 quam
1592 1003 1669 1045 ex
1704 983 2267 1045 senatusconsulto
2299 983 2399 1044 in-

274 1087 556 1150 stituisse
586 1109 599 1150 :
636 1103 701 1149 et
732 1101 961 1150 testem
1008 1083 1146 1163 ejus
1179 1083 1272 1162 rei
1305 1083 1607 1172 producit
1659 1088 2068 1167 Ciceronem,
2121 1086 2235 1174 qui
2280 1087 2401 1150 ob-

269 1194 510 1269 jectum
565 1191 840 1254 Fonteio
897 1190 1170 1276 portorii
1207 1189 1431 1252 vinarii
1488 1190 1557 1252 in
1614 1189 1815 1255 Gallia
1860 1194 1941 1256 ab
1990 1215 2068 1255 eo
2122 1191 2397 1256 instituti

274 1299 517 1360 crimen
556 1317 865 1385 magnum
897 1311 1083 1358 vocat
1111 1301 1262 1382 (pro
1295 1296 1485 1358 Font.
1529 1318 1586 1358 c.
1628 1294 1692 1381 5)
1714 1314 1841 1379 ,.et
1876 1298 2034 1361 falso
2069 1299 2399 1378 objectum

276 1403 473 1465 fuisse
527 1400 882 1465 contendit.
933 1398 1131 1483 Quod
1180 1417 1564 1490 argumento
1616 1418 1749 1483 est,
1795 1402 1956 1465 nulli
1997 1404 2397 1490 magistratui

277 1508 563 1584 licuisse,
606 1507 976 1570 inconsulto
1026 1524 1290 1590 senatu,
1330 1507 1659 1595 vectigalia
1708 1509 2065 1572 instituere.
2122 1510 2300 1592 Quin
2340 1530 2405 1574 et

275 1612 559 1675 civitates
597 1626 662 1675 et
693 1611 1072 1699 municipia,
1107 1612 1344 1699 quibus
1383 1614 1930 1700 permittebantur
1960 1614 2123 1703 agri,
2149 1638 2403 1703 pascua,

277 1734 340 1780 et
375 1718 655 1800 metalla,
701 1741 780 1781 ex
812 1741 1094 1806 quorum
1129 1719 1419 1807 vectigali
1453 1742 1651 1784 onera
1692 1742 1811 1784 sua
1843 1721 2271 1802 sustinerent,
2302 1722 2404 1801 jus
2440 1707 2456 1723 ’

276 1825 490 1909 ipsum
527 1823 847 1912 vectigalis
881 1824 1034 1886 novi
1073 1822 1339 1902 alicujus
1393 1824 1777 1889 instituendi
1824 1847 1958 1889 non
2001 1826 2406 1908 habuerunt3

277 1929 392 1992 sed
429 1927 585 1992 illud
620 1952 656 1991 a
691 1945 917 1992 senatu
954 1929 1249 1993 obtinere
1281 1926 1672 1993 debuerunt.

365 2032 788 2121 Vectigalium
821 2033 1092 2115 locatio,
1128 2054 1281 2114 seu,
1319 2049 1394 2096 ut
1428 2056 1596 2121 saepe
1627 2033 1852 2098 Cicero
1888 2034 2202 2122 loquitur,
2241 2058 2401 2100 ven-

275 2139 459 2222 ditio,
481 2138 855 2203 censoribus
884 2161 918 2201 a
937 2154 1162 2204 senatu
1182 2138 1487 2226 permissa
1509 2155 1675 2203 erat:
1697 2139 1974 2203 debebat
1993 2138 2130 2204 fieri
2152 2142 2401 2207 Romae.

274 2246 587 2309 Censores
611 2244 939 2332 vectigalia
966 2245 1235 2307 locaturi
1259 2245 1505 2308 tabulas
1529 2245 1786 2332 publice
1808 2246 2264 2334 proponebant
2279 2294 2296 2327 ,
2332 2248 2399 2311 in

274 2352 514 2440 quibus
540 2352 710 2440 leges
739 2366 805 2415 et
829 2348 1235 2416 conditiones
1268 2350 1605 2418 locationis
1633 2349 1968 2438 descriptae
2000 2368 2203 2417 erant.
2232 2352 2401 2419 Hinc

278 2458 524 2521 mentio
554 2457 919 2520 tabularum
945 2472 1011 2519 et
1040 2457 1257 2545 legum
1291 2455 1736 2519 censoriarum
1762 2455 2067 2543 frequens
2098 2458 2275 2545 apud
2296 2460 2405 2524 Ci-

279 2581 582 2625 ceronem
610 2560 676 2622 in
704 2560 994 2623 Verrinis
1015 2607 1034 2640 ,
1049 2576 1125 2648 ‘nt
1148 2559 1328 2622 alios.

370 2663 487 2729 His
528 2664 744 2729 multae
774 2664 1277 2728 continebantur
1296 2663 1362 2726 in
1390 2686 1501 2726 eos
1530 2661 1843 2746 definitae,
1867 2664 1979 2752 qui
2007 2664 2408 2731 fraudassent

280 2772 577 2861 vectiga13
616 2788 682 2835 et
713 2769 1208 2834 remittebantur
1239 2769 1443 2857 pretia
1478 2769 1942 2857 redemptionis
1973 2771 2053 2834 iis
2073 2819 2091 2851 ,
2130 2772 2244 2858 qui
2280 2776 2408 2837 frui

281 2878 544 2967 publico
576 2897 693 2966 per
722 2877 976 2939 hostem
1010 2896 1144 2938 non
1178 2890 1465 2962 possent.
1506 2875 1771 2938 Locatio
1803 2891 2022 2939 autem
2064 2874 2087 2962 [
2113 2875 2400 2942 Macrob.

280 2985 409 3049 Sat.
452 2987 516 3065 I,
563 3006 702 3070 cap.
744 2981 858 3068 12]
903 2981 1133 3069 quinto
1166 3002 1430 3069 quoque
1476 3001 1688 3061 anno,
1734 3002 1957 3045 mense
1991 2984 2258 3065 martio,
2291 2987 2401 3072 qui

275 3091 525 3178 primus
558 3087 712 3151 anni
748 3085 1128 3165 habebatur,
1169 3083 1363 3147 fiebat
1401 3085 1468 3148 in
1506 3086 1683 3159 foro,
1718 3084 1897 3174 hasta
1938 3087 2177 3172 posita,
2224 3112 2399 3175 quoe-

281 3213 453 3261 store
487 3209 831 3283 proesente,
865 3191 978 3279 qui
1010 3190 1214 3279 pretia
1245 3190 1483 3277 quibus
1513 3190 1867 3253 locationes
1900 3191 2081 3254 factas
2114 3194 2404 3275 fuerant,

281 3303 348 3365 in
370 3300 658 3365 codicem
676 3298 920 3363 dictum
936 3297 1312 3378 hastarium,
1335 3294 1669 3359 referebat.
1688 3294 2112 3361 Vid.Tcrtull.
2128 3300 2404 3387 Apolog.

281 3431 337 3471 c.
375 3431 397 3469 ι
414 3407 473 3488 3,
501 3424 566 3470 et
593 3404 682 3469 ibi
710 3402 936 3493 Rigalt.
963 3400 1350 3490 Excipienda
1377 3417 1592 3464 tamen
1621 3416 1717 3465 est
1738 3400 1970 3483 Sicilia,
1999 3407 2187 3482 cujus
2211 3407 2407 3469 vecti-

282 3512 442 3601 galia
475 3535 608 3575 non
643 3534 680 3574 a
709 3509 1118 3588 censoribus,
1161 3505 1273 3572 sed
1298 3507 1380 3570 ab
1413 3507 1567 3593 ipsis
1604 3507 2081 3594 magistratibus
2117 3510 2226 3595 qui
2266 3532 2405 3572 eam

285 3618 675 3704 provinciam
712 3615 1129 3696 obtinebant,
1162 3635 1293 3676 non
1333 3614 1555 3675 Romae
1589 3613 1657 3674 in
1690 3612 1869 3696 foro,
1898 3610 2010 3675 sed
2039 3613 2107 3676 in
2142 3614 2278 3704 ipsa
2305 3617 2406 3678 in-

285 3725 458 3803 sula3
486 3745 619 3786 non
655 3744 819 3785 nova
851 3722 991 3809 lege
1027 3738 1093 3784 et
1119 3717 1531 3801 conditione,
1561 3716 1674 3781 sed
1705 3718 1904 3782 veteri
1933 3735 1997 3782 et
2028 3721 2406 3802 Hieronica,

282 3827 475 3892 vendi
512 3828 887 3893 debuerant.
928 3828 1060 3890 Cic.
1092 3828 1158 3889 in
1186 3826 1369 3889 Verr.
1399 3824 1513 3887 lib.
1548 3824 1677 3906 111,
1705 3846 1760 3888 c.
1790 3824 1855 3888 6.

372 3935 602 3998 Omnis
632 3955 978 3997 censorum
1005 3947 1285 4019 potestas
1323 3928 1490 3994 circa
1512 3929 1864 3993 locationes
1888 3928 2271 3995 finiebatur:
2298 3956 2409 4020 pe-

280 4041 542 4104 cuniam
575 4064 653 4105 ex
687 4038 1105 4126 vectigalibus
1147 4035 1464 4100 redactam
1502 4035 1624 4123 ipsi
1660 4056 1793 4098 non
1826 4036 2222 4123 recipiebant
2243 4086 2259 4112 ,
2296 4037 2407 4100 sed

284 4163 677 4233 quaestorum
703 4168 774 4210 ea
797 4167 951 4207 cura
975 4143 1116 4208 fuit.
1137 4141 1492 4206 Consulum
1516 4139 1702 4202 etiarn
1731 4157 1940 4227 partes
1967 4141 2195 4226 aliquae
2213 4142 2411 4206 fuisse

2115 4245 2223 4315 36.
