3044 4788
710 387 852 465 608
1515 395 2037 464 ΑΡΡΕΝΒΙΧ

795 520 1046 596 Testes,
1101 531 1445 604 postquam
1496 515 1917 596 juravissent,
1977 516 2568 605 interrogabantur.
2640 521 2842 606 Loqui

709 625 918 701 enim,
967 622 1091 689 nisi
1135 623 1532 709 interrogato
1570 621 1718 683 testi
1765 644 1899 683 non
1940 619 2190 686 licebat.
2254 625 2424 685 Usus
2470 623 2597 685 fori
2640 625 2839 712 gallici

709 748 840 811 est,
886 745 963 793 ut
997 745 1189 793 testes
1234 728 1435 808 judex
1485 728 1859 815 interroget.
1896 730 1984 790 At
2018 731 2242 792 Romae
2291 731 2449 793 olim
2482 731 2843 819 interroga·

709 838 920 901 tiones
955 836 1217 899 testium
1251 834 1491 897 fiebant
1522 855 1642 920 per
1675 849 2111 897 accusatorem
2146 852 2210 899 et
2243 836 2697 915 defensorem3
2732 861 2842 924 per

710 964 859 1005 eum
898 941 1011 1027 qui
1050 955 1241 1003 testes
1271 935 1704 1024 producebat,
1754 954 1822 1001 et
1850 960 1966 1025 per
1997 961 2150 1002 eum
2184 957 2415 1003 contra
2451 963 2649 1028 quem
2688 965 2836 1029 pro-

707 1046 1129 1112 ducebantur.
2637 1116 2650 1128 ,

794 1154 1161 1230 Accusator,
1196 1172 1232 1211 a
1270 1172 1403 1236 quo
1432 1149 1984 1236 producebantur,
2018 1151 2196 1238 prior
2226 1173 2337 1213 eos
2367 1153 2835 1241 interrogabat,

706 1274 770 1320 et
801 1271 1025 1344 postea
1056 1277 1170 1317 reo
1197 1254 1489 1318 tradebat
1511 1255 2027 1342 interrogandos·

797 1363 1041 1425 Praetor
1061 1360 1504 1449 interrogandi
1528 1361 1724 1425 dabat
1745 1378 2130 1450 potestatem
2153 1386 2170 1444 3
2192 1378 2387 1450 atque
2412 1364 2663 1426 interea
2682 1364 2834 1450 ipse,

714 1484 777 1531 et
802 1466 1052 1548 judices
1079 1515 1097 1548 ,
1128 1467 1455 1530 auditores
1493 1489 1591 1546 se,
1639 1484 1704 1529 et
1731 1483 2117 1556 spectatores
2151 1456 2391 1531 otiosos
2425 1468 2834 1555 praebebant:

708 1574 932 1638 scribae
973 1574 1234 1636 testium
1274 1561 1699 1636 dicta'omnia
1733 1573 1799 1634 in
1834 1572 2082 1636 libellos
2115 1573 2623 1651 transferebant,
2682 1597 2835 1660 quos

712 1679 960 1760 judices
979 1680 1468 1768 consignabant.
1485 1679 1655 1741 Hinc
1683 1680 1957 1742 formula
1973 1680 2263 1743 Ciceroni
2294 1680 2480 1742 toties
2512 1698 2838 1766 usurpata,

712 1817 737 1841 ι
757 1785 974 1849 Recita
1007 1786 1445 1849 testimonium
1471 1816 1516 1847 u.
1555 1786 1778 1848 Testes
1813 1801 2147 1848 accusator
2175 1801 2241 1848 et
2275 1784 2583 1847 defensor
2612 1808 2840 1870 quem-

711 1889 1066 1955 admodum
1123 1892 1595 1978 interrogarent
1641 1889 1981 1978 diligenter
2030 1889 2541 1953 animadvertere
2601 1889 2841 1952 debue-

715 2012 908 2077 runt;
958 1996 1084 2058 fuit
1136 1995 1308 2058 enim
1359 1996 1427 2057 in
1480 1994 1945 2083 interrogando
1996 2011 2156 2058 teste
2205 2017 2458 2057 summa
2511 1995 2841 2057 industriae

715 2097 1006 2161 oratoriae
1049 2096 1185 2159 laus
1216 2097 1425 2182 posita
1455 2119 1472 2158 :
1512 2097 1732 2183 itaque
1766 2097 2038 2177 Quintil.
2075 2096 2186 2159 lib.
2211 2096 2288 2174 V,
2318 2118 2455 2182 cap.
2494 2119 2559 2181 7,
2599 2094 2683 2157 de
2716 2112 2838 2158 tota

714 2198 963 2260 ratione
990 2195 1598 2282 interrogandorum
1623 2197 1703 2259 ab
1728 2214 2001 2283 utraque
2025 2212 2206 2284 parte
2235 2197 2496 2260 testium
2526 2197 2839 2284 pluribus,

713 2321 786 2360 ac
815 2295 1114 2359 subtilius
1141 2296 1289 2385 agit.

803 2403 1114 2467 Veterum
1146 2425 1219 2466 ea
1244 2402 1371 2465 fuit
1399 2402 1752 2492 diligentia,
1782 2422 1876 2486 ut,
1910 2405 2091 2491 quod
2125 2405 2459 2467 inscientia
2485 2397 2692 2468 multa
2717 2429 2840 2467 ver·

719 2524 970 2574 saretur
1000 2507 1067 2569 in
1095 2507 1244 2585 vita,
1274 2508 1386 2594 qui
1420 2509 1868 2572 testimonium
1895 2507 2159 2589 diceret,
2191 2509 2482 2572 arbitrari
2510 2533 2584 2572 se
2607 2509 2841 2573 diceret

719 2617 908 2679 etiam
945 2612 1124 2701 quod
1144 2614 1279 2700 ipse
1305 2613 1568 2677 vidisset
1595 2637 1611 2677 z
1641 2613 2190 2702 quemadmodum
2219 2637 2363 2701 quae
2380 2616 2583 2694 jurati
2600 2615 2842 2694 judices

716 2719 1166 2809 cognovissent
1184 2767 1201 2798 ,
1240 2742 1311 2781 ea
1331 2741 1462 2781 non
1491 2741 1627 2782 esse
1652 2722 1810 2784 tacta
1827 2768 1844 2799 ,
1876 2719 1989 2783 sed
2011 2768 2028 2801 ‚
2052 2719 2284 2799 videri,
2316 2722 2842 2805 pronuntiabant.

714 2824 905 2891 Acad.
943 2826 1183 2904 Quaest.
1206 2826 1318 2904 IV,
1343 2847 1480 2912 cap.
1504 2848 1606 2911 7¹·

803 2934 1128 2993 Hactenus
1155 2929 1236 2992 de
1260 2931 1553 2994 testibus.
1585 2932 1721 2994 Jam
1746 2930 1829 2994 ad
1853 2931 2100 2995 tabulas
2123 2980 2141 3012 ,
2168 2956 2313 3019 quae
2337 2934 2519 2996 tertia
2553 2957 2706 3021 pars
2730 2937 2847 2998 fuit

715 3036 1198 3126 probationum.
1220 3036 1616 3100 Tabularum
1637 3037 1904 3099 nomine
1931 3059 2129 3100 omne
2147 3061 2352 3126 genus
2379 3040 2843 3126 scripturarum

714 3141 1153 3231 appellabant,
1192 3164 1326 3227 quo
1357 3164 1615 3204 causam
1648 3140 2030 3205 confirmare
2061 3164 2242 3206 suam
2274 3159 2556 3230 possent.
2609 3146 2685 3207 In
2722 3148 2846 3234 pri·

719 3249 840 3311 mis
885 3262 1102 3309 autem
1144 3261 1328 3308 erant
1361 3246 1594 3309 tabulae
1631 3244 1763 3309 dati
1805 3262 1870 3309 et
1905 3249 2206 3334 expensi,
2244 3271 2403 3334 quas
2447 3267 2789 3314 accusator
2814 3273 2845 3310 a

716 3376 830 3419 reo
865 3350 1228 3438 postulabat
1259 3351 1327 3413 in
1356 3353 1547 3415 certis
1582 3351 1819 3432 causis»,
1855 3368 1929 3414 ut
1965 3353 2511 3441 repetundarum,
2550 3371 2619 3417 et
2652 3378 2845 3442 pecu-

714 3443 899 3523 latus.
942 3458 1198 3521 Scilicet
1229 3472 1305 3519 ut
1335 3458 1565 3545 saepius
1607 3457 1782 3546 apud
1811 3459 2191 3523 Ciceronem
2222 3459 2505 3523 vidimus
2539 3461 2845 3524 Romanis

718 3587 859 3628 mos
888 3579 1050 3644 erat,
1087 3580 1159 3627 ut
1187 3587 1614 3651 quaecumque
1646 3589 1762 3652 per
1796 3566 2085 3653 singulos
2129 3564 2266 3629 dies
2298 3581 2410 3630 aut
2444 3567 2845 3654 acciperent,

715 3685 832 3734 aut
862 3668 1123 3750 darent,
1156 3670 1220 3734 in
1261 3686 1469 3734 certos
1501 3669 1758 3740 codices
1796 3673 2146 3751 referrent,
2185 3672 2297 3759 qui
2332 3687 2395 3735 et
2426 3673 2809 3736 censoribus
2831 3720 2846 3746 ‚

715 3773 946 3861 quinto
986 3795 1250 3858 quoque
1281 3798 1455 3839 anno
1476 3823 1495 3856 ,
1530 3792 1595 3839 et
1615 3777 1945 3855 judicibus
1965 3825 1983 3856 ,
2021 3778 2074 3840 si
2105 3800 2363 3841 necesse
2394 3795 2601 3857 esset,
2635 3794 2849 3841 osten·

714 3879 1041 3942 derentur.
1080 3878 1320 3941 Confer
1356 3881 1547 3944 Rosc.
1584 3882 1767 3948 Com.
1805 3883 1988 3952 Verr.
2027 3882 2079 3946 Ι.
2118 3882 2378 3946 Tabulae
2417 3883 2845 3970 pactionales,

712 3985 929 4064 literae,
959 3983 1362 4071 syngraphae,
1388 3987 1620 4058 tabulae
1647 3987 1997 4068 rationum,
2027 4010 2165 4056 uno
2185 3988 2552 4052 tabularum
2580 3992 2844 4052 nomine

637 4147 640 4152 .
715 4087 1473 4175 comprehendebantur-3
1519 4113 1742 4179 eaeque
1793 4093 1874 4154 ab
1933 4110 2303 4158 accusatore
2354 4095 2715 4180 inquisitae,
2776 4108 2839 4153 et
