3044 4788
542 438 553 449 ‘
625 434 766 519 460
1263 442 1358 523 M,
1412 442 1487 507 T.
1545 438 2116 509 CICERONIS

622 561 751 629 Cn.
790 556 1781 645 Dolabella,·damnationem
1817 552 2276 629 Philodami⁶
2305 558 2618 653 Opuntii
2664 583 2790 628 re-

621 666 1025 757 sciderunt,
1061 669 1263 766 quod
1296 674 1357 741 is
1393 695 1544 740 non
1574 668 1834 740 absens
1876 693 2046 739 reus
2084 665 2317 739 factus
2343 682 2526 737 oeset
2547 720 2570 753 ,
2605 693 2792 764 quae

618 802 735 847 res
754 778 1203 875 iniquissima
1230 794 1301 849 et
1333 779 1792 850 acerbissima
1821 793 1965 862 est;
2000 777 2125 848 sed
2153 802 2384 874 quum
2407 779 2469 847 ei
2495 776 2788 873 legatio

618 893 922 959 Romam
974 914 1014 958 a
1059 892 1204 959 suis
1258 889 1538 960 civibus
1581 904 1767 961 esset
1807 887 2026 959 data?
2079 885 2298 977 Quod
2345 888 2447 959 illi
2485 885 2785 984 judicas

617 998 850 1069 multo
878 1002 952 1067 in
979 999 1244 1070 leviore
1273 1024 1483 1071 causa
1518 1014 1931 1070 statuerunt
1949 1054 1968 1086 ,
1994 1000 2404 1095 aequitatem
2432 999 2779 1094 sequuti;

615 1132 743 1177 vos
781 1105 853 1175 id
901 1121 1216 1179 statuere
1264 1112 1340 1179 in
1391 1113 1806 1207 gravissima
1856 1133 2108 1196 causa,
2150 1111 2548 1207 praesertim
2585 1108 2776 1179 alio—

618 1241 784 1286 rum
825 1220 1250 1290 auctoritate
1282 1221 1431 1316 jam
1476 1220 2025 1305 confirmatum,
2066 1217 2538 1289 dubitabitis?

718 1331 929 1397 XLV.
970 1334 1058 1398 At
1093 1354 1311 1426 quem
1341 1329 1753 1419 hominem,
1783 1335 1862 1401 C.
1892 1333 2182 1416 Verres,
2225 1342 2455 1411 tanta,
2481 1342 2634 1398 tam
2665 1332 2775 1399 in·

624 1439 810 1533 signi
860 1439 1119 1533 injuria
1169 1439 1525 1512 affecisti?
1582 1443 1834 1537 cujus¹
1878 1439 2196 1511 absentis
2242 1463 2513 1510 nomen
2565 1464 2772 1510 rece·

619 1548 834 1644 pisti?
860 1574 1080 1647 quem
1107 1550 1513 1638 absentem,
1543 1577 1695 1621 nou
1717 1548 1941 1621 modo
1968 1553 2124 1620 sine
2143 1551 2479 1634 crimine,
2511 1562 2581 1618 et
2614 1552 2774 1619 siue

625 1671 838 1745 teste,
893 1684 1146 1732 verum
1186 1664 1393 1732 etiam
1435 1664 1593 1732 sine
1638 1675 2052 1732 accusatore
2082 1658 2499 1729 damnasti?
2530 1662 2774 1751 Quem

626 1765 1042 1840 hominem?
1078 1770 1176 1840 dii
1215 1770 1679 1842 immortales!
1720 1796 1870 1840 non
1908 1768 2142 1841 dicam
2173 1772 2485 1840 amicum
2520 1783 2775 1856 tuum,

626 1878 831 1972 quod
879 1880 1070 1977 apud
1112 1881 1445 1952 homines
1496 1882 1938 1952 carissimum
1985 1894 2127 1967 est;
2171 1903 2319 1948 nou
2371 1878 2769 1976 hospitem,

626 1987 827 2084 quod
864 1992 1392 2061 sanctissimum
1423 2006 1529 2062 est
1559 2019 1574 2061 :
1623 1990 1805 2061 nihil
1835 1992 2026 2061 enim
2054 1990 2297 2059 minus
2332 1988 2647 2061 libenter
2680 1989 2771 2061 de

623 2096 925 2169 Sthenio
968 2123 1501 2188 commemor-03
1537 2101 1719 2171 nihil
1760 2099 1956 2171 aliud
1994 2101 2066 2170 in
2102 2125 2232 2187 ee,
2275 2099 2479 2196 quod
2519 2125 2765 2198 repre·

625 2205 846 2278 hendi
882 2211 1110 2304 possit
1134 2264 1153 2296 ,
1189 2211 1521 2299 invenio,
1569 2213 1704 2281 nisi
1741 2208 1944 2308 quod
1986 2209 2210 2279 homo
2246 2207 2770 2307 frugalissimus

626 2331 845 2415 atque
884 2320 1420 2417 integerrimuS,
1455 2336 1560 2410 te,
1599 2320 1973 2391 hominem
2007 2319 2308 2418 plenum
2342 2321 2610 2418 stupri,
2649 2319 2766 2391 fla·

626 2429 819 2523 gitii,
846 2428 1162 2518 sceleris,
1207 2429 1507 2502 domum
1551 2456 1753 2503 suam
1798 2431 2165 2516 invitavit;
2205 2432 2336 2500 nisi
2369 2430 2610 2527 quod,
2641 2434 2764 2529 qui

633 2541 710 2607 C.
747 2541 954 2608 Marii
970 2550 1022 2625 ²,
1062 2544 1191 2610 Cn.
1228 2544 1591 2639 Pompeii,
1646 2547 1721 2613 C.
1756 2541 2108 2627 Marcelli,
2151 2544 2227 2609 L.
2264 2544 2623 2627 Sisennae,
2662 2544 2765 2613 tui

634 2646 1034 2721 defensoris
1061 2704 1079 2735 ,
1154 2665 1714 2749 ceterorumque
1775 2647 2145 2722 virorum³
2212 2647 2768 2721 fortissimorum

698 2878 751 2927 6.
773 2878 1066 2926 Philodami.
1075 2878 1389 2928 Philodamus
1404 2881 1487 2928 ille
1508 2879 1653 2945 (alins
1740 2879 1972 2943 publicae,
1992 2877 2079 2928 sed
2092 2891 2179 2928 aut
2192 2879 2484 2944 syngrapha
2501 2880 2771 2944 exigenda,

628 2975 656 3006 a
702 2956 989 3004 Philodamo
1032 2958 1388 3024 Lampsaceno,
1417 2964 1559 3010 Verr.
1597 2964 1649 3018 1,
1738 2969 1822 3007 ant
1841 2959 2124 3008 hereditatis
2151 2958 2526 3024 persequendoe,
2564 2972 2652 3008 ant
2669 2963 2771 3007 voti

630 3034 751 3098 25),
787 3035 918 3099 apud
944 3035 1274 3097 Dolabellam,
1311 3039 1495 3088 Cilicia:
1526 3056 1651 3103 prae-
1736 3039 1959 3087 solvendi
1981 3055 2121 3087 cansa
2149 3039 2367 3088 dabatur.

629 3125 781 3163 torem
799 3149 813 3172 ,
833 3115 990 3163 fuerat
1014 3128 1264 3165 accusatus
1289 3135 1346 3166 ac
1371 3119 1649 3179 damnatus,

628 3210 732 3243 non
756 3194 950 3253 absens,
988 3195 1074 3243 sed
1099 3213 1248 3261 quum
1278 3197 1519 3261 proficisci
1548 3201 1649 3247 Ro-

628 3290 755 3322 mam
790 3287 1011 3340 pararet,
1036 3292 1136 3339 quo
1174 3292 1200 3324 a
1240 3277 1431 3325 civibus
1466 3278 1650 3341 legatus

625 3354 922 3403 mittebatur.
973 3357 1139 3417 Quum
1190 3367 1350 3410 autem
1398 3357 1650 3405 Dolabella

626 3435 1003 3496 repetundarum
1044 3434 1297 3483 damnatus
1333 3447 1433 3494 est,
1461 3436 1651 3496 judices

625 3513 901 3564 Philodami
930 3514 1288 3563 «lamnationem
1316 3515 1618 3563 resciderunt
1635 3550 1650 3570 ,

628 3593 718 3640 etsi
745 3608 844 3639 non
871 3593 1044 3640 absens
1070 3610 1180 3641 reus
1222 3594 1377 3642 factus
1413 3606 1543 3656 erat,
1581 3605 1651 3642 ta·

626 3687 736 3719 men
759 3683 1016 3735 propterea
1042 3673 1181 3735 qnod
1209 3673 1433 3737 iniquum
1450 3672 1652 3720 videba-

627 3762 709 3806 tur
744 3766 883 3808 enm,
927 3750 1012 3814 qui
1049 3766 1165 3798 mox
1209 3751 1464 3814 legationis
1508 3768 1652 3800 causa

629 3833 834 3878 Romam
863 3828 1170 3894 profecturus
1198 3841 1326 3891 erat,
1355 3846 1491 3878 reum
1522 3830 1657 3892 fieri,

632 3923 890 3974 antequam
916 3907 1043 3955 hanc
1063 3907 1356 3972 legationem
1380 3910 1581 3959 obiisset
1609 3923 1659 3959 et

630 3991 691 4038 ab
732 4006 787 4039 ea
822 3990 1058 4038 rediisset.
1075 3989 1204 4036 Vide
1229 3990 1490 4054 Wyttenb.
1525 3992 1654 4040 Bibl.

628 4071 736 4120 crit.
777 4080 906 4135 part.
951 4073 1028 4129 11,
1075 4086 1191 4134 pag.
1230 4084 1307 4118 η.
1344 4072 1656 4135 Legationem

628 4151 825 4200 liberam
852 4150 932 4198 bic
969 4149 1227 4213 intelligit,
1268 4166 1377 4214 quae
1414 4167 1514 4199 non
1554 4149 1654 4197 rei-

1809 3120 1965 3166 XLV.
1991 3135 2034 3168 1.
2067 3119 2331 3167 Lambinus
2356 3118 2426 3166 ait
2452 3135 2504 3166 se
2524 3118 2577 3165 in
2598 3117 2769 3166 codiee

1736 3199 1827 3246 Ms
1864 3198 2104 3245 invenisse
2140 3199 2261 3254 ista,
2296 3212 2487 3260 «quem
2523 3197 2770 3245 bominem

1738 3277 1983 3325 absentem
2027 3276 2088 3325 de
2127 3277 2282 3324 literis
2318 3277 2590 3341 corruptis,
2632 3292 2769 3324 cansa

1737 3356 1985 3420 incognita
2002 3390 2017 3415 ‚
2046 3355 2423 3404 condemnasti?
2449 3378 2473 3397 ··
2501 3359 2550 3405 J.
2566 3359 2635 3404 V.
2660 3359 2712 3405 1..

1811 3452 1861 3483 a.
1895 3439 1952 3486 C.
1985 3433 2154 3483 Marii.
2197 3435 2390 3500 Septies
2432 3435 2664 3485 consulis.
2700 3463 2769 3472 —

1743 3514 1830 3563 Gn.
1852 3510 2094 3577 Pompeii.
2116 3514 2311 3578 Magni,
2341 3524 2444 3561 tum
2470 3514 2772 3562 consulise-

1742 3592 1794 3641 C.
1815 3593 2055 3642 Marcelli.
2081 3592 2181 3655 Qui
2207 3593 2385 3640 Siciliae
2410 3594 2698 3658 praefuerat,
2724 3604 2770 3640 et

1739 3671 1791 3718 in
1819 3687 1961 3719 causa
1980 3672 2146 3720 Verris
2164 3672 2316 3733 judex
2338 3672 2684 3721 sedebat.—L.
2703 3673 2773 3719 Si·

1741 3767 1923 3801 sennoe.
1946 3752 2188 3801 Corneliae
2216 3754 2401 3816 gentis,
2424 3754 2509 3815 qni
2538 3753 2591 3799 in
2621 3753 2772 3800 Bruto

1742 3834 1874 3880 inter
1899 3842 2120 3880 oratores
2146 3832 2445 3880 nominatur.

1818 3912 1866 3960 3.
1901 3911 2146 3959 Virorum.
2170 3911 2320 3959 Abest
2348 3926 2448 3958 vox
2481 3910 2563 3958 illa
2597 3927 2622 3956 a
2655 3910 2770 3957 cod.

1745 3989 1969 4038 Lambini
1998 3994 2299 4055 Venetaque.
2339 3993 2498 4054 Quam
2544 3994 2771 4039 Garaton.

1744 4071 1910 4120 laudat
1944 4072 2314 4136 praetermissam
2334 4107 2348 4132 ‚
2394 4083 2442 4121 et
2489 4072 2685 4134 multis,
2715 4071 2773 4118 de

1744 4168 1904 4210 more,
1928 4152 2160 4201 defendit.
