3044 4788
674 382 812 466 564
1451 379 1992 447 EXGURSUS

667 504 990 584 videntur,
1010 502 1074 564 in
1099 499 1536 564 examinandis
1559 490 1869 561 nimiriim
1887 497 2381 585 publicanorum
2406 500 2817 564 rationibus.

667 609 813 673 vid.
834 609 1036 671 Cicer.
1054 606 1136 671 ad
1160 609 1290 670 Att.
1315 605 1425 669 lib.
1451 605 1563 682 IV,
1590 627 1689 691 ep.
1723 626 1748 666 1
1766 626 1819 666 1.
1844 602 2186 691 Vectigalis
2214 604 2551 692 scripturae
2575 629 2817 669 curam

666 712 1016 802 aliquando
1043 711 1253 776 aediles
1286 711 1555 800 gessisse
1581 725 1844 797 apparet
1870 731 1946 772 ex
1971 706 2205 772 Ovidio
2225 732 2419 796 supra
2441 711 2671 775 citato.

757 821 1004 885 Omnes
1046 818 1159 905 qui
1204 815 1571 903 reipublicae
1608 814 1933 901 vectigalia
1974 812 2410 896 redimebant,
2459 819 2814 879 communi

671 926 939 991 nomine
981 922 1360 987 dicebantur
1406 920 1768 1008 publicani,
1812 943 1849 981 a
1881 919 2139 1007 publico
2167 967 2185 999 ,
2222 919 2404 1006 quod
2443 920 2623 1008 apud
2667 924 2812 986 Cic.

668 1057 789 1121 pro
824 1031 982 1095 Rab.
1014 1029 1182 1091 Post.
1216 1049 1356 1114 cap.
1386 1049 1424 1090 2
1445 1073 1463 1105 ,
1491 1042 1557 1089 et
1585 1026 1742 1088 alios
1773 1025 1983 1088 bonos
2015 1040 2307 1088 auctores
2326 1075 2342 1099 ‚
2381 1024 2563 1089 idem
2602 1043 2702 1090 est
2736 1051 2814 1091 ac

666 1135 948 1223 vectigal.
1003 1133 1107 1196 Sic
1146 1132 1230 1195 ad
1275 1133 1357 1214 Q.
1396 1133 1597 1196 Fratr.
1642 1132 1708 1210 Ι,
1748 1155 1815 1195 1:
1865 1147 1978 1194 «et
2019 1130 2375 1219 publicanis
2412 1133 2808 1213 satisfacias,

664 1241 1011 1330 praesertim
1050 1238 1324 1326 publicis
1364 1238 1528 1301 male
1562 1234 1968 1323 redemptis».
1998 1235 2149 1298 Non
2183 1254 2365 1299 erant
2390 1238 2517 1300 vile
2557 1255 2628 1301 et
2661 1262 2808 1301 sor-

668 1346 894 1409 didum
928 1345 1270 1408 hominum
1310 1364 1553 1430 genus,
1594 1340 1709 1404 sed
1743 1356 1928 1404 erant
1973 1363 2051 1403 ex
2091 1341 2415 1427 «equestri
2452 1343 2804 1429 splendore

668 1451 995 1532 hominem,
1030 1449 1145 1514 flos
1180 1448 1473 1536 equitum
1500 1468 1957 1526 romanorum,
1996 1462 2454 1509 ornamentum
2494 1449 2804 1528 civitatis,

669 1552 1145 1620 firmamentum
1180 1553 1336 1640 reip.
1357 1585 1381 1608 »ι
1409 1550 1622 1638 inquit
1644 1551 1871 1613 Cicero
1899 1572 2020 1636 pro
2047 1549 2340 1631 Plancio,
2369 1574 2510 1638 cap.
2533 1575 2603 1637 9.
2631 1555 2807 1641 Ergo

667 1663 1162 1750 publicanorum
1209 1657 1371 1721 ordo
1426 1656 1754 1743 equitibus
1803 1656 2086 1719 romanis
2135 1657 2458 1738 constitit,
2515 1681 2596 1721 ac
2644 1660 2806 1722 nulli

668 1769 801 1832 fere
839 1768 942 1833 alii
989 1767 1255 1830 fuerunt
1289 1763 1647 1851 publicani,
1691 1784 1886 1848 quam
1926 1762 2177 1848 equites
2224 1764 2524 1828 romani:
2583 1766 2808 1853 itaque

672 1897 840 1960 saepe
874 1895 993 1959 pro
1027 1868 1355 1955 equitibus
1390 1881 1808 1953 usurpantur.

759 1980 1085 2061 Quoniam
1119 1976 1524 2063 vectigalium
1560 1973 1918 2061 redemptio
1954 1997 2053 2038 res
2079 1992 2214 2039 erat
2246 1976 2514 2039 maximi
2545 1977 2807 2065 impen-

669 2086 794 2165 dii,
827 2082 908 2146 ad
946 2102 1140 2168 quam
1170 2079 1616 2141 sustinendam
1650 2077 1866 2165 ampla
1901 2080 2175 2166 pecunia
2207 2102 2372 2168 opus
2410 2082 2611 2156 foret,
2653 2085 2801 2170 quia

667 2190 868 2252 totius
904 2184 1174 2262 alicujus
1215 2184 1563 2270 provinciae
1602 2185 1969 2271 vectigalia,
2021 2202 2215 2272 atque
2246 2209 2321 2249 ea
2354 2209 2527 2273 saepe
2560 2186 2799 2252 diversi

663 2292 938 2381 generis,
960 2304 1035 2352 ut
1053 2289 1418 2376 portorium
1439 2303 1504 2350 et
1531 2289 1847 2375 scriptura
1862 2336 1880 2368 ,
1918 2290 2111 2352 simul
2139 2290 2649 2373 redimebantur,
2669 2317 2800 2356 non

667 2415 801 2463 erat
829 2398 1022 2461 unius
1037 2443 1057 2477 ,
1078 2393 1368 2483 quamvis
1389 2392 1720 2473 ditissimi,
1751 2417 1824 2457 ea
1845 2393 2180 2459 redimere.
2215 2399 2440 2484 Itaque
2462 2400 2801 2463 societates

563 2525 568 2532 ·
669 2505 1023 2584 inibantur,
1059 2517 1136 2564 ut
1167 2500 1410 2564 collatae
1446 2521 1600 2586 opes
1636 2495 1881 2562 facilius
1911 2497 2284 2574 sufficerent
2321 2503 2658 2567 immensae
2693 2527 2801 2568 ve·

669 2611 995 2701 ctigalium
1028 2604 1590 2670 administrationi.
1631 2604 1800 2667 Hinc
1831 2605 2135 2690 frequens
2179 2607 2542 2688 sociorum,
2594 2627 2666 2673 et
2699 2634 2806 2673 so-

669 2716 952 2795 cietatis,
1012 2734 1218 2800 quum
1265 2709 1346 2773 de
1383 2708 1743 2797 publicanis
1774 2709 2023 2795 agitur,
2070 2712 2316 2776 mentio
2348 2715 2583 2799 passim
2629 2715 2807 2803 apud

672 2825 1084 2898 Ciceronem,
1122 2832 1186 2880 et
1223 2817 1380 2879 alios
1427 2817 1727 2880 occurrit.
1772 2816 1940 2879 Inita
1974 2819 2315 2898 societate,
2357 2820 2643 2883 locatum
2682 2823 2804 2884 sibi

668 2925 1014 3014 provinciae
1044 2923 1310 3002 alicujus
1341 2921 1611 3009 vectigal
1642 2920 1798 2983 socii
1834 2921 2005 2986 inter
2036 2946 2102 2987 se
2138 2924 2202 2986 in
2239 2941 2447 3012 partes
2477 2941 2610 3005 tot,
2640 2945 2804 3013 quot

670 3047 852 3096 erant
869 3028 1019 3118 ipsi,
1039 3027 1514 3091 distribuebant
1531 3077 1548 3110 ,
1570 3044 1635 3089 et
1659 3050 1839 3090 suam
1862 3030 2098 3116 cuique
2124 3047 2369 3116 partem
2398 3053 2519 3117 pro
2548 3035 2803 3096 ratione

671 3138 1192 3228 pecuniae,q11am
1216 3135 1284 3198 in
1307 3135 1674 3197 societatem
1701 3135 2142 3216 contulerant,
2174 3137 2602 3226 assignabant.
2632 3139 2805 3203 Hinc

673 3247 752 3310 de
786 3242 1046 3308 Rabirio
1076 3241 1390 3315 Postumo
1416 3239 1641 3301 Cicero
1675 3238 1828 3303 dicit
1858 3240 1922 3302 in
1957 3241 2090 3320 ejus
2119 3238 2521 3323 defensione,
2553 3265 2697 3330 cap.
2729 3266 2800 3324 2,

674 3370 935 3440 magnas
982 3368 1134 3409 eum
1171 3360 1384 3432 partes
1422 3342 1726 3406 habuisse
1765 3345 2213 3431 publicorum,
2254 3347 2379 3410 hoc
2412 3364 2537 3428 est,
2572 3350 2800 3436 populi

675 3453 925 3518 romani
955 3450 1394 3538 vectigalium,
1423 3448 1607 3534 quia,
1650 3448 1829 3535 quod
1867 3466 2002 3513 erat
2033 3448 2417 3531 ditissimus,
2455 3453 2799 3534 majorem,

673 3581 867 3646 qnam
906 3552 1135 3642 reliqui
1170 3555 1360 3634 socii,
1394 3555 1736 3640 pecuniam
1770 3556 1836 3616 in
1870 3556 2242 3619 societatem
2274 3557 2659 3621 contulerat.

761 3661 1051 3724 Partibus
1088 3662 1175 3722 ita
1219 3658 1576 3722 distributis
1617 3656 1879 3723 ditiores
1927 3660 2286 3748 publicani,
2322 3662 2375 3723 si
2408 3662 2677 3748 quando
2710 3683 2802 3729 te·

672 3765 1010 3829 nuioribus
1047 3763 1296 3842 amiciS,
1336 3778 1401 3825 et
1437 3763 1550 3848 qui
1583 3764 1975 3828 redimendis
2010 3766 2424 3854 vectigalibus
2448 3789 2635 3854 pares
2668 3792 2799 3834 non

674 3885 923 3950 essent,
970 3865 1308 3955 gratificari
1349 3865 1624 3949 vellent,
1673 3870 2008 3955 particulas
2061 3871 2303 3957 aliquas
2352 3871 2799 3937 concedebant

670 3976 847 4041 unde
893 3998 1028 4038 rem
1068 3975 1273 4036 facere
1311 3992 1593 4059 possent.
1633 3975 1832 4039 Cicer.
1878 3975 2034 4038 ibid.
2076 3976 2281 4039 Valer.
2320 3977 2488 4040 Max.
2529 3977 2646 4041 lib.
2683 3980 2792 4056 Vl,

678 4106 814 4171 cap.
854 4103 929 4167 9,
959 4085 992 4161 §
1024 4104 1082 4167 7.
