3044 4788
1163 378 1689 450 EXCURSUS
1750 384 1805 451 I.
2408 421 2538 497 177

423 528 685 596 operam
727 506 795 569 in
838 527 1027 570 scena
1070 507 1375 573 Romanis
1407 510 1678 576 Roscius
1718 515 2078 585 exhibebat.
2117 523 2398 591 «Decem
2442 531 2541 597 his

421 613 604 677 annis
635 614 977 702 proximiS,
1010 614 1224 700 inquit
1250 616 1478 680 Cicero
1509 641 1631 706 pro
1658 620 1895 686 Roscio
1924 627 2251 713 comoedo,
2302 656 2437 724 cap.
2463 637 2501 701 8
2521 688 2539 722 ,

423 720 560 784 H·S
601 720 881 808 sexagies
920 719 1369 784 honestissime
1403 725 1716 811 consequi
1752 730 1984 815 potuit.
2021 732 2334 804 Laborem
2368 765 2543 829 quae-

419 842 556 890 stus
589 827 862 914 recepit3
888 842 1203 913 quaestum
1222 827 1459 891 laboris
1477 828 1715 909 rejecit.
1746 832 2000 923 Populo
2033 861 2303 908 romano
2331 847 2547 916 adhuc

418 930 656 994 servire
679 953 815 993 non
852 928 1127 1000 destitit:
1165 930 1286 993 sibi
1318 933 1554 997 servire
1577 934 1966 1024 jampridem
2004 940 2247 1010 destitit
2274 980 2318 1012 n.
2367 954 2543 1018 Con-

418 1037 615 1100 sentit
633 1035 838 1100 ferme
870 1058 1020 1099 cum
1052 1036 1367 1100 Cicerone
1400 1038 1670 1121 Plinius,
1698 1040 1964 1126 lib.VII,
2010 1070 2074 1135 p.
2111 1049 2239 1137 396
2268 1055 2419 1123 edit.
2456 1061 2539 1126 Η.

417 1143 526 1207 Ait
561 1142 734 1205 enim
767 1173 792 1197 ιι
814 1142 1170 1230 quingenta
1211 1144 1533 1226 sestertia,
1585 1147 1899 1214 mercedis
1942 1156 2240 1243 nomine,
2273 1162 2543 1253 singulis

419 1249 605 1312 annis
652 1271 688 1312 e
732 1249 994 1337 publico
1028 1249 1338 1312 Roscium
1385 1254 1707 1341 accepisse
1732 1285 1777 1318 υ.
1825 1257 1989 1339 Quae
2036 1283 2291 1331 summa
2333 1270 2546 1338 decies

418 1352 838 1441 multiplicata
890 1351 1103 1417 reddit
1153 1354 1498 1442 quinquies
1554 1358 1728 1423 mille
1777 1365 2101 1448 sestertia3
2164 1393 2314 1455 seu,
2363 1378 2546 1463 quod

419 1454 591 1520 idem
627 1474 757 1539 est,
789 1458 1211 1548 quinquagies
1241 1476 1514 1524 centena
1541 1462 1736 1528 millia
1756 1469 2143 1537 sestertium.
2168 1475 2295 1539 Sed
2318 1480 2543 1548 Cicero

422 1584 743 1626 suminam
775 1562 1077 1651 producit
1111 1563 1193 1628 ad
1230 1567 1534 1654 sexagies.
1561 1568 1777 1650 Quare
1815 1588 1892 1636 ut
1926 1575 2136 1642 Plinio
2172 1603 2323 1646 cum
2357 1588 2541 1654 Cice-

366 1708 381 1726 .
422 1689 584 1731 rone
624 1667 991 1751 conveniat,
1037 1670 1492 1761 corrigendum
1533 1673 1724 1738 Plinii
1755 1676 1970 1743 locum
2009 1701 2229 1750 censet
2270 1689 2544 1758 clarissi-

423 1795 568 1836 mus
609 1772 980 1838 Harduinus
1031 1791 1098 1839 et
1127 1798 1251 1864 pro
1297 1794 1370 1858 τῷ
1407 1780 1751 1867 quingenta
1803 1789 2256 1872 reponendum
2310 1819 2446 1861 esse
2480 1810 2540 1861 τὸ

417 1894 728 1942 sexcenta.
775 1879 1078 1943 Ceterum
1116 1898 1414 1945 sexcenta
1445 1882 1552 1946 illa
1590 1885 1876 1950 sestertia
1896 1935 1914 1969 ‚
1953 1913 2098 1977 quae
2134 1917 2349 1962 annua
2375 1924 2540 1989 pen·
2628 1967 2641 1980 ,

415 1985 643 2050 sitabat
673 1987 907 2052 Roscio
944 1988 1230 2076 respubl.
1255 2011 1500 2054 merces
1530 1990 1680 2056 licet
1723 2010 1788 2058 et
1836 1995 1974 2084 ipsa
2009 1999 2268 2090 ingens,
2304 2009 2539 2075 tolera-

414 2091 606 2156 bilior
649 2114 803 2156 sane
832 2090 1162 2157 videbitur
1194 2094 1298 2158 illa
1323 2143 1341 2176 ,
1376 2119 1572 2183 quam
1601 2121 1681 2162 ex
1711 2099 2046 2168 Macrobio
2070 2111 2444 2180 retulimus:
2476 2135 2541 2182 et

413 2219 544 2284 prae
579 2220 659 2262 eo
695 2220 847 2262 cum
878 2198 1189 2263 Cicerone
1215 2200 1461 2265 Plinius
1498 2204 1701 2293 magis
1725 2193 1825 2269 est
1862 2207 2247 2279 audiendus.
2273 2218 2541 2309 Scripsit

411 2303 823 2369 doctissimus
858 2302 1055 2390 abbas
1104 2305 1524 2394 Fraguerius‚
1567 2309 1683 2398 qui
1728 2310 1943 2376 Roscii
1988 2316 2182 2382 vitam
2232 2321 2299 2385 in
2336 2327 2535 2394 Acad.

412 2411 683 2499 Inscrip.
730 2425 1085 2476 comment.
1135 2413 1261 2477 vol.
1308 2412 1423 2496 IV,
1487 2415 1707 2503 gallice
1752 2417 2125 2509 descripsit,
2170 2427 2314 2493 illos
2362 2434 2538 2500 mille

411 2513 741 2597 denarios,
783 2514 1030 2579 diurnoe
1055 2516 1367 2582 mercedis
1401 2521 1671 2584 nomine
1707 2523 1943 2587 Roscio
1969 2529 2347 2614 attributos,
2377 2560 2537 2603 con-

412 2618 600 2685 ficere
632 2621 785 2686 totis
823 2618 1047 2684 decem
1079 2622 1264 2686 annis
1310 2639 1573 2687 centum
1619 2626 2089 2719 quinquaginta
2134 2653 2533 2709 scutatorum

411 2743 785 2791 nostrorum
818 2727 1033 2791 millia.
1083 2726 1210 2791 Sed
1245 2751 1372 2815 qua
1410 2730 1660 2795 ratione
1697 2732 1902 2798 fretus
1938 2736 2408 2810 eruditissimus
2434 2751 2535 2815 vir

411 2832 478 2896 id
525 2833 907 2922 protulerit,
966 2854 1100 2895 non
1154 2831 1386 2898 video:
1445 2851 1700 2900 constat
1756 2840 1926 2903 enim
1988 2842 2158 2909 hanc
2211 2871 2532 2921 summam

409 2935 907 3025 protrahendam
940 2938 1136 3001 fuisse
1168 2938 1370 3002 ferme
1406 2938 1489 3002 ad
1531 2939 1878 3022 3,oor,2oo
1908 2946 1982 3010 sr.

496 3042 695 3106 Larva
714 3090 733 3124 ,
768 3066 887 3107 seu
916 3065 1192 3131 persona
1219 3046 1485 3132 tragica,
1528 3046 1608 3128 Q.
1631 3048 1935 3132 Roscius,
1988 3069 2149 3119 teste
2174 3059 2526 3149 Diomede,

410 3146 656 3235 primus
690 3148 788 3211 uti
822 3149 1043 3237 coepit,
1090 3148 1171 3212 ad
1218 3148 1661 3238 obtegendum
1709 3154 1837 3218 oris
1870 3157 2134 3242 vitium3
2181 3181 2317 3228 erat
2352 3173 2526 3237 enim

409 3253 680 3317 Roscius
712 3254 1202 3341 perversissimis
1237 3256 1455 3319 oculis.
1493 3257 1590 3320 De
1622 3258 1770 3323 Nat.
1805 3262 1996 3326 Deor.
2022 3265 2087 3345 1,
2125 3268 2227 3332 28.

494 3360 767 3423 Roscius
816 3377 1116 3424 mortuus
1163 3376 1259 3424 est
1302 3384 1529 3427 senex:
1579 3387 1731 3427 eum
1782 3367 1946 3431 luxit
1991 3371 2208 3436 civitas
2256 3382 2467 3446 omnis
2507 3410 2523 3450 :

409 3488 552 3553 quae
602 3463 734 3528 duo
786 3463 1061 3529 declarat
1107 3466 1331 3529 Cicero
1374 3488 1495 3553 pro
1540 3468 1776 3534 Archia
1823 3489 2051 3559 poeta,
2099 3500 2236 3565 cap.
2284 3479 2359 3565 8,
2423 3488 2526 3554 his

404 3570 648 3634 verbis:
695 3570 900 3653 «Quis
948 3588 1243 3634 nostrum
1291 3589 1420 3634 tam
1466 3573 1685 3637 animo
1729 3581 1995 3664 agresti,
2038 3605 2111 3646 ac
2149 3583 2317 3651 duro
2348 3594 2514 3678 fuit,

403 3691 480 3738 ut
509 3676 721 3740 Roscii
745 3694 954 3740 morte
981 3700 1191 3764 nuper
1217 3701 1350 3741 non
1371 3685 1932 3748 commoveretur?
1962 3689 2074 3773 qui
2108 3712 2316 3776 quum
2351 3721 2521 3768 esset

402 3803 594 3845 senex
630 3799 961 3861 mortuuS,
1012 3798 1223 3845 tamen
1271 3798 1539 3872 propter
1574 3787 1986 3854 excellentem
2024 3810 2261 3881 artem,
2299 3825 2374 3867 ac
2405 3828 2516 3871 ve-

401 3904 753 3969 nustatem,
772 3886 1110 3951 videbatur
1133 3890 1403 3953 omnino
1433 3892 1599 3954 mori
1627 3915 1760 3956 non
1795 3894 2094 3964 debuisse
2114 3932 2160 3966 n.

487 3994 570 4074 Q.
592 3994 809 4056 Roscii
838 4009 1205 4080 temporum
1233 3997 1488 4082 aequalis
1524 3998 1648 4061 fuit
1670 3998 1952 4090 AEsopus
1970 4054 1987 4084 ,
2020 4009 2465 4095 tragoediarum
2491 4072 2509 4098 ,

396 4115 474 4163 ut
511 4099 614 4162 ille
652 4095 1147 4179 comoediarum,
1191 4117 1367 4166 actor
1407 4102 1898 4192 celeberrimus3
1937 4108 2017 4174 de
2053 4135 2187 4198 quo
2221 4116 2323 4180 sic·
2347 4122 2517 4199 Tu1-,

634 4206 687 4271 I.
740 4219 831 4267 Cic.
843 4235 956 4281 pars
973 4219 1187 4267 secundm
2178 4243 2203 4289 1
2222 4245 2260 4288 2
