3044 4788
682 474 792 544 IN
840 471 1291 544 VERREM
1337 472 1555 541 Aer.
1596 472 1711 558 11,
1762 472 1953 541 Lm.
1987 472 2046 540 1.
2288 444 2429 540 363

290 597 728 671 videbantur
747 618 902 668 esse
920 648 941 683 ,
965 620 1195 693 quum
1223 592 1681 667 Sacerdotem
1705 591 2282 681 exsecrabantur,
2301 596 2431 690 qui

290 732 568 783 verrem
612 720 762 776 tam
800 729 1116 801 nequam
1150 704 1583 802 reliquisset.
1633 704 1809 793 Quae
1859 729 1993 801 ego
2033 729 2188 775 non
2231 728 2432 775 com-

292 840 768 892 memorarem
788 813 1070 913 (neque
1101 819 1297 887 enim
1317 814 1676 914 perfacete
1697 813 1911 904 dicta,
1941 840 2182 913 neque
2208 838 2429 914 porro

293 931 430 1002 hac
454 931 827 1002 severitate
861 924 1079 1024 digna
1107 929 1361 1022 sunt),
1383 928 1521 997 nisi
1548 948 1680 996 vos
1707 924 1886 997 illud
1918 925 2176 996 vellem
2199 950 2439 997 recor-

294 1039 488 1127 dari,
516 1042 729 1111 istius
754 1039 1159 1134 nequitiam
1187 1051 1261 1109 et
1280 1039 1740 1134 iniquitatem
1770 1051 1928 1108 tum
1956 1039 2033 1106 in
2054 1060 2183 1108 ore
2207 1033 2436 1134 vulgi,

299 1164 522 1250 atque
558 1150 636 1220 in
672 1146 1187 1220 communibus
1221 1145 1627 1246 proverbiis
1663 1169 1817 1217 esse
1846 1159 2222 1218 versatam.

391 1265 677 1335 XLVII.
717 1265 805 1331 In
826 1258 1116 1356 plebem
1142 1283 1318 1330 vero
1334 1279 1722 1328 romanam
1748 1271 1997 1327 utrum
2025 1255 2440 1355 superbiam

296 1357 508 1470 prius⁸
536 1393 966 1459 memorem,
999 1393 1094 1440 an
1129 1365 1674 1441 crudelitatem?
1715 1368 1887 1437 Sine
1920 1363 2148 1437 dubio
2181 1365 2441 1438 crude-

298 1481 458 1553 litas
483 1482 765 1577 gravior
808 1493 919 1551 est
958 1494 1178 1576 atque
1209 1478 1544 1549 atrocior.
1582 1474 1962 1546 Oblitosne
1998 1477 2221 1571 igitur
2253 1475 2391 1547 hos
2415 1487 2434 1519 ¹

301 1591 571 1687 putatis
606 1612 792 1677 esse,
818 1586 1435 1685 quemadmodum
1471 1590 1565 1658 sit
1593 1589 1728 1657 iste
1758 1585 2014 1657 solitus
2038 1588 2258 1682 virgis
2284 1586 2438 1682 ple-

300 1697 474 1769 bem
510 1721 880 1768 romanam
911 1697 1340 1770 concidere?
1369 1722 1591 1795 quam
1626 1719 1782 1766 rem
1827 1697 2044 1766 etiam
2100 1695 2442 1767 tribunus

303 1805 572 1906 plebis²
608 1811 686 1878 in
726 1810 1078 1879 concione
1113 1810 1286 1904 egit,
1315 1831 1548 1904 quum
1580 1828 1750 1877 eum
1769 1857 1790 1893 ,
1818 1828 2041 1900 quem
2060 1807 2282 1903 virgis
2308 1807 2441 1876 iste

302 1917 687 2007 ceciderat,
744 1919 822 1988 in
859 1915 1374 2018 prospectum³
1417 1916 1678 2016 populi
1723 1919 2007 1987 romani
2053 1914 2440 2014 produxit:

301 2028 510 2123 cujus
572 2032 680 2101 rei
732 2026 1252 2125 cognoscendae
1304 2024 1561 2100 faciam
1620 2024 1830 2098 vobis
1888 2048 2022 2097 suo
2039 2024 2071 2077 ⁴
2115 2040 2443 2125 tempore

302 2153 758 2238 potestatem.
812 2138 1168 2239 Superbia
1214 2162 1389 2210 vero
1426 2162 1574 2235 qua
1612 2136 1867 2226 fuerit,
1910 2139 2079 2234 quis
2118 2137 2452 2234 ignorat?

298 2248 971 2348 quenadmodum⁵
1020 2253 1081 2323 is
1130 2251 1637 2322 tenuissimum
1689 2270 2059 2346 quemque
2116 2262 2448 2320 contem-

301 2366 561 2462 pserit,
610 2361 1049 2462 despexerit,
1088 2360 1402 2434 liberum
1453 2384 1607 2434 esse
1661 2382 2065 2457 numquam
2117 2356 2448 2431 duxerit?

303 2480 379 2548 P.
394 2474 799 2546 Trebonius
817 2478 1011 2546 viros
1044 2473 1284 2546 bonos
1302 2470 1337 2518 ⁶
1360 2486 1435 2544 et
1459 2472 1812 2543 honestos
1837 2469 2252 2568 complures
2280 2468 2452 2541 fecit

305 2582 643 2672 beredes;
662 2586 741 2654 in
767 2582 880 2656 his
901 2582 1111 2657 fecit⁷
1152 2607 1368 2656 suum
1393 2581 1761 2655 liberm.
1799 2586 1869 2654 Is
1897 2585 1981 2654 A.
2001 2578 2447 2651 Trebonium

304 2689 601 2763 fratrem
660 2690 1014 2764 habuerat
1069 2696 1560 2792 proscriptum
1615 2719 1631 2762 ε
1696 2693 1763 2763 ei
1822 2715 2056 2789 quum
2109 2684 2450 2761 cautum⁸

304 2801 554 2891 vellet,
576 2805 894 2902 scripsit,
921 2818 1005 2875 ut
1022 2802 1323 2877 heredes
1342 2803 1695 2900 jurarent,
1718 2825 1793 2873 se
1820 2813 2222 2888 curaturos,
2247 2812 2332 2870 ut
2358 2824 2449 2870 ex

306 2936 438 2985 sua
467 2914 821 3011 cujusque
854 2929 1060 3012 parte
1097 2940 1192 2986 ne
1232 2918 1471 2986 minus
1502 2911 1886 2985 dimidium
1935 2911 2026 2983 ad
2056 2915 2140 2982 A.
2173 2911 2454 2982 Trebo-.

308 3025 515 3094 nium
544 3022 838 3095 fratrem
877 3024 1084 3095 illum
1127 3028 1616 3124 proscriptum
1644 3027 2076 3122 perveniret.
2113 3022 2449 3095 Libertus

303 3133 522 3229 jurat.
553 3136 789 3208 Ceteri
814 3134 1118 3208 heredes
1143 3134 1417 3208 adeunt
1447 3134 1540 3207 ad
1571 3141 1873 3208 Verrem
1904 3160 1920 3205 ε
1956 3133 2222 3233 docent
2241 3188 2261 3223 ,
2295 3159 2447 3205 non

378 3335 583 3410 ΧῙΝῌ.
611 3351 658 3387 1.
679 3339 798 3386 Hos.
820 3338 1094 3405 Populum,
1122 3339 1208 3404 qui
1236 3339 1334 3387 cir-
1492 3338 1544 3388 6.
1583 3341 1763 3387 Bonos.
1810 3337 2056 3388 Nimirum
2102 3353 2166 3385 ex
2214 3336 2450 3402 opinione

306 3428 419 3462 cum
448 3415 677 3465 subsellia
709 3417 884 3466 stabat.
1419 3417 1671 3466 Trebouii.
1699 3418 1823 3467 Nam
1849 3434 1959 3482 quae
1996 3428 2269 3482 sequuntur
2298 3417 2446 3466 bonos

380 3509 430 3542 α.
462 3493 699 3544 Tribunus
716 3496 892 3563 plebis.
920 3497 995 3546 Μ.
1024 3496 1213 3545 Lollius
1240 3483 1336 3546 Pa-
1421 3507 1472 3544 σε
1496 3496 1747 3552 honestos,
1780 3513 1944 3545 revera
1983 3513 2087 3562 nou
2116 3497 2264 3545 fuisse
2292 3497 2453 3545 decla-

305 3570 517 3622 nanus.
567 3581 571 3586 ’
938 3571 946 3580 ’
1420 3587 1550 3625 rant.

382 3652 436 3701 3.
458 3652 635 3701 Melius
658 3653 806 3705 codd.
828 3652 1053 3720 quidam,
1087 3667 1335 3718 «compe-
1496 3669 1548 3715 7.
1568 3656 1718 3705 Multi
1742 3655 1891 3705 deleri
1919 3655 2096 3703 volunt
2105 3651 2271 3720 fecit,-
2298 3660 2455 3706 Here-

308 3741 443 3779 etum
462 3754 503 3781 n.
522 3733 573 3781 J.
594 3736 658 3782 V.
679 3733 734 3784 L.
1420 3733 1517 3782 lius
1544 3746 1697 3784 mutat
1719 3736 1771 3783 in
1794 3735 1962 3783 etiam.
2001 3736 2035 3783 J
2038 3769 2051 3781 .
2071 3737 2136 3783 V.
2164 3735 2219 3782 L.

383 3818 431 3866 4.
450 3812 547 3858 Suo
566 3823 795 3876 tempore.
814 3814 982 3876 Quum
1000 3810 1061 3861 de
1080 3809 1336 3877 suppliciis
1496 3815 1549 3861 8.
1574 3814 1800 3862 Cautum.
1835 3817 2004 3877 Quum
2027 3814 2073 3861 ei
2103 3813 2215 3861 vitae
2237 3814 2455 3862 subsidia

307 3901 500 3955 agetur.
1423 3892 1767 3963 suppeditare,
1806 3904 1856 3942 et
1899 3893 1950 3940 id
1971 3926 1986 3950 ‚
2026 3892 2165 3957 quod
2209 3893 2453 3958 relinque-

383 3970 433 4017 5.
461 3970 686 4017 Goerenz.
712 3968 776 4017 ad
803 3969 1091 4020 Ciceronem
1119 3968 1181 4018 de
1202 3969 1343 4027 Fini·'
1423 3970 1535 4030 bat,
1573 3972 1833 4036 providere
1872 3972 2018 4021 vellet
2058 3983 2114 4021 ut
2153 3983 2288 4021 extra
2326 3973 2458 4037 peri-

308 4047 428 4104 bus,
466 4050 531 4107 V,
560 4049 654 4106 32,
677 4058 925 4097 oratorem
960 4050 1167 4111 conjicit
1206 4065 1341 4113 repe·
1428 4052 1594 4100 culum
1619 4063 1913 4117 poneretur-3
1949 4063 2121 4116 utpote
2142 4052 2228 4115 qui
2246 4052 2455 4116 proscri-

311 4127 487 4175 titione
517 4144 661 4175 usum
690 4126 872 4177 dixisse
888 4163 902 4188 ,
939 4151 965 4171 α
980 4129 1093 4195 quis
1117 4130 1341 4193 ignorat,
1429 4140 1547 4197 ptus
1572 4121 1826 4181 cei-'nenda
1851 4132 2110 4182 hereditati
2130 4130 2338 4179 idoneus
2355 4145 2458 4177 non

313 4206 725 4269 quemadmodum
753 4207 824 4268 is,
850 4218 942 4258 etc.
962 4231 988 4252 a
1018 4212 1067 4260 J.
1086 4210 1149 4257 V.
1184 4210 1237 4257 1..
1432 4220 1572 4258 esset.
