3044 4788
627 455 742 526 IN
786 454 1219 523 VERREM
1269 452 1581 520 ACTIO
1630 452 1980 521 PRIMA.
2222 447 2360 544 267

231 582 441 678 perio
473 592 547 649 et
581 589 974 674 potestate3
1018 599 1153 671 ego
1185 588 1430 644 autem
1467 571 1729 661 aedilis,
1769 572 1913 643 hoc
1948 584 2090 658 est,
2125 570 2368 668 paullo

231 688 571 786 amplius¹
599 710 819 784 quam
841 689 1160 783 privatus
1179 712 1195 754 ε
1217 699 1458 755 tamen
1487 682 1639 755 haec
1659 681 2074 778 hujusmodi
2106 706 2212 752 res
2236 695 2368 767 est,

235 824 457 899 quam
496 824 612 869 me
650 811 983 868 acturum
1022 820 1175 867 esse
1212 793 1589 892 polliceor,
1627 797 1726 864 ita
1761 793 2037 891 populo
2069 815 2372 862 romano

236 924 436 1007 grata
466 923 683 1004 atque
712 904 1070 1003 jucunda,
1101 919 1186 975 ut
1216 908 1370 1002 ipse
1408 903 1667 975 consul
1698 907 1775 973 in
1812 903 1948 974 hac
1981 926 2189 973 causa
2227 926 2373 1000 prae

238 1046 355 1092 me
396 1022 641 1090 minus
690 1023 940 1106 etiam,
979 1018 1039 1088 si
1078 1015 1238 1087 fieri
1280 1018 1547 1113 possit,
1583 1040 1805 1112 quam
1858 1016 2177 1112 privatus
2219 1036 2374 1083 esse

236 1130 589 1203 videatur.
647 1132 909 1201 Omnia
952 1152 1102 1200 non
1155 1124 1377 1196 modo
1420 1122 2209 1210 commemorabuntur,
2250 1119 2378 1192 sed

239 1245 459 1313 etiam
480 1295 500 1328 ‚
535 1242 879 1338 expositis
917 1241 1133 1310 certis
1165 1235 1416 1321 rebus,
1460 1248 1793 1332 agentur,
1831 1260 1992 1331 quae
2028 1237 2217 1304 inter
2250 1230 2377 1302 de·

241 1376 402 1424 cem
438 1374 670 1423 annos
691 1406 711 1439 ‚
750 1364 1217 1448 posteaquam
1247 1345 1518 1443 judicia
1547 1345 1637 1417 ad
1681 1360 2007 1417 senatum
2045 1345 2377 1416 translata

243 1476 457 1546 sunt,
507 1464 582 1531 in
624 1459 842 1531 rebus
880 1456 1295 1557 judicandis
1344 1456 1618 1528 nefarie
1658 1455 2152 1554 flagitioseque
2202 1454 2386 1526 facta

247 1586 442 1644 sunt.
486 1575 893 1667 Cognoscet
937 1595 1027 1642 ex
1079 1595 1197 1640 me
1237 1569 1556 1666 populus
1606 1591 1987 1656 romaum,
2029 1565 2203 1664 quid
2251 1569 2382 1652 sit,

251 1678 768 1778 quamobrem,
821 1706 1053 1778 quum
1104 1692 1443 1777 equester
1490 1676 1675 1749 ordo
1715 1677 2103 1774 judicaret,
2132 1673 2387 1774 {annos

249 1814 483 1890 prope
512 1793 1089 1888 quinquaginta²
1130 1790 1516 1861 continuos
1538 1842 1557 1875 ,
1597 1787 1796 1870 nulla
1824 1786 1848 1885 [
1866 1789 2111 1886 judice
2144 1787 2388 1883 equite

253 1925 558 1973 romano
605 1899 1020 1998 judicante]
1049 1926 1143 1971 ne
1199 1896 1664 1970 tenuissima3
1720 1900 2018 1998 quidem
2077 1898 2386 1996 suspicio

251 2027 561 2110 acceptae
580 2013 906 2111 pecuniae
921 2010 1019 2083 ob
1037 2035 1188 2082 rem
1197 2010 1663 2105 judicandam
1676 2014 2066 2082 constituta
2086 2005 2388 2105 sit3quid

254 2124 381 2210 sit,
416 2121 620 2221 quod
659 2121 952 2220 judiciis
994 2120 1084 2193 ad
1136 2123 1581 2191 senatorium
1623 2120 1955 2192 ordinem
2004 2121 2391 2202 translatiS‚

255 2232 720 2331 sublataqueff»
747 2232 999 2331 populi
1024 2234 1308 2302 romani
1333 2233 1409 2300 in
1439 2255 2045 2330 unumquemque
2069 2244 2394 2302 nostrum

257 2358 614 2443 potestate
631 2399 651 2433 ,
678 2346 764 2436 Q.
788 2337 1153 2415 Calidius⁵
1188 2340 1571 2413 damnatus
1599 2341 1883 2432 dixerit,
1909 2345 2205 2414 minoris
2227 2343 2392 2411 H-S.

256 2456 499 2525 tricies
531 2458 949 2552 praetorium
987 2452 1365 2523 hominem
1398 2449 1705 2524 honeste
1742 2478 1893 2523 non
1939 2477 2159 2551 posse
2192 2450 2396 2520 dam-

261 2567 467 2651 nari3
498 2561 680 2662 quid
713 2567 837 2653 sit,
870 2563 1112 2661 quod,
1138 2568 1214 2635 P.
1245 2559 1629 2660 Septimio6
1650 2579 1983 2637 senatore
2021 2563 2396 2648 (lamnam,

334 2748 478 2795 xm.
503 2763 551 2796 ι.
571 2747 750 2795 Paullo
777 2747 1000 2811 amplius.
1020 2748 1145 2796 Nam
1175 2745 1294 2793 aedi-

262 2827 377 2876 litas
402 2842 465 2875 ex
481 2826 753 2875 minoribus
780 2837 881 2875 erat
902 2826 1262 2889 magistratibus
1276 2859 1291 2883 ,

265 2907 302 2954 i.
329 2922 375 2954 e.
400 2922 462 2955 ex
509 2905 567 2953 iis
612 2908 699 2970 qui
740 2905 1017 2954 minoribus
1063 2904 1294 2970 auspiciis

263 2984 576 3034 creabantur.

343 3079 394 3113 a.
418 3067 580 3128 Prope
604 3063 981 3129 quinquaginta.
1002 3063 1162 3111 Annis
1189 3074 1295 3111 tan-

270 3154 376 3193 tum
398 3159 532 3192 xnus
551 3156 775 3208 equester
800 3144 926 3192 ordo
947 3143 1205 3204 iudicavit.

346 3224 397 3272 3.
438 3224 518 3272 Ne
552 3224 851 3273 tenuissima.
886 3223 1114 3272 Oratorie
1148 3233 1200 3271 et
1231 3222 1295 3270 ad

269 3314 482 3367 tempus.
494 3303 673 3351 Scribit
689 3305 818 3351 enim
830 3305 1090 3367 Appianas
1101 3301 1164 3349 de
1173 3300 1296 3349 Bell.

269 3384 367 3431 civ.
393 3386 442 3441 1,
470 3384 658 3446 equites
679 3399 784 3431 non
810 3384 973 3430 minus
1009 3382 1220 3446 turpiter
1248 3392 1300 3429 et

269 3461 533 3526 flagitiose,
552 3478 699 3526 qnam
720 3474 992 3521 senatores,
1011 3460 1197 3524 judicia
1213 3460 1301 3509 ad-

272 3541 581 3590 ministrasse.
646 3584 654 3592 .

349 3630 399 3680 4.
418 3621 736 3684 Sublaeaque.
766 3620 980 3670 Sublatis
1002 3638 1091 3686 per
1117 3620 1301 3669 Sullam

276 3698 488 3748 tribunis
507 3700 695 3764 plebis,
730 3698 795 3747 ad
829 3716 955 3763 quos
982 3711 1088 3748 erat
1118 3714 1301 3764 provo-

275 3779 425 3837 catio,
447 3781 488 3826 si
511 3780 622 3843 quis
643 3779 827 3838 iniusto
840 3777 1029 3837 jndicio
1048 3794 1099 3826 se
1119 3778 1302 3827 conde·

276 3869 498 3906 :nuatum
527 3868 740 3922 putaret.
768 3859 885 3919 Quo
910 3868 1045 3904 metu
1071 3857 1272 3923 dempto
1288 3891 1304 3917 ,

278 3942 490 4007 turpiter
506 3940 685 3989 deinde
704 3950 949 3987 senatores
960 3938 1260 3999 iudicarunt.

350 4021 404 4071 5.
434 4022 497 4084 Q.
535 4018 772 4068 Calidius.
798 4021 876 4067 Ex
899 4029 1104 4083 praetura
1135 4019 1308 4083 Hispa-

281 4100 443 4150 niensi
468 4099 726 4148 damnatus
765 4097 1142 4162 repetundarum
1176 4110 1308 4147 anno

283 4181 415 4243 677,
433 4195 585 4244 quum
607 4179 834 4228 sensisset
855 4177 910 4227 id
927 4177 1111 4228 sactum
1136 4178 1309 4239 subse,

1379 2748 1492 2811 qnia
1513 2747 1755 2808 judicium
1786 2751 2018 2814 pecunia,
2055 2763 2199 2811 esque
2221 2762 2397 2810 parva,
2481 2762 2493 2772 ·

1379 2838 1668 2892 corruptum
1698 2829 1883 2888 suerat,
1911 2830 2024 2876 satis
2054 2829 2198 2876 facete
2216 2841 2397 2889 expro-

1378 2906 1541 2955 bravit
1557 2906 1768 2955 sordidis
1786 2909 2057 2970 judicibus,
2074 2906 2211 2972 quod
2234 2922 2285 2953 se
2305 2917 2403 2954 tam

1379 3004 1535 3052 parvo
1569 2989 1731 3053 poetio
1769 2988 2100 3037 damnassent:
2136 3010 2162 3029 α
2180 2987 2260 3034 vel
2287 2985 2402 3033 ido·

1378 3084 1549 3124 neam,
1567 3069 1755 3131 inquit,
1776 3068 2051 3116 mercedem
2062 3083 2152 3132 pro
2182 3081 2294 3114 meo
2323 3083 2403 3113 ca-

1379 3150 1483 3212 pite
1507 3147 1692 3212 pacisci
1714 3147 1979 3210 debuistis;
2007 3144 2099 3195 Hoc
2117 3147 2286 3195 saltem
2311 3146 2404 3195 ho-

1381 3228 1582 3275 nestatis
1620 3238 1743 3277 esset
1786 3228 1837 3275 in
1883 3227 2023 3275 vobis
2060 3238 2111 3275 ut
2154 3225 2403 3272 hominem
2474 3272 2477 3273 γ

1381 3307 1667 3370 pretorium
1691 3323 1793 3355 non
1814 3306 1899 3354 vili
1923 3307 2078 3370 pretio
2096 3304 2407 3352 vendex-etis»

1384 3384 1595 3451 (nempe
1621 3401 1720 3434 non
1758 3388 1947 3434 minore
1974 3386 2130 3450 pretio
2159 3400 2304 3448 quam
2333 3400 2408 3431 se-

1385 3467 1607 3514 stertium
1626 3468 1853 3514 trecentis
1870 3466 2095 3523 millibus,
2114 3467 2145 3513 6
2157 3465 2305 3523 ι,5οο
2323 3465 2409 3531 fr.)

1387 3574 1460 3585 --
1485 3550 1622 3595 Loco
1662 3546 1822 3594 tricies
1837 3581 1852 3604 ,
1894 3546 2033 3617 quod
2068 3546 2197 3594 dedit
2220 3547 2405 3594 Ascon.

1389 3627 1502 3676 edd.
1524 3638 1646 3676 vett.
1668 3642 1783 3674 xxx.
1813 3628 2037 3676 Pessime.

1461 3701 1514 3748 6.
1539 3701 1594 3747 Ρ.
1617 3699 1864 3762 Septimio.
1895 3700 1952 3747 P.
1969 3697 2247 3761 Septimius,
2270 3708 2322 3746 et
2338 3712 2411 3745 se-

1389 3790 1593 3843 quentes
1625 3779 1681 3828 C.
1712 3779 2012 3834 Herennius,
2058 3778 2109 3826 C.
2143 3776 2412 3840 Popillius,

1393 3861 1471 3908 M.
1515 3858 1719 3907 Attilius
1749 3857 2119 3921 postulabantur
2154 3856 2412 3904 criminum

1393 3954 1505 4002 qnae
1535 3936 1657 3986 nihil
1680 3936 1879 4001 quidem
1904 3937 1967 3984 ad
1986 3935 2224 3997 judicium
2250 3951 2413 3983 corru-

1397 4028 1535 4081 ptum
1580 4017 1842 4081 pertinent.
1888 4016 1984 4065 Sed
2027 4017 2138 4080 qnia
2180 4013 2415 4078 flagitiose

1395 4096 1515 4144 olim
1540 4095 1877 4157 judicaverant
1892 4129 1907 4157 ,
1930 4112 2096 4144 eorum
2116 4094 2417 4143 damnationi

1397 4178 1495 4226 hoc
1519 4176 1668 4225 etiam
1694 4187 1844 4240 capnt
1868 4175 2087 4225 additum
2112 4184 2186 4223 est
2201 4207 2217 4234 ,
2253 4185 2309 4221 nt
2334 4189 2420 4239 pe-
