3044 4788
710 418 841 485 DE
890 419 1354 487 JUDICllS
1403 417 1888 485 PUBLICIS.
2214 412 2350 510 587

244 558 383 618 tus,
421 560 612 603 nemo
645 555 741 602 est
779 539 916 625 qui
929 510 1205 618 nesciat,
1243 538 1294 601 si
1341 535 1538 602 modo
1573 537 1674 600 vel
1712 534 2029 600 levissime
2069 536 2352 602 historiae

242 644 581 713 studuerit.
636 644 725 707 Ut
772 643 1143 707 omittamus
1190 643 1437 731 legibus
1477 642 1814 730 permissas
1867 641 2002 705 illas
2040 641 2353 723 rationes,

241 745 634 838 aucupandae
671 749 992 836 popularis
1026 771 1193 812 aurae
1231 770 1453 829 causa,
1500 748 1643 810 illos
1692 747 2203 811 nomenclatores
2241 749 2353 835 qui

189 928 190 931 Ἴ
242 854 593 921 candidatis
628 854 941 942 cujusque
972 877 1213 918 nomen
1248 853 1777 933 insusurrabant,
1808 852 2044 916 dextrae
2077 854 2357 940 prehen-

244 964 456 1027 siones
477 983 620 1049 quae
643 961 885 1025 Nasicae
908 959 1193 1048 Scipioni
1220 961 1543 1047 repulsam
1569 960 1930 1023 intulerunt
1945 1005 1963 1039 ,
1988 958 2356 1047 largitiones

247 1068 385 1131 illas
425 1087 568 1154 quae
598 1066 844 1154 populo
880 1063 1310 1145 donabantur,
1336 1086 1612 1152 quarum
1642 1063 2129 1139 celeberrimum
2165 1063 2363 1139 dede·

246 1189 345 1238 rat
397 1171 761 1258 exemplum
813 1171 1109 1251 Crassus,
1151 1169 1264 1256 qui
1317 1165 1661 1257 postquam
1720 1167 1943 1233 decem
1998 1191 2365 1235 mensarum

247 1278 529 1341 millibus
563 1276 818 1364 plebem
844 1297 1175 1339 romanam
1200 1290 1567 1362 exceperat,
1586 1276 1646 1339 ei
1674 1275 1936 1362 insuper
1959 1277 2363 1340 frumentum

246 1383 317 1445 in
353 1399 482 1446 tres
517 1401 770 1444 menses
802 1396 1207 1468 erogaverat3
1240 1379 1371 1459 jam
1405 1378 1488 1443 de
1518 1379 1730 1444 vetitis
1762 1401 2027 1467 agamus
2063 1381 2181 1444 viis
2218 1381 2366 1467 qui-

246 1487 371 1550 bus
403 1485 486 1549 ad
516 1507 784 1548 munera
816 1485 1034 1548 omnia
1060 1482 1351 1572 plerique
1376 1483 1848 1572 grassabantur.
1875 1483 2166 1547 Primum
2193 1484 2367 1571 apud

253 1614 365 1656 eos
391 1590 648 1679 'vigebat
677 1588 877 1654 veluti
926 1588 1215 1676 quaedam
1264 1589 1569 1678 suffragia
1611 1587 1976 1653 redimendi
2010 1590 2370 1678 provincia,

253 1719 395 1785 quae
437 1717 555 1784 per
588 1717 740 1758 suos
783 1711 1139 1782 sequestres
1160 1741 1179 1775 ,
1225 1695 1586 1774 ministros,
1624 1693 2002 1780 interpretes
2050 1692 2265 1775 fieret;
2305 1711 2370 1761 et

255 1800 335 1865 de
375 1822 504 1887 qua
541 1799 771 1886 saepius
812 1799 1034 1862 Cicero
1074 1798 1142 1860 in
1166 1797 1452 1861 Verrinis
1496 1797 1896 1861 mentionem
1936 1797 2149 1860 habet.
2175 1799 2369 1861 Veta-

253 1908 495 1971 bantur
537 1919 603 1969 et
645 1903 1067 1994 gladiatorum
1107 1925 1406 1984 munera,
1445 1922 1589 1990 quae
1621 1901 1783 1966 adeo
1819 1901 2003 1965 avide
2034 1903 2374 1991 expetebat

260 2012 576 2100 populus,
612 2025 677 2073 et
717 2009 919 2075 multa
957 2008 1075 2072 alia
1112 2031 1255 2096 quae
1289 2009 1397 2072 hic
1432 2029 1810 2072 enumerare
1846 2030 2083 2071 vanum
2117 2031 2192 2072 ac
2222 2009 2372 2072 inu-

257 2118 366 2181 tile
396 2108 758 2181 videretur(

300 2268 314 2277 =
345 2224 435 2289 Ac
467 2222 570 2287 vel
605 2222 827 2310 primis
853 2220 1010 2308 reip.
1036 2220 1434 2308 temporibus
1468 2242 1727 2284 necesse
1758 2242 1984 2284 omnes
2009 2219 2335 2286 duxerunt
2354 2270 2370 2302 ‚

173 2364 178 2369 ·
259 2330 372 2392 has
404 2327 798 2416 corruptelas
839 2325 1250 2391 severissimis
1297 2325 1547 2417 legibus
1583 2325 1912 2408 cohiberi;
1950 2327 2044 2390 sic
2081 2327 2371 2391 instituta

260 2435 489 2497 Maenia
526 2433 630 2497 lex
687 2433 884 2519 (anno
927 2432 1081 2518 439)
1135 2448 1200 2496 et
1247 2433 1542 2495 Cornelia
1589 2432 1798 2495 Baebia
1845 2430 2059 2519 (571),
2099 2456 2371 2519 quarum

263 2558 452 2604 tenor
501 2560 636 2600 non
691 2537 772 2601 ad
834 2560 952 2601 nos
1006 2558 1212 2623 usque
1272 2537 1602 2624 pervenit,
1648 2535 1762 2599 sed
1808 2559 1951 2623 quae
1998 2537 2371 2602 damnatum

263 2659 507 2722 morte,
557 2657 670 2705 aut
717 2642 909 2705 etiam
953 2643 1204 2722 exsilio,
1242 2641 1422 2728 quod
1458 2663 1714 2728 semper
1761 2664 1876 2704 reo
1917 2642 2195 2706 liberum
2237 2660 2373 2706 erat

266 2769 581 2836 occupare
596 2794 614 2827 ,
639 2746 1006 2810 multarent.

352 2854 595 2918 Marius
639 2853 832 2917 etiarn
879 2850 1100 2915 eadem
1149 2851 1229 2914 de
1271 2873 1462 2915 causa
1504 2851 1708 2939 legem
1741 2852 1891 2916 tulit
1922 2849 2137 2938 (634),
2185 2876 2270 2918 ne
2305 2854 2370 2916 in

268 2976 465 3048 ponte
509 2982 627 3047 per
674 2980 871 3045 quem
922 2957 1222 3045 suffragia
1271 2955 1534 3022 daturos
1584 2958 1852 3023 transire
1901 2974 2036 3021 erat
2079 2981 2337 3038 necesse
2359 3007 2377 3039 ,

269 3064 759 3134 candidatorum
818 3064 1154 3151 quisquam
1218 3079 1446 3144 staret3
1505 3063 1618 3127 sed
1687 3064 1826 3151 ipse
1883 3066 2123 3152 ceteris
2176 3065 2376 3153 magis

271 3192 463 3258 quam
502 3170 624 3234 sibi
659 3169 796 3233 haec
831 3170 1153 3257 scripsisse
1202 3186 1299 3238 est
1332 3170 1544 3251 visus,
1578 3170 1820 3258 quippe
1854 3171 1967 3257 qui
2004 3186 2069 3233 et
2101 3155 2382 3234 ambi'tus
2432 3169 2437 3174 ’

273 3275 472 3338 fuerit
502 3292 837 3338 accusatus
856 3322 874 3354 ,
909 3291 973 3339 et
996 3291 1244 3338 sextum
1272 3274 1676 3338 consulatum
1698 3323 1717 3356 ,
1749 3275 2008 3339 nonnisi
2037 3276 2240 3338 multa
2268 3297 2382 3362 pe·

274 3380 460 3444 cunia
489 3380 772 3469 potuerit
791 3380 1152 3467 impetrare.
1179 3381 1264 3443 Et
1283 3381 1419 3469 ipse
1443 3380 1635 3456 Sulla,
1656 3387 1862 3467 quum
1891 3380 2087 3442 semel
2110 3396 2384 3469 praetura

275 3485 626 3567 excidisset,
648 3485 908 3549 nonnisi
936 3486 1255 3572 corruptis
1279 3486 1621 3574 suffragiis,
1644 3508 1784 3548 eam
1809 3485 2114 3548 obtinuit.
2131 3485 2388 3566 Quibus

275 3590 612 3677 exemplis,
640 3593 887 3655 etiamsi
924 3616 1056 3656 non
1085 3591 1342 3657 aliunde
1379 3608 1655 3680 pateret,
1702 3590 1864 3655 illud
1903 3590 2400 3677 comprobatur,

171 3733 174 3740 -
279 3695 440 3758 nihil
476 3695 594 3759 hac
627 3694 707 3760 de
741 3719 812 3760 re
847 3720 1158 3784 umquam
1181 3699 1351 3785 leges
1375 3698 1667 3762 valuisse.
1691 3698 1870 3780 Quas
1905 3712 2120 3760 tamen
2154 3690 2386 3761 multas
2462 3759 2469 3762 ,

275 3799 374 3862 vel
411 3799 562 3864 inde
595 3802 860 3889 scriptas
888 3819 1139 3867 constat
1167 3825 1182 3866 ε
1227 3818 1306 3867 ut
1340 3804 1545 3892 legem
1572 3803 1831 3867 Fabiam
1855 3849 1874 3882 ,
1912 3825 1995 3865 ne
2023 3818 2208 3867 ‚tanta
2235 3803 2394 3866 ami-

279 3927 502 3968 corum
542 3905 776 3969 cohors
808 3905 1178 3970 candidatos
1223 3924 1758 3995 prosequeretur;
1797 3909 2159 3985 Corneliam
2185 3956 2202 3989 ,
2244 3930 2389 3994 quae

280 4025 412 4074 tam
442 4011 740 4075 atrociter
771 4012 836 4074 in
875 4011 1208 4076 damnatos
1243 4013 1805 4090 animadvertebat,
1820 4029 1895 4077 ut
1919 4029 2179 4077 senatus
2214 4013 2271 4075 ei
2304 4013 2399 4075 in-

280 4114 604 4181 tercedere
651 4140 905 4204 aequum
961 4119 1314 4199 censuerit3
1370 4119 1819 4206 Calpurniam,
1872 4142 2015 4204 quae
2041 4167 2060 4198 ‚
2101 4117 2393 4205 quamvis
