3044 4788
608 471 719 540 IN
771 473 1211 544 VERREM
1259 471 1478 542 ACT.
1525 473 1645 557 ΙΙ,
1698 473 1887 540 LIB.
1925 474 2024 541 II.
2244 473 2388 559 453

250 592 593 689 transigi²
632 591 818 663 nihil
858 593 1378 691 potuit‚‘quod
1418 607 1490 663 et
1529 592 1604 663 id
1648 592 2042 692 temporis³
2079 610 2266 685 erat,
2318 612 2393 668 et

251 702 372 774 ille
390 758 409 788 ‚
440 717 644 799 pater
665 704 890 791 istius,
922 707 1296 775 invenerat
1321 703 1691 791 homines,
1721 708 1844 801 qui
1874 703 2185 776 dicendo
2210 720 2393 777 tem·

246 838 387 909 pus
417 829 947 884 consumerent.
988 819 1236 885 Postea
1275 839 1496 885 senex
1529 819 1793 886 Verres
1831 814 2247 888 defensores
2286 829 2390 889 at-

247 946 387 1016 que
414 922 736 1020 hospites
768 948 1022 995 omnes
1055 925 1333 995 Sthenii
1368 928 1748 995 convenit:
1781 940 1988 1022 rogat
2015 951 2141 999 eos
2168 942 2389 1025 atque

247 1047 443 1121 orat,
479 1057 573 1103 ne
601 1048 1031 1131 oppugnent
1064 1032 1299 1104 filium
1323 1058 1572 1122 suum3
1599 1033 1690 1106 de
1724 1034 2025 1109 Sthenio
2061 1060 2154 1108 ne
2179 1034 2386 1106 labo-

250 1157 409 1214 rent
450 1169 465 1211 :
516 1142 896 1213 confirmat
939 1142 1093 1231 his,
1149 1157 1574 1214 curaturum
1620 1167 1696 1213 se
1737 1144 1922 1228 esse,
1961 1169 2054 1215 ne
2099 1145 2279 1241 quid
2323 1151 2390 1217 ei

248 1276 381 1349 per
405 1249 638 1322 filium
668 1277 882 1323 suum
911 1256 1338 1340 noceatur&
1362 1275 1436 1324 se
1465 1252 1802 1324 homines
1834 1269 2068 1325 certos
2101 1256 2258 1351 ejus
2283 1260 2388 1326 rei

247 1384 459 1431 causa
496 1363 571 1431 in
609 1361 924 1431 Siciliam
960 1376 1033 1432 et
1069 1375 1256 1433 terra
1306 1376 1379 1432 et
1420 1363 1605 1432 mari
1640 1366 2054 1437 missurum.
2103 1371 2195 1436 Et
2235 1379 2391 1436 erat

248 1472 561 1568 spatium
597 1469 880 1569 dierum
920 1469 1067 1542 fere
1103 1472 1395 1569 triginta
1440 1486 1607 1542 ante
1649 1471 1990 1550 kalendas
2026 1472 2387 1546 decembr.

249 1606 400 1677 quo
437 1581 553 1652 die
582 1584 745 1671 iste,
779 1596 858 1652 ut
900 1585 1265 1678 Syracusis
1307 1581 1650 1653 Sthenius
1686 1581 1966 1657 adesset
1992 1638 2011 1670 ‚
2047 1584 2388 1657 edixerat.

251 1695 818 1764 Commoventur
854 1695 1065 1764 amici
1106 1693 1429 1781 Sthenii3
1478 1707 1773 1791 sperant
1811 1689 2006 1780 fore,
2044 1707 2128 1764 ut
2166 1698 2388 1791 patris

250 1802 473 1872 literis
505 1804 920 1900 nuntiisque
946 1800 1139 1875 filius
1163 1800 1255 1873 ab
1280 1803 1573 1900 incepto
1599 1800 1844 1873 furore
1872 1817 2274 1881 revocetur.
2304 1810 2387 1875 In

250 1926 502 1982 senatu
530 1927 774 2008 postea
809 1937 1019 1984 causa
1041 1938 1193 1984 non
1221 1915 1476 2009 agitur.
1512 1914 1837 1983 Veniunt
1868 1911 1961 1984 ad
1999 1916 2219 1983 istum
2253 1913 2385 1985 do·

253 2024 530 2092 mestici
548 2023 811 2107 nuntii,
830 2023 1217 2118 literasque
1240 2046 1281 2095 a
1301 2035 1503 2118 patre
1526 2019 1843 2092 afferunt
1862 2038 2028 2093 ante
2047 2022 2389 2095 kalendas

166 2216 169 2218 ‚
251 2129 613 2202 decembr.
679 2155 911 2228 quum
969 2133 1087 2202 isti
1145 2134 1362 2202 etiam
1407 2145 1561 2203 tum
1619 2130 1709 2201 de
1748 2130 2049 2207 Sthenio
2109 2134 2389 2229 integra

254 2255 403 2312 tota
436 2265 552 2313 res
588 2257 809 2329 esset;
848 2239 1254 2338 eodemque
1294 2243 1359 2311 ei
1408 2255 1735 2337 tempore
1774 2240 1864 2311 de
1906 2238 2158 2316 eadem
2188 2265 2266 2312 re
2303 2242 2387 2312 li-

252 2365 420 2428 terae
447 2352 856 2451 complures
894 2377 935 2424 a
972 2352 1219 2424 multis
1255 2351 1412 2448 ejus
1440 2350 1685 2422 amicis
1719 2373 1803 2421 ac
1837 2350 2250 2423 necessariis
2287 2349 2388 2423 af-

256 2460 611 2534 feruntur.

351 2576 498 2642 XL.
536 2573 669 2643 Hic
704 2573 874 2659 iste,
910 2577 1035 2670 qui
1073 2597 1219 2670 prae
1249 2570 1643 2668 cupiditate
1680 2594 1921 2666 neque
1962 2567 2177 2640 officii
2199 2581 2217 2612 ¹
2252 2575 2389 2658 sui,

257 2706 498 2778 neque
548 2681 893 2779 periculi,
949 2708 1189 2780 neque
1248 2682 1535 2780 pietatis
1558 2736 1578 2769 ,
1624 2704 1868 2775 neque
1924 2676 2394 2749 humanitatis

254 2794 611 2863 rationem
648 2792 1016 2864 habuisset
1045 2816 1391 2889 umquam
1413 2845 1432 2879 ‚
1461 2814 1704 2887 neque
1735 2791 1812 2858 in
1852 2813 1972 2876 e0,
2011 2787 2213 2885 quod
2243 2813 2396 2859 mo·

253 2900 602 2991 nebatur,
626 2905 1125 2974 auctoritatem
1152 2904 1373 3000 patris
1394 2956 1413 2989 ,
1443 2924 1577 2971 nec
1605 2900 1679 2969 in
1709 2923 1797 2969 eo
1816 2951 1835 2984 ‚
1864 2896 2064 2995 quod
2097 2897 2396 2997 rogaba-

255 3025 397 3099 tur,
432 3012 878 3084 voluntatem
899 3022 926 3052 ²
963 3009 1548 3109 anteponendam
1585 3012 1863 3107 putavit
1905 3007 2187 3079 libidini
2219 3035 2417 3099 suae;‚

256 3146 466 3193 mane
502 3122 829 3196 kalendis
870 3120 1230 3194 decembr.
1262 3136 1346 3196 ut
1379 3121 1735 3206 edixerat,
1780 3119 2159 3190 Sthenium
2195 3122 2398 3192 citari

328 3419 379 3451 τι.
410 3402 652 3468 Transigi.
675 3404 1159 3453 senatusconsultum
1177 3421 1282 3468 per·
1440 3412 1488 3459 4.
1509 3404 1629 3464 Alii,
1647 3424 1669 3446 ι
1685 3413 1943 3451 noceretur
1966 3424 2010 3451 ι.
2033 3401 2260 3451 Correxit
2277 3403 2394 3453 Em.

257 3481 402 3530 scribi
422 3498 522 3529 uon
546 3483 729 3546 potuit.
1367 3494 1424 3530 ut
1444 3499 1554 3530 cum
1577 3480 1978 3530 antecedentibus
1996 3481 2302 3530 conveniret.

330 3561 378 3608 3.
421 3560 489 3606 Id
532 3560 773 3623 temporis.
822 3562 1279 3628 Advesperascebat.
1437 3563 1544 3610 11..
1576 3577 1621 3611 1.
1662 3559 1831 3629 Officii
1862 3559 1953 3608 sui.
1991 3560 2091 3624 Qui
2130 3576 2395 3626 numquam

256 3641 411 3688 Porro
433 3639 522 3689 SC.
543 3651 655 3688 aute
682 3651 870 3701 ortum,
895 3652 981 3690 aut
1008 3653 1123 3706 post
1143 3658 1285 3691 occa·
1369 3641 1632 3690 curavisset
1656 3639 1778 3705 quid
1805 3640 1967 3705 ipsum
1993 3655 2044 3686 se
2070 3639 2278 3700 deceret,
2295 3657 2398 3689 non

255 3734 363 3766 sum
412 3717 528 3765 solis
568 3719 777 3778 sactum,
818 3732 975 3769 ntum
1014 3737 1119 3769 non
1159 3732 1279 3769 erat.
1369 3719 1518 3768 modo
1544 3730 1784 3783 tamquam
1812 3728 2186 3782 propraetorem,
2223 3719 2309 3768 sed
2330 3722 2400 3768 ci-

162 3829 163 3832 =
254 3798 456 3860 Itaque,
484 3797 525 3844 si
559 3799 644 3862 qui
680 3799 771 3847 SC.
806 3801 1070 3863 quominus
1108 3798 1275 3860 fieret,
1366 3815 1474 3846 vem
1507 3814 1778 3846 romanum.
1807 3796 2116 3847 —Perieuli
2149 3799 2228 3847 Ne
2262 3801 2400 3849 amit·

254 3876 491 3941 impedire
511 3877 708 3937 vellent,
722 3878 934 3927 dicendo
949 3891 1139 3943 tempus
1160 3895 1279 3928 con·
1367 3888 1491 3926 teret
1526 3877 1933 3925 existimationem
1951 3909 1968 3935 ,
2009 3891 2069 3923 sc
2110 3877 2265 3926 serius
2309 3878 2398 3936 ds-

254 3953 528 4003 sumebant.
570 3955 768 4004 Licebat
809 3958 936 4004 enim
983 3958 1195 4005 senatori
1232 3968 1281 4005 et
1367 3968 1633 4005 mum-etur.
1662 3984 1733 3993 —
1772 3956 1988 4005 Pietatis.
2022 3958 2083 4003 In
2110 3966 2314 4019 pamm.
2331 3985 2400 3996 -—-

255 4051 352 4098 qun
395 4034 456 4083 de
491 4051 543 4082 re
571 4035 745 4096 vellet,
783 4048 832 4083 et
867 4036 1103 4102 quamdiu
1139 4036 1283 4085 vellet
1370 4035 1717 4086 Humanitatis.
1745 4039 1805 4084 In
1832 4036 2034 4084 amicos.

262 4112 456 4172 dicere;
484 4114 622 4178 quod
637 4125 823 4163 veteres
841 4116 969 4164 diem
991 4115 1175 4174 tollere,
1199 4127 1282 4164 ant
1442 4134 1492 4166 ο.
1515 4118 1704 4163 Emest.
1733 4116 1874 4166 addit
1910 4137 1934 4160 ι
1954 4112 2222 4164 amicorum
2241 4135 2265 4156 ι·
2301 4116 2407 4164 sine

261 4193 473 4242 eximere
500 4194 753 4244 vocabant.
1374 4199 1512 4245 MSS.
1537 4197 1568 4243 J
1574 4199 1662 4242 .V.
1681 4197 1734 4243 1..
