3044 4788
642 421 749 488 IN
794 390 1236 487 ‘VERREM
1289 418 1498 487 ACT.
1559 421 1665 502 11,
1718 422 1901 489 ΜΒ.
1955 424 2052 490 11.
2270 427 2409 520 447

273 543 423 612 lum
451 541 736 636 negavit
758 593 776 625 ‚
814 537 939 610 sed
975 540 1189 610 etiam
1224 537 1581 626 ostendit,
1616 537 1733 609 id9
1766 538 1923 611 fieri
1954 541 2158 613 nullo
2191 543 2411 615 modo

272 676 518 750 posse,
544 664 627 720 ut
663 652 867 745 signa
904 649 1433 745 antiquissima,
1471 666 1949 721 monumenta
1979 655 2052 721 P.
2074 650 2412 737 Africani,

273 788 362 832 ex
400 759 674 859 oppido
694 759 1355 846 Thermitanorum,
1398 759 1748 829 incolumi
1788 762 1906 832 illa
1947 764 2229 834 civitate
2275 765 2408 834 im·

274 874 626 969 perioque
662 870 918 968 populi
957 873 1279 955 romani,
1317 868 1766 939 tollerentur.

368 983 657 1051 XXXV.
688 981 967 1050 Etenim
991 1032 1010 1066 ,
1039 992 1121 1049 ut
1145 976 1359 1048 simul
1393 982 1465 1047 P.
1493 976 1804 1049 Africani
1831 1004 2133 1077 quoque
2166 982 2413 1054 huma-

271 1095 565 1160 nitatem
597 1103 669 1159 et
695 1093 1104 1186 {equitatem
1135 1088 1623 1183 cognoscatis,
1661 1090 2011 1186 oppidum
2045 1093 2405 1164 Himeram

270 1197 893 1295 Carthaginienses
942 1195 1309 1294 quondam
1366 1212 1744 1294 ceperant;
1807 1201 2008 1295 quod
2052 1200 2285 1273 fuerat
2333 1205 2408 1273 in

270 1312 517 1408 primis
567 1310 815 1381 Siciliae
873 1308 1142 1380 clarum
1210 1321 1285 1378 et
1329 1323 1690 1377 ornatum.
1746 1311 2016 1407 Scipio,
2078 1314 2202 1408 qui
2263 1313 2407 1384 hoc

269 1421 565 1518 «lignum
604 1420 880 1518 populo
922 1442 1222 1489 romano
1264 1416 1758 1507 arbitraretur,
1796 1417 1993 1490 bello
2033 1421 2364 1494 confecto
2388 1480 2407 1510 ,

268 1533 501 1602 socios
552 1555 677 1601 sua
715 1555 846 1627 per
883 1543 1207 1599 nostram
1238 1530 1611 1597 victoriam
1645 1550 2114 1624 recuperare3
2152 1532 2405 1604 Siculis

268 1641 607 1712 omnibus
630 1696 649 1726 ,
686 1638 1114 1736 Carthagine
1160 1651 1401 1734 capta,
1439 1661 1602 1734 quae
1637 1639 1877 1734 potuit
1900 1693 1919 1725 ‚
1957 1640 2403 1713 restituenda

268 1756 567 1822 curavit.
585 1752 871 1821 Himera
901 1748 1168 1832 deleta,
1206 1771 1392 1844 quos
1420 1748 1611 1818 cives
1641 1747 1812 1818 belli
1843 1747 2206 1821 calamitas
2233 1751 2400 1822 reli-

265 1886 453 1958 quos
489 1860 790 1947 fecerat,
822 1861 871 1929 ii
902 1882 1054 1930 sese
1082 1856 1412 1928 Thermis
1443 1856 1925 1946 collocarant,
1966 1863 2038 1929 in
2077 1859 2401 1956 ejusdem

265 1975 413 2069 agri
466 1969 778 2057 finibus,
819 1994 1060 2067 neque
1112 1968 1325 2065 louge
1366 1966 1459 2038 ab
1496 1967 1771 2066 oppido
1814 1971 2137 2066 antiquo,
2192 1972 2283 2042 Hi
2325 1996 2401 2043 se

266 2097 551 2178 patrum
593 2079 961 2151 fortunam
1005 2102 1086 2150 ac
1137 2077 1558 2175 dignitatem
1608 2102 2036 2176 recuperare
2094 2080 2397 2152 arbitra-

262 2188 552 2278 bantur,
588 2213 814 2288 quum
848 2188 964 2259 illa
1003 2185 1356 2282 majorum
1397 2204 1823 2259 ornamenta
1860 2190 1934 2257 in
1974 2215 2228 2261 eorum
2266 2217 2398 2290 op—

261 2298 435 2397 pido
464 2299 1026 2371 collocabantur.
1071 2303 1292 2370 Erant
1321 2300 1522 2397 signa
1562 2324 1650 2370 ex
1690 2323 1828 2370 aere
1858 2301 2234 2399 complura
2267 2331 2282 2374 ε
2319 2306 2394 2374 in

263 2409 372 2481 his
415 2416 594 2480 mira
653 2409 1193 2507 pulchritudine
1250 2411 1779 2505 ipsa‘Himera,
1843 2413 1920 2479 in
1963 2411 2397 2486 muliebrem

259 2519 565 2616 figuram
609 2519 1083 2616 habitumque
1137 2519 1478 2603 formata,
1534 2546 1620 2592 ex
1668 2520 1921 2618 oppidi
1976 2524 2270 2595 nomine
2326 2541 2400 2597 et

263 2629 598 2701 fluminis
631 2636 800 2701 Erat
833 2633 1048 2701 etiam
1093 2630 1516 2702 Stesichori¹
1564 2646 1794 2728 poetae
1840 2645 2075 2702 statua
2112 2635 2392 2723 senili5‚

262 2746 590 2825 incurva,
617 2765 785 2811 cum
811 2738 1028 2825 libro,
1057 2766 1374 2829 summu,
1404 2754 1488 2811 ut
1509 2755 1770 2838 putant
1793 2796 1810 2829 ,
1842 2738 2146 2811 artificio
2175 2740 2390 2814 facta:

259 2857 433 2952 qui²
481 2853 613 2927 fuit
664 2860 1003 2940 Himerae,
1062 2855 1186 2926 sed
1238 2870 1311 2926 et
1360 2870 1501 2941 est,
1564 2868 1636 2926 et
1684 2851 1819 2925 fuit
1871 2853 2071 2926 tota³
2125 2860 2397 2930 Graecia

259 2990 543 3038 summo
571 2981 869 3065 propter
899 2966 1269 3061 ingenium
1298 2965 1580 3036 honore
1611 2978 1682 3034 et
1712 2965 2032 3036 nomine.
2062 2969 2227 3037 Haec
2263 2969 2396 3039 iste

258 3076 345 3146 ad
380 3078 729 3148 insaniam
762 3078 1250 3173 concupierat.
1282 3077 1552 3164 Etiam,
1591 3073 1790 3171 quod
1823 3100 2025 3172 paene
2054 3081 2395 3174 praeterii,

257 3187 526 3284 capella
559 3186 889 3284 quaedam
935 3200 1074 3272 est,
1123 3208 1207 3254 ea
1240 3184 1799 3281 quidem*mire,
1847 3200 1929 3255 ut
1970 3191 2185 3256 etiam
2225 3213 2392 3273 nos,

258 3297 386 3390 qui
414 3297 630 3367 rudes
648 3300 676 3348 4
712 3295 969 3366 harum
989 3308 1234 3366 rer'um
1260 3318 1508 3366 sumus
1526 3350 1545 3379 ,
1568 3294 1969 3391 intelligere
1999 3298 2392 3393 possimuS,

326 3514 374 3560 9.
395 3499 619 3547 Herelius
642 3515 916 3563 pronomen
937 3499 995 3547 id
1018 3496 1278 3547 delendum
1441 3506 1493 3553 4.
1513 3498 1610 3560 Qui
1626 3497 1788 3546 rudes.
1802 3498 2303 3548 Animadvertendum
2318 3502 2397 3550 Ci-

252 3588 408 3642 putat.
433 3580 482 3626 J.
497 3580 560 3627 V.
585 3583 639 3628 L.
1365 3593 1589 3625 ceronem
1631 3576 1815 3639 ubique
1864 3594 1916 3625 se
1965 3579 2169 3626 omnino
2221 3578 2393 3629 harum

325 3658 547 3704 XXXV.
580 3674 622 3706 x.
665 3657 936 3705 Stesichori.
986 3659 1088 3720 Qui
1128 3668 1276 3722 poeta
1365 3675 1526 3706 rerum
1547 3657 1717 3705 rudem
1745 3668 1793 3704 et
1820 3668 2207 3722 contemptorem
2230 3661 2389 3725 proti-

251 3736 379 3794 circa
407 3751 588 3783 annum
620 3737 720 3784 612
757 3747 869 3784 ante
908 3735 1155 3784 Christum
1185 3736 1274 3785 flo·
1366 3738 1482 3791 teri,
1506 3737 1690 3800 quippe
1707 3752 1912 3800 quarum
1931 3739 2151 3786 curiosos
2173 3740 2388 3804 populus

251 3814 404 3863 rebat.
446 3816 635 3863 Musam
669 3815 935 3863 Stesichori
956 3831 1156 3879 gravem
1183 3833 1274 3880 np-
1364 3827 1696 3865 contemneret
1718 3852 1734 3876 ,
1778 3825 1826 3864 et
1872 3816 2209 3865 Graecnlomm
2260 3821 2390 3884 turpi

250 3893 400 3958 pellat
427 3896 601 3943 Horat.
623 3894 723 3943 Od.
749 3894 841 3952 IV,
870 3911 919 3957 9.
1362 3896 1562 3944 nomine
1582 3905 1790 3943 notaret.
1810 3894 2005 3944 Scilicet
2027 3908 2188 3944 vetera
2213 3899 2390 3945 Roma·

324 3990 371 4022 α.
415 3973 547 4022 Olim
590 3994 611 4015 ι
633 3973 695 4021 ab
722 3990 782 4022 eo
811 3975 898 4037 qui
912 3996 961 4033 n,
1003 3991 1272 4040 perperam.
1362 3991 1538 4023 norum
1575 3975 1769 4038 ingenia
1812 3972 1934 4022 illud
1974 3975 2098 4022 infra
2128 3991 2264 4022 suam
2292 3992 2391 4023 mn·

251 4055 359 4100 Hoc
383 4053 510 4099 enim
538 4053 598 4100 ad
618 4052 951 4101 Stesichorum
976 4056 1203 4118 pertinet.
1364 4054 1670 4119 gnitudinem
1704 4053 1878 4101 cadere
1914 4052 2279 4112 existimabant,
2317 4066 2393 4102 to-

325 4133 374 4179 3.
400 4133 550 4196 Vulg.
571 4144 712 4182 «tota
739 4133 791 4180 in
816 4133 1003 4183 Graecia
1016 4134 1197 4182 n.J.V.
1217 4135 1271 4182 1..
1362 4135 1498 4197 tique
1533 4136 1585 4180 in
1624 4132 1899 4195 subigendo
1940 4120 2061 4180 orbe
2079 4169 2094 4193 ,
2131 4133 2226 4180 illis
2253 4147 2391 4181 eraut
