3044 4788
616 403 722 472 IN
772 400 1199 469 VERREM
1253 399 1465 466 ACT.
1507 399 1617 483 11,
1665 398 1857 465 LIB.
1907 400 2002 467 ΙΙ.
2236 398 2380 484 463

250 523 681 595 testimoniis
710 534 1078 609 accusant,
1112 533 1549 616 queruntur,
1588 535 1942 617 arguunt3
1976 524 2035 591 si
2069 535 2152 592 tu
2181 520 2385 594 abso-

250 635 446 705 lutus
481 636 577 704 sis
598 686 618 718 ,
651 630 980 703 funditus
1025 653 1305 701 eversas
1338 652 1414 699 se
1444 653 1598 698 esse
1632 628 2099 700 arbitrantur.

346 748 631 816 XLVII.
676 748 830 812 Hoc
865 741 954 811 de
991 739 1328 826 homine,
1375 762 1459 808 ac
1498 737 1589 808 de
1626 737 1846 834 hujus
1886 737 2129 819 bonis,
2169 740 2384 811 etiam

252 860 323 926 in
354 857 664 951 Erycino
686 863 705 893 ‘
745 866 993 921 monte
1027 863 1586 919 monumentum
1626 861 1920 918 tuorum
1949 847 2386 944 flagitiorum

250 965 839 1059 crudelitatisque
883 961 1189 1058 posuisti
1236 986 1251 1027 ε
1308 962 1384 1027 in
1430 981 1581 1053 quo
1619 956 1898 1027 Sthenii
1942 957 2387 1029 Thermitani

249 1100 521 1146 nomen
552 1071 994 1168 adscriptum
1024 1083 1129 1139 est
1150 1079 1203 1157 ἓ.
1243 1065 1407 1137 Vidi
1429 1062 1456 1107 ³
1487 1080 1913 1162 argenteum
1951 1065 2387 1164 Cupidinem

252 1211 416 1258 cum
469 1179 821 1280 lampade.
876 1177 1075 1269 Quid
1127 1176 1463 1249 tandem‘*
1515 1175 1773 1246 habuit
1809 1179 2214 1273 argumenti
2264 1192 2390 1251 aut
2446 1211 2458 1222 ·

251 1298 551 1368 rationis
595 1318 745 1380 reS,
790 1288 1267 1386 quamobrem
1311 1291 1385 1356 in
1435 1312 1521 1356 eo
1560 1289 2012 1383 potissimum
2057 1288 2387 1358 Sthenia-

256 1431 433 1478 num
476 1405 846 1502 praemium
900 1397 1341 1498 poneretur?
1379 1412 1627 1468 utrum
1683 1397 1823 1467 hoc
1864 1399 2152 1494 signum
2187 1402 2389 1496 cupi-

253 1514 493 1584 ditatis
523 1528 662 1583 tuae
681 1565 701 1599 ‚
721 1536 813 1581 an
844 1524 1196 1605 tropaeum
1235 1507 1782 1578 necessitudinis
1812 1524 2029 1604 atque
2058 1508 2393 1606 hospitii,

255 1650 351 1695 an
383 1626 647 1694 amoris
678 1620 1027 1691 indicium
1070 1643 1222 1689 esse
1251 1617 1594 1688 voluisti?
1635 1620 1935 1688 Faciunt
1974 1617 2115 1690 hoc
2153 1619 2390 1690 homi-

257 1759 386 1805 nes
407 1789 426 1819 ,
463 1757 648 1831 quos
676 1735 754 1802 in
782 1754 1059 1803 summa
1097 1730 1416 1826 nequitia
1447 1754 1599 1799 non
1637 1729 1872 1799 solum
1899 1727 2128 1799 libido
2162 1746 2233 1801 et
2261 1756 2390 1800 vo·

260 1846 525 1942 luptas‚
555 1866 808 1914 verum
843 1844 1056 1912 etiam
1085 1841 1313 1937 ipsius
1350 1841 1689 1936 nequitiae
1721 1838 1908 1909 fama
1938 1840 2278 1927 delectat,
2316 1857 2399 1913 ut

260 1955 501 2024 multis
555 1956 631 2023 in
690 1953 867 2023 locis
919 1965 1127 2021 notas
1172 1974 1252 2020 ac
1303 1951 1599 2047 vestigia
1642 1949 2045 2020 scelerum5
2093 1976 2394 2023 suorum

261 2065 575 2159 relinqui
601 2062 846 2133 velint.
880 2059 1196 2132 Ardebat
1230 2084 1474 2130 amore
1507 2060 1697 2132 illius
1724 2060 2064 2159 hospitae,
2094 2079 2396 2161 propter

259 2198 477 2271 quam
507 2173 798 2269 hospitii
823 2173 988 2265 jura
1017 2170 1314 2240 violarat
1341 2197 1355 2238 :
1392 2170 1536 2241 hoc
1565 2197 1716 2242 uon
1746 2173 1979 2242 solum
2006 2176 2169 2243 sciri
2200 2188 2354 2243 tum
2375 2229 2395 2261 ‚

262 2308 510 2355 verum
537 2286 753 2353 etiam
785 2284 1335 2353 commemorari
1374 2304 1660 2377 semper
1684 2280 1990 2352 volebat.
2018 2286 2274 2379 Itaque
2306 2308 2397 2354 ex
2495 2320 2499 2333 .

262 2393 378 2464 illa
418 2398 573 2492 ipsa
605 2419 684 2464 re
710 2448 730 2479 ,
766 2417 984 2490 quam
1006 2446 1024 2477 ,
1050 2406 1429 2462 accusante
1464 2390 1855 2488 AgathinO,
1886 2409 2233 2487 gesserat,
2263 2398 2401 2466 Ve-

264 2508 420 2575 neri
464 2506 913 2602 potissimum
959 2501 1209 2574 deberi
1252 2505 1625 2598 praemium
1668 2505 1956 2584 statuit,
2004 2526 2165 2597 quae
2204 2503 2399 2575 illam

268 2627 490 2682 totam
516 2613 1044 2682 accusationem
1071 2610 1577 2708 judiciumque
1609 2610 1952 2682 conflarat
1973 2608 2027 2681 ⁶.
2064 2617 2399 2684 Putarem

336 2785 540 2834 XLVII.
575 2802 618 2835 ι.
640 2784 791 2848 Vulg.
810 2786 967 2846 Eryco
982 2803 1002 2841 ,·
1019 2787 1071 2832 P.
1090 2788 1284 2834 Manat.
1451 2795 1499 2842 4.
1531 2786 1665 2848 Quid
1685 2786 1897 2835 tandem.
1938 2788 2062 2849 Quae
2098 2803 2238 2835 causa
2279 2789 2401 2850 fuit,

267 2869 439 2931 Eryce.
458 2869 509 2915 J.
526 2869 595 2915 V.
617 2868 671 2912 L.
1377 2881 1489 2927 qua!
1504 2866 1647 2923 ratio,
1666 2867 1980 2929 quamobrem
2004 2867 2055 2913 in
2078 2869 2281 2915 Veneris
2304 2885 2400 2933 po-

339 2964 387 2995 a.
400 2947 589 2994 Nomen
608 2943 905 3008 adscriptum
921 2955 1005 2991 ese.
1028 2944 1155 2992 Nam
1172 2945 1289 2993 scri·
1377 2944 1618 2992 tissimum
1638 2945 1819 3008 templo
1832 2982 1848 3006 ,
1875 2946 2063 2993 Sthenii
2084 2946 2210 2994 bona
2228 2983 2243 3006 ,
2263 2949 2402 3011 quasi

270 3038 407 3090 ptum
442 3037 490 3072 et
526 3026 731 3073 incisum
760 3035 859 3083 est,
891 3040 955 3070 ex
985 3023 1174 3070 Sthenii
1203 3024 1287 3071 da·
1373 3025 1627 3087 praemium
1678 3022 1880 3086 aliquod
1914 3025 2091 3072 Veneri
2152 3026 2400 3085 debitum,

269 3106 420 3154 mnati
453 3106 599 3154 bonis
632 3105 729 3152 hoc
768 3120 871 3151 esse
904 3103 1089 3150 donum
1108 3104 1289 3150 Veneri
1377 3104 1712 3165 ponerentur?
1741 3103 2023 3151 Posuistine
2064 3106 2305 3167 avaritiae,
2337 3123 2399 3153 an

269 3185 495 3232 dicatum.
517 3186 696 3232 Exacta
719 3194 832 3231 suut
858 3184 988 3230 enim
1022 3198 1052 3229 a
1086 3182 1287 3230 Sthenio
1377 3193 1472 3229 tuae
1501 3182 1555 3229 in
1592 3181 1893 3229 observanda
1928 3184 2139 3232 amicitia
2166 3182 2311 3241 fidei3
2339 3201 2402 3231 an

272 3265 375 3312 H-s
405 3264 669 3327 quingenta
697 3261 860 3309 millia.
894 3289 961 3298 —
992 3268 1289 3326 Argenteum
1380 3261 1434 3307 in
1456 3260 1770 3309 Callidamam
1807 3262 1971 3326 (supra
2013 3280 2122 3327 cap.
2154 3260 2242 3329 36)
2269 3279 2404 3311 amo·

273 3341 554 3405 Cupidinem
579 3358 688 3387 cum
724 3342 968 3404 lampade.
1001 3340 1294 3389 Garatonius
1382 3341 1448 3387 tls
1476 3352 1846 3387 monumentum
1866 3344 1888 3388 Ξ)

272 3419 519 3482 intelligit,
537 3435 638 3468 non
659 3421 739 3467 hic
761 3419 998 3482 lychnum
1011 3437 1113 3468 esse
1133 3421 1294 3484 pensi·
1454 3419 1502 3467 5.
1524 3419 1742 3466 Lambin.
1759 3419 1926 3466 maluit
1928 3419 2406 3486 fhgitiorum,qnod

271 3498 397 3557 lem,
425 3509 480 3544 ut
514 3499 740 3546 nonnulli
766 3500 1173 3563 interpretantur,
1204 3499 1290 3547 sed
1379 3500 1519 3546 etiam
1547 3499 1799 3562 amplexus
1835 3511 1907 3546 est
1942 3498 2136 3547 Schiitz.
2164 3527 2236 3536 —
2257 3501 2406 3548 Istius

273 3577 425 3623 facem
451 3586 721 3640 argenteam
756 3579 808 3625 in
850 3579 1108 3643 Cupidinis
1146 3596 1292 3626 manu
1380 3577 1517 3625 modi
1539 3578 1761 3626 homines
1779 3579 2001 3642 depictos
2028 3580 2243 3626 invenias
2268 3580 2402 3644 apud

275 3656 514 3718 positam3
565 3672 716 3719 quum
768 3658 1036 3720 praesertim
1091 3657 1292 3706 verbnm
1379 3656 1630 3721 Theophr.
1680 3658 1901 3707 Charact.
1925 3660 2022 3715 VI,
2071 3658 2187 3706 edit.
2223 3659 2402 3725 Coray,

273 3734 397 3782 illud
417 3733 543 3781 idem
563 3734 752 3798 lampas
767 3735 1028 3783 inTibullo
1048 3749 1293 3797 occurrat,
1382 3754 1490 3802 pag.
1513 3740 1598 3791 34.

274 3815 392 3861 facis
412 3814 517 3860 vice
534 3814 777 3879 positum:
813 3837 837 3855 «
856 3815 993 3862 Illius
1022 3832 1085 3863 ex
1108 3816 1263 3864 oculis
1279 3851 1294 3875 ‚
1452 3819 1501 3864 6.
1522 3815 1788 3883 Conflarae.
1817 3816 1896 3864 Ob
1918 3833 2133 3864 amorem
2160 3817 2289 3864 enim
2313 3817 2405 3864 ho-

272 3910 425 3956 qunm
470 3891 576 3940 vult
614 3909 815 3940 exurere
851 3893 1029 3951 Divos,
1056 3893 1295 3942 Accendit
1382 3896 1520 3958 spitae
1544 3894 1850 3956 Callidamae,
1874 3897 2013 3956 cnjus
2030 3908 2078 3943 et
2096 3896 2171 3942 vir
2196 3906 2244 3942 et
2270 3905 2405 3958 pater

275 3973 489 4036 geminas
513 3973 760 4035 lampadas
786 3988 898 4020 acer
913 3974 1118 4021 Amor».
1384 3973 1568 4021 inimici
1598 3986 1735 4021 erant
1756 3975 1993 4037 Sthenio,
2024 3985 2216 4039 recepta
2247 3985 2350 4021 erat
2376 3990 2403 4020 a

339 4054 387 4099 3.
417 4054 742 4101 Ernest.·Sch.
772 4051 910 4100 Vide.
943 4052 1131 4102 Mendo
1154 4063 1298 4100 nota-
1384 4057 1563 4108 Verre,
1596 4052 1674 4100 illa
1705 4053 1765 4100 de
1805 4054 1955 4103 literis
1995 4054 2242 4117 corruptio
2266 4068 2409 4102 accu-

277 4130 380 4180 bili.
404 4133 435 4180 J
442 4135 527 4178 .V.
549 4133 601 4178 L.
1386 4131 1524 4179 satio.
