<?xml version="1.0" encoding="UTF-8"?>
<!DOCTYPE html PUBLIC "-//W3C//DTD XHTML 1.0 Transitional//EN"
    "http://www.w3.org/TR/xhtml1/DTD/xhtml1-transitional.dtd">
<html xmlns="http://www.w3.org/1999/xhtml" xml:lang="en" lang="en">
 <head>
  <title>
</title>
<meta http-equiv="Content-Type" content="text/html;charset=utf-8" />
  <meta name='ocr-system' content='tesseract 3.04.00' />
  <meta name='ocr-capabilities' content='ocr_page ocr_carea ocr_par ocr_line ocrx_word'/>
</head>
<body>
  <div class='ocr_page' id='page_1' title='image "./mtciceronisquae09lemagoog/mtciceronisquae09lemagoog_0647.png"; bbox 0 0 3044 4788; ppageno 0'>
   <div class='ocr_carea' id='block_1_1' title="bbox 672 426 2393 535">
    <p class='ocr_par' dir='ltr' id='par_1_1' title="bbox 672 426 2393 535">
     <span class='ocr_line' id='line_1_1' title="bbox 672 426 2393 535; baseline -0.003 -30"><span class='ocrx_word' id='word_1_1' title='bbox 672 496 677 504; x_wconf 91' lang='lat'><em>.</em></span> <span class='ocrx_word' id='word_1_2' title='bbox 747 436 881 505; x_wconf 83' lang='lat' dir='ltr'>DE</span> <span class='ocrx_word' id='word_1_3' title='bbox 930 432 1383 535; x_wconf 77' lang='lat' dir='ltr'>.mmcns</span> <span class='ocrx_word' id='word_1_4' title='bbox 1429 426 1932 498; x_wconf 81' lang='lat' dir='ltr'>PUBLICIS.</span> <span class='ocrx_word' id='word_1_5' title='bbox 2250 428 2393 528; x_wconf 74' lang='lat'>609</span> 
     </span>
    </p>
   </div>
   <div class='ocr_carea' id='block_1_2' title="bbox 259 532 2508 4320">
    <p class='ocr_par' dir='ltr' id='par_1_2' title="bbox 279 532 2408 749">
     <span class='ocr_line' id='line_1_2' title="bbox 279 532 2388 652; baseline -0.004 -28"><span class='ocrx_word' id='word_1_6' title='bbox 279 540 657 652; x_wconf 78' lang='lat' dir='ltr'>obsignatae,</span> <span class='ocrx_word' id='word_1_7' title='bbox 703 577 785 619; x_wconf 92' lang='lat' dir='ltr'>ne</span> <span class='ocrx_word' id='word_1_8' title='bbox 821 532 1426 640; x_wconf 68' lang='lat' dir='ltr'>corrumperentur,</span> <span class='ocrx_word' id='word_1_9' title='bbox 1475 547 1556 611; x_wconf 87' lang='lat' dir='ltr'>ad</span> <span class='ocrx_word' id='word_1_10' title='bbox 1586 565 1923 636; x_wconf 84' lang='lat' dir='ltr'>praetorem</span> <span class='ocrx_word' id='word_1_11' title='bbox 1956 547 2178 614; x_wconf 78' lang='lat' dir='ltr'>delatae</span> <span class='ocrx_word' id='word_1_12' title='bbox 2217 569 2388 615; x_wconf 84' lang='lat' dir='ltr'>sunt.</span> 
     </span>
     <span class='ocr_line' id='line_1_3' title="bbox 283 659 2408 749; baseline -0.009 -21"><span class='ocrx_word' id='word_1_13' title='bbox 283 666 418 728; x_wconf 83' lang='lat' dir='ltr'>Cic.</span> <span class='ocrx_word' id='word_1_14' title='bbox 445 663 711 726; x_wconf 88' lang='lat' dir='ltr'>Tuscul.</span> <span class='ocrx_word' id='word_1_15' title='bbox 743 659 906 749; x_wconf 85' lang='lat' dir='ltr'><strong>disp.</strong></span> <span class='ocrx_word' id='word_1_16' title='bbox 930 660 1010 741; x_wconf 89' lang='lat' dir='ltr'>V,</span> <span class='ocrx_word' id='word_1_17' title='bbox 1043 682 1176 746; x_wconf 89' lang='lat' dir='ltr'>cap.</span> <span class='ocrx_word' id='word_1_18' title='bbox 1209 679 1307 720; x_wconf 74' lang='grc' dir='ltr'>ω.</span> <span class='ocrx_word' id='word_1_19' title='bbox 2402 662 2408 671; x_wconf 86' lang='grc'><em>·</em></span> 
     </span>
    </p>

    <p class='ocr_par' dir='ltr' id='par_1_3' title="bbox 274 758 2395 1376">
     <span class='ocr_line' id='line_1_4' title="bbox 366 758 2388 855; baseline -0.003 -23"><span class='ocrx_word' id='word_1_20' title='bbox 366 769 593 855; x_wconf 87' lang='lat' dir='ltr'>Itaque</span> <span class='ocrx_word' id='word_1_21' title='bbox 624 781 758 829; x_wconf 81' lang='lat' dir='ltr'>tota</span> <span class='ocrx_word' id='word_1_22' title='bbox 802 766 905 828; x_wconf 90' lang='lat' dir='ltr'>illa</span> <span class='ocrx_word' id='word_1_23' title='bbox 935 764 1147 852; x_wconf 77' lang='lat' dir='ltr'>prima</span> <span class='ocrx_word' id='word_1_24' title='bbox 1183 758 1570 824; x_wconf 85' lang='lat' dir='ltr'>accusatoris</span> <span class='ocrx_word' id='word_1_25' title='bbox 1610 759 1817 821; x_wconf 81' lang='lat' dir='ltr'>oratio</span> <span class='ocrx_word' id='word_1_26' title='bbox 1852 760 2209 848; x_wconf 87' lang='lat' dir='ltr'>interrupta</span> <span class='ocrx_word' id='word_1_27' title='bbox 2247 762 2388 825; x_wconf 85' lang='lat' dir='ltr'>fuit.</span> 
     </span>
     <span class='ocr_line' id='line_1_5' title="bbox 283 861 2393 953; baseline -0.003 -18"><span class='ocrx_word' id='word_1_28' title='bbox 283 864 530 936; x_wconf 85' lang='lat' dir='ltr'><strong>Deinde</strong></span> <span class='ocrx_word' id='word_1_29' title='bbox 560 873 823 935; x_wconf 84' lang='lat' dir='ltr'>alteram</span> <span class='ocrx_word' id='word_1_30' title='bbox 855 864 1271 953; x_wconf 85' lang='lat' dir='ltr'>sequentibus</span> <span class='ocrx_word' id='word_1_31' title='bbox 1304 861 1532 926; x_wconf 80' lang='lat' dir='ltr'>diebus</span> <span class='ocrx_word' id='word_1_32' title='bbox 1565 864 1922 928; x_wconf 88' lang='lat' dir='ltr'>orationem</span> <span class='ocrx_word' id='word_1_33' title='bbox 1955 865 2217 946; x_wconf 87' lang='lat' dir='ltr'>habuit,</span> <span class='ocrx_word' id='word_1_34' title='bbox 2251 889 2393 953; x_wconf 83' lang='lat' dir='ltr'>quae</span> 
     </span>
     <span class='ocr_line' id='line_1_6' title="bbox 278 971 2394 1063; baseline -0.004 -22"><span class='ocrx_word' id='word_1_35' title='bbox 278 992 586 1063; x_wconf 86' lang='lat' dir='ltr'>perpetua</span> <span class='ocrx_word' id='word_1_36' title='bbox 619 976 762 1040; x_wconf 85' lang='lat' dir='ltr'>suit.</span> <span class='ocrx_word' id='word_1_37' title='bbox 815 972 936 1034; x_wconf 88' lang='lat' dir='ltr'>Hic</span> <span class='ocrx_word' id='word_1_38' title='bbox 973 984 1305 1034; x_wconf 87' lang='lat' dir='ltr'>accusator</span> <span class='ocrx_word' id='word_1_39' title='bbox 1340 983 1544 1032; x_wconf 89' lang='lat' dir='ltr'>totam</span> <span class='ocrx_word' id='word_1_40' title='bbox 1576 991 1832 1035; x_wconf 85' lang='lat' dir='ltr'>causam</span> <span class='ocrx_word' id='word_1_41' title='bbox 1865 971 2278 1051; x_wconf 80' lang='lat' dir='ltr'>retractabat,</span> <span class='ocrx_word' id='word_1_42' title='bbox 2320 994 2394 1035; x_wconf 90' lang='lat' dir='ltr'>ac</span> 
     </span>
     <span class='ocr_line' id='line_1_7' title="bbox 277 1072 2394 1163; baseline -0.001 -22"><span class='ocrx_word' id='word_1_43' title='bbox 277 1079 729 1145; x_wconf 83' lang='lat' dir='ltr'>declamatorio</span> <span class='ocrx_word' id='word_1_44' title='bbox 773 1098 956 1140; x_wconf 90' lang='lat' dir='ltr'>more</span> <span class='ocrx_word' id='word_1_45' title='bbox 990 1094 1180 1139; x_wconf 86' lang='lat' dir='ltr'>reum</span> <span class='ocrx_word' id='word_1_46' title='bbox 1223 1072 1729 1161; x_wconf 78' lang='lat' dir='ltr'>insequebatur3</span> <span class='ocrx_word' id='word_1_47' title='bbox 1782 1075 2177 1163; x_wconf 83' lang='lat' dir='ltr'>criminaque</span> <span class='ocrx_word' id='word_1_48' title='bbox 2213 1076 2394 1140; x_wconf 82' lang='lat' dir='ltr'>testi-</span> 
     </span>
     <span class='ocr_line' id='line_1_8' title="bbox 277 1175 2395 1270; baseline -0.001 -22"><span class='ocrx_word' id='word_1_49' title='bbox 277 1183 509 1250; x_wconf 88' lang='lat' dir='ltr'>moniis</span> <span class='ocrx_word' id='word_1_50' title='bbox 541 1181 917 1247; x_wconf 82' lang='lat' dir='ltr'>confirmata</span> <span class='ocrx_word' id='word_1_51' title='bbox 931 1180 1208 1244; x_wconf 75' lang='lat' dir='ltr'>oratorie</span> <span class='ocrx_word' id='word_1_52' title='bbox 1233 1178 1676 1267; x_wconf 86' lang='lat' dir='ltr'>amplificabat.</span> <span class='ocrx_word' id='word_1_53' title='bbox 1700 1175 1853 1243; x_wconf 73' lang='lat' dir='ltr'>Haec</span> <span class='ocrx_word' id='word_1_54' title='bbox 1875 1196 2092 1245; x_wconf 89' lang='lat' dir='ltr'>autem</span> <span class='ocrx_word' id='word_1_55' title='bbox 2121 1199 2185 1245; x_wconf 86' lang='lat' dir='ltr'>et</span> <span class='ocrx_word' id='word_1_56' title='bbox 2202 1181 2395 1270; x_wconf 83' lang='lat' dir='ltr'>longa</span> 
     </span>
     <span class='ocr_line' id='line_1_9' title="bbox 274 1282 1892 1376; baseline -0.001 -27"><span class='ocrx_word' id='word_1_57' title='bbox 274 1304 338 1351; x_wconf 86' lang='lat' dir='ltr'>et</span> <span class='ocrx_word' id='word_1_58' title='bbox 361 1303 674 1376; x_wconf 84' lang='lat' dir='ltr'>perpetua</span> <span class='ocrx_word' id='word_1_59' title='bbox 698 1287 904 1350; x_wconf 83' lang='lat' dir='ltr'>oratio</span> <span class='ocrx_word' id='word_1_60' title='bbox 935 1287 1196 1374; x_wconf 84' lang='lat' dir='ltr'>proprie</span> <span class='ocrx_word' id='word_1_61' title='bbox 1227 1282 1550 1363; x_wconf 74' lang='lat' dir='ltr'>accusatio</span> <span class='ocrx_word' id='word_1_62' title='bbox 1576 1283 1747 1348; x_wconf 78' lang='lat' dir='ltr'>dicta</span> <span class='ocrx_word' id='word_1_63' title='bbox 1776 1301 1892 1348; x_wconf 86' lang='lat' dir='ltr'>est.</span> 
     </span>
    </p>

    <p class='ocr_par' dir='ltr' id='par_1_4' title="bbox 268 1384 2433 3056">
     <span class='ocr_line' id='line_1_10' title="bbox 362 1384 2395 1479; baseline 0 -25"><span class='ocrx_word' id='word_1_64' title='bbox 362 1392 516 1454; x_wconf 83' lang='lat' dir='ltr'>Haec</span> <span class='ocrx_word' id='word_1_65' title='bbox 532 1392 840 1479; x_wconf 86' lang='lat' dir='ltr'>prooemia</span> <span class='ocrx_word' id='word_1_66' title='bbox 861 1392 1093 1455; x_wconf 88' lang='lat' dir='ltr'>habuit</span> <span class='ocrx_word' id='word_1_67' title='bbox 1110 1391 1193 1456; x_wconf 88' lang='lat' dir='ltr'>ad</span> <span class='ocrx_word' id='word_1_68' title='bbox 1216 1392 1444 1455; x_wconf 88' lang='lat' dir='ltr'>odium</span> <span class='ocrx_word' id='word_1_69' title='bbox 1466 1406 1535 1454; x_wconf 89' lang='lat' dir='ltr'>et</span> <span class='ocrx_word' id='word_1_70' title='bbox 1548 1388 1858 1455; x_wconf 80' lang='lat' dir='ltr'>invidiam</span> <span class='ocrx_word' id='word_1_71' title='bbox 1877 1384 2395 1455; x_wconf 85' lang='lat' dir='ltr'>inflammandam</span> 
     </span>
     <span class='ocr_line' id='line_1_11' title="bbox 274 1492 2401 1584; baseline 0 -26"><span class='ocrx_word' id='word_1_72' title='bbox 274 1496 650 1584; x_wconf 84' lang='lat' dir='ltr'>composita.</span> <span class='ocrx_word' id='word_1_73' title='bbox 693 1496 990 1560; x_wconf 89' lang='lat' dir='ltr'>Narratio</span> <span class='ocrx_word' id='word_1_74' title='bbox 1024 1495 1209 1577; x_wconf 91' lang='lat' dir='ltr'>inde,</span> <span class='ocrx_word' id='word_1_75' title='bbox 1252 1497 1303 1558; x_wconf 85' lang='lat' dir='ltr'>si</span> <span class='ocrx_word' id='word_1_76' title='bbox 1335 1494 1663 1558; x_wconf 83' lang='lat' dir='ltr'>incidebat</span> <span class='ocrx_word' id='word_1_77' title='bbox 1702 1492 1966 1582; x_wconf 91' lang='lat' dir='ltr'>[neque</span> <span class='ocrx_word' id='word_1_78' title='bbox 1997 1494 2169 1558; x_wconf 89' lang='lat' dir='ltr'>enim</span> <span class='ocrx_word' id='word_1_79' title='bbox 2205 1504 2401 1559; x_wconf 81' lang='lat' dir='ltr'>omne</span> 
     </span>
     <span class='ocr_line' id='line_1_12' title="bbox 274 1598 2401 1687; baseline -0 -24"><span class='ocrx_word' id='word_1_80' title='bbox 274 1602 520 1663; x_wconf 83' lang='lat' dir='ltr'>crimen</span> <span class='ocrx_word' id='word_1_81' title='bbox 541 1645 561 1680; x_wconf 95' lang='lat'>,</span> <span class='ocrx_word' id='word_1_82' title='bbox 597 1599 693 1662; x_wconf 87' lang='lat' dir='ltr'>uti</span> <span class='ocrx_word' id='word_1_83' title='bbox 724 1620 784 1662; x_wconf 78' lang='lat' dir='ltr'>v.</span> <span class='ocrx_word' id='word_1_84' title='bbox 814 1621 911 1687; x_wconf 84' lang='lat' dir='ltr'>gr.</span> <span class='ocrx_word' id='word_1_85' title='bbox 934 1600 1252 1679; x_wconf 70' lang='lat' dir='ltr'>ambitus,</span> <span class='ocrx_word' id='word_1_86' title='bbox 1284 1601 1721 1663; x_wconf 86' lang='lat' dir='ltr'>narrationem</span> <span class='ocrx_word' id='word_1_87' title='bbox 1753 1598 2091 1685; x_wconf 85' lang='lat' dir='ltr'>admisit]‚·</span> <span class='ocrx_word' id='word_1_88' title='bbox 2123 1598 2205 1662; x_wconf 88' lang='lat' dir='ltr'>ad</span> <span class='ocrx_word' id='word_1_89' title='bbox 2242 1622 2401 1663; x_wconf 87' lang='lat' dir='ltr'>con-</span> 
     </span>
     <span class='ocr_line' id='line_1_13' title="bbox 274 1701 2398 1791; baseline -0 -23"><span class='ocrx_word' id='word_1_90' title='bbox 274 1704 708 1768; x_wconf 84' lang='lat' dir='ltr'>firmationem</span> <span class='ocrx_word' id='word_1_91' title='bbox 740 1703 864 1766; x_wconf 85' lang='lat' dir='ltr'>fuit</span> <span class='ocrx_word' id='word_1_92' title='bbox 904 1703 1191 1791; x_wconf 89' lang='lat' dir='ltr'>apposita</span> <span class='ocrx_word' id='word_1_93' title='bbox 1225 1726 1242 1765; x_wconf 88' lang='lat'>:</span> <span class='ocrx_word' id='word_1_94' title='bbox 1278 1718 1557 1789; x_wconf 87' lang='lat' dir='ltr'>utraque</span> <span class='ocrx_word' id='word_1_95' title='bbox 1596 1722 1750 1764; x_wconf 79' lang='lat' dir='ltr'>vero</span> <span class='ocrx_word' id='word_1_96' title='bbox 1770 1748 1789 1781; x_wconf 93' lang='lat'>,</span> <span class='ocrx_word' id='word_1_97' title='bbox 1846 1716 1922 1764; x_wconf 89' lang='lat' dir='ltr'>ut</span> <span class='ocrx_word' id='word_1_98' title='bbox 1954 1701 2037 1765; x_wconf 82' lang='lat' dir='ltr'>ad</span> <span class='ocrx_word' id='word_1_99' title='bbox 2086 1724 2237 1766; x_wconf 90' lang='lat' dir='ltr'>eum</span> <span class='ocrx_word' id='word_1_100' title='bbox 2284 1705 2398 1790; x_wconf 90' lang='lat' dir='ltr'>qui</span> 
     </span>
     <span class='ocr_line' id='line_1_14' title="bbox 268 1802 2396 1889; baseline -0 -16"><span class='ocrx_word' id='word_1_101' title='bbox 268 1812 401 1889; x_wconf 80' lang='lat' dir='ltr'>jam</span> <span class='ocrx_word' id='word_1_102' title='bbox 431 1831 569 1873; x_wconf 87' lang='lat' dir='ltr'>rem</span> <span class='ocrx_word' id='word_1_103' title='bbox 601 1802 848 1872; x_wconf 84' lang='lat' dir='ltr'>teneret</span> <span class='ocrx_word' id='word_1_104' title='bbox 867 1856 885 1889; x_wconf 97' lang='lat'>,</span> <span class='ocrx_word' id='word_1_105' title='bbox 921 1806 1553 1872; x_wconf 81' lang='lat' dir='ltr'>accommodabamr.</span> <span class='ocrx_word' id='word_1_106' title='bbox 1607 1806 1957 1870; x_wconf 86' lang='lat' dir='ltr'>Contentio</span> <span class='ocrx_word' id='word_1_107' title='bbox 1985 1828 2121 1869; x_wconf 92' lang='lat' dir='ltr'>non</span> <span class='ocrx_word' id='word_1_108' title='bbox 2152 1809 2396 1872; x_wconf 90' lang='lat' dir='ltr'>crimen</span> 
     </span>
     <span class='ocr_line' id='line_1_15' title="bbox 271 1912 2402 2003; baseline 0 -25"><span class='ocrx_word' id='word_1_109' title='bbox 271 1916 436 1980; x_wconf 80' lang='lat' dir='ltr'>illud</span> <span class='ocrx_word' id='word_1_110' title='bbox 477 1915 689 1979; x_wconf 87' lang='lat' dir='ltr'>solum</span> <span class='ocrx_word' id='word_1_111' title='bbox 735 1914 914 2003; x_wconf 88' lang='lat' dir='ltr'>quod</span> <span class='ocrx_word' id='word_1_112' title='bbox 956 1914 1435 1994; x_wconf 73' lang='lat' dir='ltr'>intendebatur,</span> <span class='ocrx_word' id='word_1_113' title='bbox 1474 1912 1586 1978; x_wconf 87' lang='lat' dir='ltr'>sed</span> <span class='ocrx_word' id='word_1_114' title='bbox 1631 1914 1831 1977; x_wconf 82' lang='lat' dir='ltr'>totins</span> <span class='ocrx_word' id='word_1_115' title='bbox 1878 1915 2210 2002; x_wconf 69' lang='lat' dir='ltr'>praeteritae</span> <span class='ocrx_word' id='word_1_116' title='bbox 2257 1916 2402 1979; x_wconf 72' lang='lat' dir='ltr'>vitm</span> 
     </span>
     <span class='ocr_line' id='line_1_16' title="bbox 273 2018 2403 2108; baseline 0 -24"><span class='ocrx_word' id='word_1_117' title='bbox 273 2021 789 2084; x_wconf 76' lang='lat' dir='ltr'>criminationem</span> <span class='ocrx_word' id='word_1_118' title='bbox 825 2021 1159 2108; x_wconf 84' lang='lat' dir='ltr'>complexa</span> <span class='ocrx_word' id='word_1_119' title='bbox 1192 2035 1307 2083; x_wconf 88' lang='lat' dir='ltr'>est.</span> <span class='ocrx_word' id='word_1_120' title='bbox 1349 2020 1577 2106; x_wconf 91' lang='lat' dir='ltr'>Itaque</span> <span class='ocrx_word' id='word_1_121' title='bbox 1621 2040 1757 2082; x_wconf 88' lang='lat' dir='ltr'>non</span> <span class='ocrx_word' id='word_1_122' title='bbox 1788 2018 2001 2083; x_wconf 79' lang='lat' dir='ltr'>solum</span> <span class='ocrx_word' id='word_1_123' title='bbox 2034 2020 2403 2084; x_wconf 79' lang='lat' dir='ltr'>testimonia</span> 
     </span>
     <span class='ocr_line' id='line_1_17' title="bbox 275 2122 2405 2212; baseline 0.001 -24"><span class='ocrx_word' id='word_1_124' title='bbox 275 2125 717 2189; x_wconf 74' lang='lat' dir='ltr'>adhibuerunt</span> <span class='ocrx_word' id='word_1_125' title='bbox 740 2142 1172 2204; x_wconf 81' lang='lat' dir='ltr'>accusatores,</span> <span class='ocrx_word' id='word_1_126' title='bbox 1197 2124 1310 2189; x_wconf 87' lang='lat' dir='ltr'>sed</span> <span class='ocrx_word' id='word_1_127' title='bbox 1335 2125 1529 2188; x_wconf 88' lang='lat' dir='ltr'>etiam</span> <span class='ocrx_word' id='word_1_128' title='bbox 1557 2134 1936 2212; x_wconf 82' lang='lat' dir='ltr'>argumenta</span> <span class='ocrx_word' id='word_1_129' title='bbox 1950 2172 1967 2201; x_wconf 91' lang='lat'>‚</span> <span class='ocrx_word' id='word_1_130' title='bbox 1992 2122 2060 2186; x_wconf 88' lang='lat' dir='ltr'>id</span> <span class='ocrx_word' id='word_1_131' title='bbox 2083 2140 2201 2203; x_wconf 84' lang='lat' dir='ltr'>est,</span> <span class='ocrx_word' id='word_1_132' title='bbox 2224 2149 2405 2190; x_wconf 86' lang='lat' dir='ltr'>sum-</span> 
     </span>
     <span class='ocr_line' id='line_1_18' title="bbox 278 2230 2405 2320; baseline 0 -26"><span class='ocrx_word' id='word_1_133' title='bbox 278 2247 416 2317; x_wconf 79' lang='lat' dir='ltr'>ptas</span> <span class='ocrx_word' id='word_1_134' title='bbox 442 2252 521 2294; x_wconf 87' lang='lat' dir='ltr'>ex</span> <span class='ocrx_word' id='word_1_135' title='bbox 555 2232 689 2320; x_wconf 87' lang='lat' dir='ltr'>ipsa</span> <span class='ocrx_word' id='word_1_136' title='bbox 721 2254 823 2312; x_wconf 90' lang='lat' dir='ltr'>re,</span> <span class='ocrx_word' id='word_1_137' title='bbox 860 2247 925 2295; x_wconf 89' lang='lat' dir='ltr'>et</span> <span class='ocrx_word' id='word_1_138' title='bbox 947 2254 1023 2296; x_wconf 88' lang='lat' dir='ltr'>ex</span> <span class='ocrx_word' id='word_1_139' title='bbox 1050 2233 1178 2294; x_wconf 84' lang='lat' dir='ltr'>vita</span> <span class='ocrx_word' id='word_1_140' title='bbox 1208 2230 1301 2294; x_wconf 89' lang='lat' dir='ltr'>rei</span> <span class='ocrx_word' id='word_1_141' title='bbox 1332 2230 1699 2318; x_wconf 86' lang='lat' dir='ltr'>superiore,</span> <span class='ocrx_word' id='word_1_142' title='bbox 1737 2230 2175 2310; x_wconf 85' lang='lat' dir='ltr'>conjecturas,</span> <span class='ocrx_word' id='word_1_143' title='bbox 2204 2232 2405 2320; x_wconf 87' lang='lat' dir='ltr'>suspi-</span> 
     </span>
     <span class='ocr_line' id='line_1_19' title="bbox 275 2322 2405 2427; baseline 0 -27"><span class='ocrx_word' id='word_1_144' title='bbox 275 2337 496 2401; x_wconf 84' lang='lat' dir='ltr'>ciones</span> <span class='ocrx_word' id='word_1_145' title='bbox 529 2322 604 2400; x_wconf 49' lang='lat' dir='ltr'>et‘</span> <span class='ocrx_word' id='word_1_146' title='bbox 625 2337 822 2427; x_wconf 85' lang='lat' dir='ltr'>signa.</span> <span class='ocrx_word' id='word_1_147' title='bbox 875 2337 1285 2424; x_wconf 82' lang='lat' dir='ltr'>omnemque</span> <span class='ocrx_word' id='word_1_148' title='bbox 1321 2357 1503 2400; x_wconf 85' lang='lat' dir='ltr'>suam</span> <span class='ocrx_word' id='word_1_149' title='bbox 1550 2357 1630 2399; x_wconf 90' lang='lat' dir='ltr'>eo</span> <span class='ocrx_word' id='word_1_150' title='bbox 1678 2333 2059 2400; x_wconf 85' lang='lat' dir='ltr'>industriam</span> <span class='ocrx_word' id='word_1_151' title='bbox 2107 2335 2405 2400; x_wconf 80' lang='lat' dir='ltr'>intende-&#39;-</span> 
     </span>
     <span class='ocr_line' id='line_1_20' title="bbox 281 2440 2406 2528; baseline 0.002 -25"><span class='ocrx_word' id='word_1_152' title='bbox 281 2456 466 2520; x_wconf 88' lang='lat' dir='ltr'>runt,</span> <span class='ocrx_word' id='word_1_153' title='bbox 508 2457 620 2522; x_wconf 90' lang='lat' dir='ltr'>ut,</span> <span class='ocrx_word' id='word_1_154' title='bbox 670 2443 913 2506; x_wconf 89' lang='lat' dir='ltr'>factum</span> <span class='ocrx_word' id='word_1_155' title='bbox 966 2444 1161 2507; x_wconf 85' lang='lat' dir='ltr'>fuisse</span> <span class='ocrx_word' id='word_1_156' title='bbox 1211 2442 1390 2528; x_wconf 89' lang='lat' dir='ltr'>quod</span> <span class='ocrx_word' id='word_1_157' title='bbox 1438 2440 1928 2521; x_wconf 88' lang='lat' dir='ltr'>intendebatur,</span> <span class='ocrx_word' id='word_1_158' title='bbox 1966 2441 2406 2508; x_wconf 86' lang='lat' dir='ltr'>ostenderent.</span> 
     </span>
     <span class='ocr_line' id='line_1_21' title="bbox 277 2546 2405 2635; baseline 0.001 -25"><span class='ocrx_word' id='word_1_159' title='bbox 277 2547 700 2610; x_wconf 84' lang='lat' dir='ltr'>Contentioni</span> <span class='ocrx_word' id='word_1_160' title='bbox 736 2546 1017 2634; x_wconf 91' lang='lat' dir='ltr'>denique</span> <span class='ocrx_word' id='word_1_161' title='bbox 1044 2548 1366 2635; x_wconf 88' lang='lat' dir='ltr'>peroratio</span> <span class='ocrx_word' id='word_1_162' title='bbox 1398 2547 1604 2635; x_wconf 82' lang='lat' dir='ltr'>gravis</span> <span class='ocrx_word' id='word_1_163' title='bbox 1632 2563 1697 2609; x_wconf 93' lang='lat' dir='ltr'>et</span> <span class='ocrx_word' id='word_1_164' title='bbox 1721 2547 2070 2610; x_wconf 82' lang='lat' dir='ltr'>vehemens</span> <span class='ocrx_word' id='word_1_165' title='bbox 2106 2547 2230 2610; x_wconf 84' lang='lat' dir='ltr'>fuit</span> <span class='ocrx_word' id='word_1_166' title='bbox 2256 2549 2405 2612; x_wconf 65' lang='lat' dir='ltr'>sub⁴</span> 
     </span>
     <span class='ocr_line' id='line_1_22' title="bbox 271 2652 2433 2741; baseline -0.003 -25"><span class='ocrx_word' id='word_1_167' title='bbox 271 2656 464 2733; x_wconf 71' lang='lat' dir='ltr'>jecta.</span> <span class='ocrx_word' id='word_1_168' title='bbox 488 2653 641 2716; x_wconf 84' lang='lat' dir='ltr'>Haec</span> <span class='ocrx_word' id='word_1_169' title='bbox 667 2652 886 2716; x_wconf 88' lang='lat' dir='ltr'>omnia</span> <span class='ocrx_word' id='word_1_170' title='bbox 923 2653 1293 2741; x_wconf 85' lang='lat' dir='ltr'>complexus</span> <span class='ocrx_word' id='word_1_171' title='bbox 1327 2668 1424 2715; x_wconf 86' lang='lat' dir='ltr'>est</span> <span class='ocrx_word' id='word_1_172' title='bbox 1465 2653 1690 2716; x_wconf 75' lang='lat' dir='ltr'>Cicero</span> <span class='ocrx_word' id='word_1_173' title='bbox 1723 2674 1843 2739; x_wconf 90' lang='lat' dir='ltr'>pro</span> <span class='ocrx_word' id='word_1_174' title='bbox 1885 2652 2122 2732; x_wconf 84' lang='lat' dir='ltr'>Coelio,</span> <span class='ocrx_word' id='word_1_175' title='bbox 2165 2675 2305 2739; x_wconf 89' lang='lat' dir='ltr'>cap.</span> <span class='ocrx_word' id='word_1_176' title='bbox 2333 2653 2433 2734; x_wconf 39' lang='lat'>332</span> 
     </span>
     <span class='ocr_line' id='line_1_23' title="bbox 281 2753 2403 2838; baseline 0 -18"><span class='ocrx_word' id='word_1_177' title='bbox 281 2758 398 2822; x_wconf 90' lang='lat' dir='ltr'>ubi</span> <span class='ocrx_word' id='word_1_178' title='bbox 413 2758 504 2821; x_wconf 89' lang='lat' dir='ltr'>ait</span> <span class='ocrx_word' id='word_1_179' title='bbox 520 2758 878 2822; x_wconf 77' lang='lat' dir='ltr'>«accusatio</span> <span class='ocrx_word' id='word_1_180' title='bbox 893 2758 1133 2821; x_wconf 89' lang='lat' dir='ltr'>crimen</span> <span class='ocrx_word' id='word_1_181' title='bbox 1158 2755 1498 2838; x_wconf 79' lang='lat' dir='ltr'>desiderat,</span> <span class='ocrx_word' id='word_1_182' title='bbox 1513 2780 1649 2821; x_wconf 89' lang='lat' dir='ltr'>rem</span> <span class='ocrx_word' id='word_1_183' title='bbox 1675 2772 1752 2820; x_wconf 92' lang='lat' dir='ltr'>ut</span> <span class='ocrx_word' id='word_1_184' title='bbox 1774 2753 2054 2836; x_wconf 82' lang='lat' dir='ltr'>definiat,</span> <span class='ocrx_word' id='word_1_185' title='bbox 2072 2757 2403 2821; x_wconf 86' lang='lat' dir='ltr'>hominem</span> 
     </span>
     <span class='ocr_line' id='line_1_24' title="bbox 280 2862 2403 2953; baseline 0 -26"><span class='ocrx_word' id='word_1_186' title='bbox 280 2880 357 2928; x_wconf 89' lang='lat' dir='ltr'>ut</span> <span class='ocrx_word' id='word_1_187' title='bbox 383 2879 599 2945; x_wconf 87' lang='lat' dir='ltr'>notet,</span> <span class='ocrx_word' id='word_1_188' title='bbox 631 2880 1021 2953; x_wconf 86' lang='lat' dir='ltr'>argumento</span> <span class='ocrx_word' id='word_1_189' title='bbox 1053 2863 1314 2951; x_wconf 90' lang='lat' dir='ltr'>probet,</span> <span class='ocrx_word' id='word_1_190' title='bbox 1356 2879 1519 2927; x_wconf 88' lang='lat' dir='ltr'>teste</span> <span class='ocrx_word' id='word_1_191' title='bbox 1546 2862 1888 2926; x_wconf 84' lang='lat' dir='ltr'>confirmet</span> <span class='ocrx_word' id='word_1_192' title='bbox 1904 2892 1948 2923; x_wconf 75' lang='grc' dir='ltr'>ιι.</span> <span class='ocrx_word' id='word_1_193' title='bbox 1981 2863 2126 2949; x_wconf 83' lang='lat' dir='ltr'>lpse</span> <span class='ocrx_word' id='word_1_194' title='bbox 2155 2863 2403 2928; x_wconf 80' lang='lat' dir='ltr'>Tullius</span> 
     </span>
     <span class='ocr_line' id='line_1_25' title="bbox 282 2967 1815 3056; baseline -0.001 -25"><span class='ocrx_word' id='word_1_195' title='bbox 282 2967 506 3032; x_wconf 76' lang='lat' dir='ltr'>eadem</span> <span class='ocrx_word' id='word_1_196' title='bbox 538 2969 914 3056; x_wconf 82' lang='lat' dir='ltr'>exsequitur</span> <span class='ocrx_word' id='word_1_197' title='bbox 937 2969 1087 3032; x_wconf 88' lang='lat' dir='ltr'>totis</span> <span class='ocrx_word' id='word_1_198' title='bbox 1114 2969 1178 3030; x_wconf 88' lang='lat' dir='ltr'>in</span> <span class='ocrx_word' id='word_1_199' title='bbox 1204 2968 1511 3031; x_wconf 82' lang='lat' dir='ltr'>Verrinis.</span> <span class='ocrx_word' id='word_1_200' title='bbox 1808 2979 1815 2988; x_wconf 86' lang='lat'>&#39;</span> 
     </span>
    </p>

    <p class='ocr_par' dir='ltr' id='par_1_5' title="bbox 259 3071 2508 4210">
     <span class='ocr_line' id='line_1_26' title="bbox 370 3071 2403 3162; baseline 0 -25"><span class='ocrx_word' id='word_1_201' title='bbox 370 3075 797 3140; x_wconf 84' lang='lat' dir='ltr'>Accusatione</span> <span class='ocrx_word' id='word_1_202' title='bbox 836 3090 1090 3162; x_wconf 89' lang='lat' dir='ltr'>peracta</span> <span class='ocrx_word' id='word_1_203' title='bbox 1112 3122 1131 3155; x_wconf 93' lang='lat'>,</span> <span class='ocrx_word' id='word_1_204' title='bbox 1170 3074 1456 3161; x_wconf 86' lang='lat' dir='ltr'>patroni,</span> <span class='ocrx_word' id='word_1_205' title='bbox 1489 3095 1640 3137; x_wconf 90' lang='lat' dir='ltr'>nam</span> <span class='ocrx_word' id='word_1_206' title='bbox 1672 3071 1805 3136; x_wconf 83' lang='lat' dir='ltr'>dixi</span> <span class='ocrx_word' id='word_1_207' title='bbox 1833 3075 2049 3162; x_wconf 86' lang='lat' dir='ltr'>plures</span> <span class='ocrx_word' id='word_1_208' title='bbox 2077 3075 2274 3138; x_wconf 84' lang='lat' dir='ltr'>fuisse</span> <span class='ocrx_word' id='word_1_209' title='bbox 2306 3074 2403 3138; x_wconf 86' lang='lat' dir='ltr'>uti</span> 
     </span>
     <span class='ocr_line' id='line_1_27' title="bbox 284 3176 2408 3268; baseline 0 -26"><span class='ocrx_word' id='word_1_210' title='bbox 284 3195 350 3242; x_wconf 90' lang='lat' dir='ltr'>et</span> <span class='ocrx_word' id='word_1_211' title='bbox 366 3191 789 3261; x_wconf 82' lang='lat' dir='ltr'>accusatores,-</span> <span class='ocrx_word' id='word_1_212' title='bbox 813 3179 1256 3245; x_wconf 87' lang='lat' dir='ltr'>defensionem</span> <span class='ocrx_word' id='word_1_213' title='bbox 1280 3177 1822 3268; x_wconf 86' lang='lat' dir='ltr'>aggrediebantur</span> <span class='ocrx_word' id='word_1_214' title='bbox 1846 3200 1925 3241; x_wconf 90' lang='lat' dir='ltr'>eo</span> <span class='ocrx_word' id='word_1_215' title='bbox 1949 3176 2075 3259; x_wconf 89' lang='lat' dir='ltr'>die,</span> <span class='ocrx_word' id='word_1_216' title='bbox 2099 3179 2211 3265; x_wconf 91' lang='lat' dir='ltr'>qui</span> <span class='ocrx_word' id='word_1_217' title='bbox 2239 3197 2408 3243; x_wconf 87' lang='lat' dir='ltr'>esset</span> 
     </span>
     <span class='ocr_line' id='line_1_28' title="bbox 285 3282 2406 3373; baseline 0 -28"><span class='ocrx_word' id='word_1_218' title='bbox 285 3305 363 3346; x_wconf 86' lang='lat' dir='ltr'>ex</span> <span class='ocrx_word' id='word_1_219' title='bbox 389 3282 528 3371; x_wconf 86' lang='lat' dir='ltr'>lege</span> <span class='ocrx_word' id='word_1_220' title='bbox 560 3305 597 3346; x_wconf 89' lang='lat' dir='ltr'>a</span> <span class='ocrx_word' id='word_1_221' title='bbox 633 3299 904 3373; x_wconf 83' lang='lat' dir='ltr'>praetore</span> <span class='ocrx_word' id='word_1_222' title='bbox 931 3305 1314 3349; x_wconf 87' lang='lat' dir='ltr'>concessus:</span> <span class='ocrx_word' id='word_1_223' title='bbox 1345 3305 1464 3370; x_wconf 88' lang='lat' dir='ltr'>pro</span> <span class='ocrx_word' id='word_1_224' title='bbox 1499 3284 1756 3346; x_wconf 87' lang='lat' dir='ltr'>Cluent.</span> <span class='ocrx_word' id='word_1_225' title='bbox 1786 3304 1923 3370; x_wconf 86' lang='lat' dir='ltr'>cap.</span> <span class='ocrx_word' id='word_1_226' title='bbox 1959 3304 2065 3345; x_wconf 77' lang='lat'>21.</span> <span class='ocrx_word' id='word_1_227' title='bbox 2108 3282 2194 3346; x_wconf 88' lang='lat' dir='ltr'>Ut</span> <span class='ocrx_word' id='word_1_228' title='bbox 2222 3305 2406 3346; x_wconf 88' lang='lat' dir='ltr'>accu-</span> 
     </span>
     <span class='ocr_line' id='line_1_29' title="bbox 283 3383 2407 3474; baseline -0 -24"><span class='ocrx_word' id='word_1_229' title='bbox 283 3403 524 3450; x_wconf 82' lang='lat' dir='ltr'>satores</span> <span class='ocrx_word' id='word_1_230' title='bbox 551 3387 820 3451; x_wconf 88' lang='lat' dir='ltr'>crimina</span> <span class='ocrx_word' id='word_1_231' title='bbox 847 3386 1203 3468; x_wconf 85' lang='lat' dir='ltr'>inferenda,</span> <span class='ocrx_word' id='word_1_232' title='bbox 1222 3388 1313 3451; x_wconf 89' lang='lat' dir='ltr'>sic</span> <span class='ocrx_word' id='word_1_233' title='bbox 1338 3387 1594 3474; x_wconf 87' lang='lat' dir='ltr'>patroni</span> <span class='ocrx_word' id='word_1_234' title='bbox 1623 3383 1946 3466; x_wconf 88' lang='lat' dir='ltr'>diluenda,</span> <span class='ocrx_word' id='word_1_235' title='bbox 1966 3384 2213 3472; x_wconf 88' lang='lat' dir='ltr'>partitis</span> <span class='ocrx_word' id='word_1_236' title='bbox 2238 3387 2407 3449; x_wconf 88' lang='lat' dir='ltr'>inter</span> 
     </span>
     <span class='ocr_line' id='line_1_30' title="bbox 284 3476 2508 3580; baseline 0.001 -27"><span class='ocrx_word' id='word_1_237' title='bbox 284 3514 353 3554; x_wconf 87' lang='lat' dir='ltr'>se</span> <span class='ocrx_word' id='word_1_238' title='bbox 383 3493 764 3556; x_wconf 88' lang='lat' dir='ltr'>muneribus</span> <span class='ocrx_word' id='word_1_239' title='bbox 784 3540 802 3573; x_wconf 90' lang='lat'>,</span> <span class='ocrx_word' id='word_1_240' title='bbox 859 3507 1301 3580; x_wconf 81' lang='lat' dir='ltr'>susceperunt.</span> <span class='ocrx_word' id='word_1_241' title='bbox 1347 3491 1434 3576; x_wconf 83' lang='lat' dir='ltr'>Et</span> <span class='ocrx_word' id='word_1_242' title='bbox 1464 3490 1774 3578; x_wconf 88' lang='lat' dir='ltr'>quoniam</span> <span class='ocrx_word' id='word_1_243' title='bbox 1811 3490 1877 3552; x_wconf 92' lang='lat' dir='ltr'>in</span> <span class='ocrx_word' id='word_1_244' title='bbox 1902 3489 2403 3556; x_wconf 82' lang='lat' dir='ltr'>defensionibus</span> <span class='ocrx_word' id='word_1_245' title='bbox 2501 3476 2508 3486; x_wconf 54' lang='grc'><strong>’</strong></span> 
     </span>
     <span class='ocr_line' id='line_1_31' title="bbox 286 3593 2406 3684; baseline 0.001 -25"><span class='ocrx_word' id='word_1_246' title='bbox 286 3619 419 3660; x_wconf 92' lang='lat' dir='ltr'>non</span> <span class='ocrx_word' id='word_1_247' title='bbox 452 3597 818 3663; x_wconf 86' lang='lat' dir='ltr'>faciendum</span> <span class='ocrx_word' id='word_1_248' title='bbox 864 3614 962 3663; x_wconf 89' lang='lat' dir='ltr'>est</span> <span class='ocrx_word' id='word_1_249' title='bbox 1010 3598 1221 3662; x_wconf 84' lang='lat' dir='ltr'>solum</span> <span class='ocrx_word' id='word_1_250' title='bbox 1266 3613 1343 3661; x_wconf 88' lang='lat' dir='ltr'>ut</span> <span class='ocrx_word' id='word_1_251' title='bbox 1389 3596 1720 3684; x_wconf 86' lang='lat' dir='ltr'>mitigetur</span> <span class='ocrx_word' id='word_1_252' title='bbox 1762 3593 1995 3676; x_wconf 83' lang='lat' dir='ltr'>judex,</span> <span class='ocrx_word' id='word_1_253' title='bbox 2043 3611 2117 3659; x_wconf 89' lang='lat' dir='ltr'>ut</span> <span class='ocrx_word' id='word_1_254' title='bbox 2163 3595 2406 3680; x_wconf 81' lang='lat' dir='ltr'>faveat,</span> 
     </span>
     <span class='ocr_line' id='line_1_32' title="bbox 284 3697 2404 3792; baseline 0.001 -29"><span class='ocrx_word' id='word_1_255' title='bbox 284 3700 661 3783; x_wconf 83' lang='lat' dir='ltr'>admiretur,</span> <span class='ocrx_word' id='word_1_256' title='bbox 693 3701 949 3792; x_wconf 86' lang='lat' dir='ltr'>diligat,</span> <span class='ocrx_word' id='word_1_257' title='bbox 979 3702 1229 3791; x_wconf 82' lang='lat' dir='ltr'>cupiat,</span> <span class='ocrx_word' id='word_1_258' title='bbox 1257 3712 1503 3789; x_wconf 90' lang='lat' dir='ltr'>speret,</span> <span class='ocrx_word' id='word_1_259' title='bbox 1540 3701 1827 3782; x_wconf 82' lang='lat' dir='ltr'>laetetur3</span> <span class='ocrx_word' id='word_1_260' title='bbox 1860 3697 1970 3762; x_wconf 87' lang='lat' dir='ltr'>sed</span> <span class='ocrx_word' id='word_1_261' title='bbox 1995 3699 2182 3763; x_wconf 86' lang='lat' dir='ltr'>etiam</span> <span class='ocrx_word' id='word_1_262' title='bbox 2213 3702 2404 3778; x_wconf 79' lang='lat' dir='ltr'>mise-</span> 
     </span>
     <span class='ocr_line' id='line_1_33' title="bbox 286 3801 2449 3895; baseline 0.002 -28"><span class='ocrx_word' id='word_1_263' title='bbox 286 3806 534 3871; x_wconf 82' lang='lat' dir='ltr'>ratione</span> <span class='ocrx_word' id='word_1_264' title='bbox 561 3829 743 3871; x_wconf 86' lang='lat' dir='ltr'>mens</span> <span class='ocrx_word' id='word_1_265' title='bbox 766 3809 937 3872; x_wconf 90' lang='lat' dir='ltr'>illius</span> <span class='ocrx_word' id='word_1_266' title='bbox 969 3806 1404 3895; x_wconf 78' lang='lat' dir='ltr'>permovenda</span> <span class='ocrx_word' id='word_1_267' title='bbox 1431 3823 1567 3888; x_wconf 81' lang='lat' dir='ltr'>est3</span> <span class='ocrx_word' id='word_1_268' title='bbox 1595 3805 1950 3894; x_wconf 84' lang='lat' dir='ltr'>peroratio,</span> <span class='ocrx_word' id='word_1_269' title='bbox 1982 3805 2114 3869; x_wconf 82' lang='lat' dir='ltr'>sive</span> <span class='ocrx_word' id='word_1_270' title='bbox 2140 3805 2405 3872; x_wconf 84' lang='lat' dir='ltr'>ultimus</span> <span class='ocrx_word' id='word_1_271' title='bbox 2443 3801 2449 3808; x_wconf 73' lang='grc'><strong>’</strong></span> 
     </span>
     <span class='ocr_line' id='line_1_34' title="bbox 259 3910 2407 4001; baseline 0.003 -31"><span class='ocrx_word' id='word_1_272' title='bbox 259 3910 540 3974; x_wconf 67' lang='lat' dir='ltr'>«licendi</span> <span class='ocrx_word' id='word_1_273' title='bbox 574 3912 754 3977; x_wconf 86' lang='lat' dir='ltr'>locus</span> <span class='ocrx_word' id='word_1_274' title='bbox 781 3913 872 3977; x_wconf 84' lang='lat' dir='ltr'>illi</span> <span class='ocrx_word' id='word_1_275' title='bbox 894 3913 1403 4001; x_wconf 86' lang='lat' dir='ltr'>relinquebatur,</span> <span class='ocrx_word' id='word_1_276' title='bbox 1428 3913 1543 3999; x_wconf 91' lang='lat' dir='ltr'>qui</span> <span class='ocrx_word' id='word_1_277' title='bbox 1571 3911 1693 3976; x_wconf 84' lang='lat' dir='ltr'>bac</span> <span class='ocrx_word' id='word_1_278' title='bbox 1724 3927 1904 3999; x_wconf 87' lang='lat' dir='ltr'>parte</span> <span class='ocrx_word' id='word_1_279' title='bbox 1936 3911 2244 3976; x_wconf 88' lang='lat' dir='ltr'>orationis</span> <span class='ocrx_word' id='word_1_280' title='bbox 2267 3913 2407 4000; x_wconf 87' lang='lat' dir='ltr'>plu·</span> 
     </span>
     <span class='ocr_line' id='line_1_35' title="bbox 289 4015 2407 4105; baseline 0.002 -27"><span class='ocrx_word' id='word_1_281' title='bbox 289 4016 523 4079; x_wconf 88' lang='lat' dir='ltr'>rimum</span> <span class='ocrx_word' id='word_1_282' title='bbox 545 4039 737 4103; x_wconf 82' lang='lat' dir='ltr'>posse</span> <span class='ocrx_word' id='word_1_283' title='bbox 759 4017 1104 4082; x_wconf 79' lang='lat' dir='ltr'>videretur.</span> <span class='ocrx_word' id='word_1_284' title='bbox 1133 4020 1357 4105; x_wconf 89' lang='lat' dir='ltr'>Itaque</span> <span class='ocrx_word' id='word_1_285' title='bbox 1380 4017 1700 4095; x_wconf 87' lang='lat' dir='ltr'>Ciceroni,</span> <span class='ocrx_word' id='word_1_286' title='bbox 1724 4015 1971 4084; x_wconf 84' lang='lat' dir='ltr'>etiamsi</span> <span class='ocrx_word' id='word_1_287' title='bbox 1993 4015 2210 4102; x_wconf 86' lang='lat' dir='ltr'>plures</span> <span class='ocrx_word' id='word_1_288' title='bbox 2233 4016 2407 4082; x_wconf 86' lang='lat' dir='ltr'>dice·</span> 
     </span>
     <span class='ocr_line' id='line_1_36' title="bbox 288 4120 2408 4210; baseline 0 -26"><span class='ocrx_word' id='word_1_289' title='bbox 288 4135 463 4197; x_wconf 85' lang='lat' dir='ltr'>rent,</span> <span class='ocrx_word' id='word_1_290' title='bbox 490 4123 963 4207; x_wconf 85' lang='lat' dir='ltr'>perorationem</span> <span class='ocrx_word' id='word_1_291' title='bbox 989 4146 1215 4188; x_wconf 83' lang='lat' dir='ltr'>omnes</span> <span class='ocrx_word' id='word_1_292' title='bbox 1245 4122 1731 4210; x_wconf 87' lang='lat' dir='ltr'>relinquebant,</span> <span class='ocrx_word' id='word_1_293' title='bbox 1755 4152 1779 4176; x_wconf 73' lang='grc' dir='ltr'>ι</span> <span class='ocrx_word' id='word_1_294' title='bbox 1809 4122 1875 4183; x_wconf 90' lang='lat' dir='ltr'>in</span> <span class='ocrx_word' id='word_1_295' title='bbox 1899 4143 2033 4206; x_wconf 89' lang='lat' dir='ltr'>quo</span> <span class='ocrx_word' id='word_1_296' title='bbox 2061 4136 2134 4183; x_wconf 92' lang='lat' dir='ltr'>ut</span> <span class='ocrx_word' id='word_1_297' title='bbox 2157 4120 2408 4185; x_wconf 83' lang='lat' dir='ltr'>viderer</span> 
     </span>
    </p>

    <p class='ocr_par' dir='ltr' id='par_1_6' title="bbox 481 4226 2222 4320">
     <span class='ocr_line' id='line_1_37' title="bbox 481 4226 2222 4320; baseline 0 -32"><span class='ocrx_word' id='word_1_298' title='bbox 481 4230 531 4295; x_wconf 77' lang='lat' dir='ltr'>I.</span> <span class='ocrx_word' id='word_1_299' title='bbox 589 4245 676 4289; x_wconf 75' lang='lat' dir='ltr'>Cic.</span> <span class='ocrx_word' id='word_1_300' title='bbox 698 4260 806 4305; x_wconf 80' lang='lat' dir='ltr'>pars</span> <span class='ocrx_word' id='word_1_301' title='bbox 827 4244 1037 4292; x_wconf 73' lang='lat' dir='ltr'>secanda·</span> <span class='ocrx_word' id='word_1_302' title='bbox 2133 4226 2222 4320; x_wconf 71' lang='grc'>39</span> 
     </span>
    </p>
   </div>
  </div>
 </body>
</html>
