3044 4788
533 419 668 491 180
1231 418 1791 488 EXCURSUS
1840 419 1946 487 11.

518 551 678 616 duas
704 548 898 615 libras
926 570 1079 614 eum
1101 547 1365 613 semisse
1382 595 1403 631 ,
1441 567 1650 636 quum
1682 548 1856 613 idem
1889 533 2045 614 assis
2078 570 2156 614 ac
2183 547 2363 616 librae
2391 549 2652 639 pondus

516 673 720 740 esset,
764 654 941 746 apud
978 656 1311 719 Romanos
1344 654 1567 718 valuit.
1613 653 1780 719 Inde
1812 654 1942 719 hoc
1980 653 2041 718 ei
2082 653 2363 719 inditum
2408 678 2654 722 nomeu

514 781 613 829 est
648 762 832 851 quasi
865 762 1298 841 semistertius,
1337 758 1407 823 id
1441 774 1572 841 est,
1609 782 1691 825 ex
1723 760 1932 823 tribus
1954 747 2238 842 assibus,
2269 760 2525 826 sublato
2552 762 2651 827 di-

516 867 721 933 midio
740 915 760 950 ,
810 882 1115 932 constans
1151 887 1168 930 t
1223 862 1776 953 quemadmodum
1816 866 2015 931 Attici
2058 875 2220 947 τρίτον
2272 877 2609 947 ἡμιτὼιντον
2628 917 2649 950 ,

513 974 781 1039 tertium
822 972 1302 1037 semitalentum
1319 1019 1339 1054 ,
1373 970 1592 1036 dixere
1628 988 1704 1035 ut
1740 971 1978 1037 talenta
2023 970 2160 1037 duo
2203 987 2271 1037 et
2305 972 2649 1039 dimidium

515 1077 964 1169 signifimrent.
988 1075 1152 1141 Inde
1190 1098 1456 1165 quoque
1486 1098 1563 1140 ea
1594 1075 1770 1166 apud
1809 1076 2100 1142 librarios
2147 1075 2391 1144 fluxere
2425 1080 2606 1170 signa
2627 1129 2651 1163 ,

514 1208 660 1275 quoe
711 1183 1034 1249 sestertios
1088 1181 1450 1247 indicarent
1497 1182 1646 1248 LLS
1663 1230 1684 1265 ,
1733 1182 1863 1248 hoc
1911 1198 2044 1266 est,
2090 1184 2269 1249 libr-ce
2314 1186 2462 1250 duoe
2507 1209 2650 1253 cum

512 1291 794 1372 semisse,
818 1312 963 1378 quaa
996 1288 1127 1352 cito
1164 1286 1335 1352 hanc
1364 1287 1434 1351 in
1473 1288 1747 1351 formam
1778 1287 1886 1352 Hs
1933 1310 2015 1352 ex
2052 1290 2372 1354 celeritate
2404 1307 2470 1356 et
2499 1313 2650 1356 con·

514 1393 863 1460 suetudine
886 1391 1212 1458 scribendi
1242 1391 1671 1481 degeneravit.
1693 1392 1907 1457 Fuere
1935 1393 2129 1459 etiam
2163 1396 2277 1483 qui
2310 1395 2467 1460 olim
2491 1398 2648 1461 scri-

515 1503 749 1567 berent
773 1502 862 1566 111
877 1549 898 1582 ,
929 1499 1174 1565 scilicet
1203 1498 1466 1588 integrae
1495 1497 1642 1562 duae
1671 1514 1885 1587 partes
1904 1547 1923 1581 ,
1958 1522 2075 1565 seu
2110 1498 2290 1566 librae
2320 1525 2473 1567 cum
2510 1504 2649 1583 ejus

513 1603 814 1692 dimidia3
855 1630 1000 1697 quae
1030 1605 1224 1672 etiam
1256 1621 1413 1670 nota
1445 1602 1515 1668 in
1549 1604 1721 1671 hanc
1770 1606 1877 1671 HS
1916 1601 2116 1673 hodie
2144 1608 2650 1700 vulgatissimam

518 1716 775 1781 coaluit.

495 1885 498 1888 .
601 1821 799 1886 Nunc
853 1833 1071 1883 autem
1110 1811 1419 1907 quoniam
1461 1817 1701 1908 singuli
1740 1836 1908 1884 asses
1953 1836 2110 1885 sunt
2151 1820 2235 1885 ad
2277 1821 2508 1887 libram
2544 1846 2649 1888 ar-

511 1925 722 2017 genti,
756 1940 832 1989 ut
883 1946 1094 1988 unum
1147 1922 1230 1987 ad
1278 1924 1485 2005 mille,
1537 1924 1904 1990 sestertium
1949 1923 2247 2016 pondus,
2294 1924 2363 1992 h.
2407 1950 2468 1994 e.
2500 1927 2649 1994 duae

511 2033 690 2096 librae
723 2054 874 2096 cum
907 2029 1208 2113 dimidia,
1233 2031 1288 2095 si
1318 2048 1592 2122 argento
1623 2030 1962 2116 conflatur,
2005 2033 2106 2098 bis
2143 2030 2317 2099 mille
2352 2050 2418 2099 et
2450 2036 2647 2124 quin-

514 2154 748 2226 gentos
791 2158 992 2219 asses,
1028 2158 1146 2200 seu
1176 2133 1352 2203 mille
1385 2160 1586 2203 aereos
1626 2137 1983 2223 sestertios,
2032 2141 2348 2228 aequarint
2388 2163 2649 2208 necesse

512 2259 629 2308 est.
656 2241 821 2306 Inde
853 2258 952 2306 est
975 2241 1158 2330 quod
1189 2235 1428 2307 dicitur
1465 2250 1815 2311 sestertium
1848 2269 2177 2334 magnum,
2215 2262 2281 2311 et
2314 2248 2496 2336 quod
2531 2271 2646 2312 sae-

508 2347 660 2438 pius
692 2347 866 2437 apud
898 2364 1194 2413 auctores
1229 2348 1463 2414 latinos
1491 2372 1613 2438 per
1636 2351 1992 2442 genitivum
2027 2351 2391 2441 exponitur.
2419 2354 2647 2445 Itaque

509 2470 588 2518 ut
610 2455 1058 2519 sestertiorum
1090 2454 1320 2543 viginti
1348 2455 1545 2519 millia
1569 2455 1888 2545 significes
1906 2504 1925 2538 ,
1963 2452 2091 2521 dici
2121 2474 2400 2545 possunt
2423 2475 2645 2524 sester-

510 2562 605 2625 tia
642 2562 878 2650 viginti
909 2559 1192 2655 (magna)
1208 2607 1229 2641 ,
1260 2582 1378 2624 seu
1412 2551 1763 2625 sestertium
1804 2560 2204 2652 (parvorum)
2245 2566 2516 2653 viginti,
2556 2566 2646 2632 ita

510 2681 589 2730 ut
623 2663 833 2729 millia
879 2664 1342 2755 subintelligas.
1383 2660 1581 2731 Nunc
1614 2690 1771 2731 vero
1807 2690 2013 2757 quum
2055 2670 2386 2735 numerale
2424 2671 2647 2738 adver-

511 2773 698 2837 bium
753 2772 1038 2836 occurrit
1084 2767 1679 2863 multiplicandum,
1713 2795 1773 2836 v.
1811 2795 1906 2862 gr.
1945 2789 2081 2855 ter,
2114 2790 2360 2863 quater,
2397 2775 2644 2862 decies,

512 2879 787 2959 centies,
847 2893 966 2942 etc.
1012 2892 1171 2941 tunc
1210 2872 1687 2966 compendiaria
1732 2893 1830 2942 est
1874 2878 2157 2962 locutio,
2198 2896 2265 2945 et
2298 2882 2644 2950 subaudias

512 2997 772 3073 oportet
813 2995 1078 3047 centena
1112 2983 1350 3065 mima,
1396 2998 1472 3046 ut
1524 3005 1719 3071 supra
1767 2985 2150 3049 monstravit
2196 2984 2483 3067 Desjard.
2538 2990 2646 3056 Sic

518 3091 866 3154 sestertium
900 3086 1097 3152 decies
1131 3084 1390 3165 dicitur,
1426 3110 1548 3176 pro
1585 3088 1787 3153 decies
1816 3091 2087 3156 centenis
2118 3089 2392 3157 millibus
2424 3109 2643 3160 sester-

519 3198 692 3260 tium.
726 3195 1032 3259 Ceterum
1081 3191 1220 3256 haec
1272 3192 1507 3281 passim
1552 3194 1621 3257 in
1669 3194 1842 3259 notis
1892 3194 2401 3284 explanavimus,
2448 3216 2642 3291 atque

518 3303 711 3367 etiam
758 3299 1012 3389 quoties
1062 3314 1420 3363 occurrunt
1461 3298 1545 3363 ad
1594 3315 1829 3364 nostrae
1874 3301 2165 3389 pecuniae
2215 3302 2522 3388 formam,
2564 3329 2643 3370 ex

522 3428 945 3469 nummorum
990 3402 1208 3469 tabula
1253 3426 1398 3492 quoe
1431 3404 1606 3491 apud
1633 3406 1709 3471 T.
1734 3404 1898 3470 Livii
1935 3407 2061 3471 vol.
2109 3406 2237 3475 XII
2283 3428 2451 3476 nost.
2489 3411 2638 3477 edit.

520 3533 665 3600 pag.
696 3510 816 3575 115
850 3510 1199 3591 invenitur,
1231 3493 1620 3600 redegimus,
