3044 4788
713 446 828 515 IN
880 449 1312 517 VERREM
1364 446 1579 513 ACT.
1635 446 1745 530 ΙΙ,
1790 445 1977 512 LIB.
2028 447 2085 512 J.
2205 438 2206 441 '
2312 438 2450 536 293

326 564 793 639 nominibus9
831 565 923 638 de
958 571 1234 666 capite,
1287 579 1643 663 quantum
1687 561 2152 635 commodum
2198 560 2454 648 fuerit,
2510 657 2514 661 .

323 676 671 748 frumenti
719 674 1105 750 decumani
1141 676 1551 748 detraxerit.
1588 678 1818 751 Erunt
1852 676 2066 746 etiam
2112 668 2453 757 fortasse,

320 784 597 879 judices
611 838 632 873 ‚
650 788 780 883 qui
805 785 1012 856 illum
1029 786 1092 882 ej
1102 809 1188 857 us
1206 785 1695 884 peculatum¹⁰
1712 782 1825 853 vel
1849 782 2194 853 acerrime
2213 779 2450 851 vindi-

322 892 637 967 candum
686 909 982 995 putent,
1029 894 1235 993 quod
1272 899 1405 966 iste
1439 897 1539 964 M.
1569 891 1886 963 Marcelli
1928 905 2002 962 et
2034 896 2109 962 P.
2139 888 2452 962 Africani

320 1016 827 1090 monumenta,
865 1029 1029 1101 quae
1062 1005 1355 1077 nomine
1386 1001 1720 1090 illorum,
1756 1025 2006 1073 revera
2038 999 2292 1099 populi
2330 1024 2453 1072 ro-

325 1116 518 1184 mani
548 1127 622 1184 et
649 1126 891 1202 erant,
926 1129 999 1185 et
1021 1113 1501 1202 habebantur,
1542 1137 1631 1183 ex
1657 1108 1841 1182 fanis
1871 1110 2453 1209 religiosissimis,

324 1244 414 1292 ex
439 1220 749 1293 urbibus
774 1232 795 1264 ¹
811 1232 831 1265 ¹
874 1225 1237 1296 sociorum
1274 1238 1492 1321 atque
1537 1222 1936 1293 amicorum
1974 1246 2127 1293 non
2169 1218 2457 1293 dubita-

324 1336 508 1404 verit
546 1330 848 1406 auferre.

419 1445 505 1512 V.
571 1446 995 1533 Emerserit¹
1042 1469 1131 1516 ex
1171 1444 1550 1543 peculatus
1592 1447 1805 1516 etiam
1843 1441 2122 1539 judicio
2162 1467 2177 1511 :
2229 1439 2453 1512 medi·

325 1566 523 1624 tetur
548 1550 647 1624 de
672 1553 983 1627 ducibus
1011 1554 1330 1628 hostium
1347 1609 1370 1644 ‚
1398 1578 1587 1653 quos
1620 1567 1912 1650 accepta
1946 1555 2253 1650 pecunia
2276 1549 2453 1622 libe-

327 1667 550 1752 ravit;
585 1663 855 1753 videat,
880 1664 1069 1764 quid·
1093 1666 1185 1738 de
1206 1667 1342 1737 illis
1367 1664 1805 1765 respondeat
1824 1719 1844 1754 ,
1872 1687 2059 1762 quos
2090 1663 2167 1732 in
2194 1685 2449 1732 eorum

326 1772 571 1846 locum
606 1775 938 1849 subditos
996 1776 1194 1850 domi
1247 1801 1391 1849 suae
1426 1776 1910 1862 reservavit23
1968 1787 2241 1870 quaerat
2297 1795 2453 1841 non

324 1884 594 1974 solum,
634 1885 1250 1983 quemadmodum
1293 1901 1550 1959 nostro
1576 1888 1896 1973 crimini,
1939 1908 2191 1955 verum
2237 1886 2454 1953 etiam

324 2019 476 2090 quo
510 2009 895 2093 pactosuae
927 1994 1363 2069 confessioni
1397 1999 1628 2096 possit
1654 1994 1969 2082 mederi3
2005 1995 2414 2065 meminerit
2433 2045 2453 2078 ‚

324 2128 400 2175 se
438 2107 692 2203 priore
717 2110 1041 2195 actione,
1079 2107 1393 2179 clamore
1432 2107 1686 2206 populi
1724 2103 2011 2177 romani
2042 2101 2304 2174 infesto
2342 2117 2449 2172 at-

326 2238 471 2313 que
511 2217 808 2287 inimico
848 2220 1236 2288 excitatum
1257 2271 1277 2303 ,
1338 2215 1751 2289 confessum
1795 2238 1946 2286 esse
1966 2269 1987 2299 ‚
2031 2211 2251 2284 duces
2292 2235 2333 2282 a
2374 2235 2453 2281 se

325 2323 750 2423 praedonum
783 2328 1019 2398 securi
1046 2351 1198 2399 non
1227 2350 1379 2400 esse
1407 2349 1819 2426 percussos;
1839 2348 1915 2396 se
1940 2324 2089 2419 jam
2113 2337 2272 2396 tum
2301 2344 2454 2393 esse

324 2440 633 2507 veritum
657 2492 678 2522 ‚
738 2462 830 2524 ne
874 2437 1011 2509 sibi
1056 2441 1340 2510 crimini
1383 2437 1700 2525 daretur,
1735 2460 1861 2507 eos
1897 2432 1990 2504 ab
2031 2457 2107 2505 se
2149 2436 2459 2531 pecunia

330 2544 703 2633 liberatos3
731 2544 1038 2619 fateatur
1069 2547 1177 2637 id,
1205 2547 1405 2646 quod
1439 2573 1531 2626 ne
1581 2551 1682 2619 ari
1709 2570 1860 2617 non
1889 2557 2167 2642 potest,
2204 2567 2279 2613 se
2314 2547 2457 2640 pri-

329 2650 621 2723 vatum³
649 2653 1018 2727 hominem
1036 2712 1055 2745 ‚
1078 2658 1500 2756 praedonum
1576 2681 1746 2729 uces
1776 2660 1979 2726 vivos
2015 2667 2233 2749 atque
2260 2656 2455 2722 inco·

331 2763 560 2836 lumes
588 2763 787 2836 domi
819 2790 990 2856 suae,
1016 2783 1488 2867 posteaquam
1519 2775 1823 2842 Romam
1859 2764 2189 2852 redierit,
2225 2789 2460 2861 usque

331 2872 508 2944 dum
535 2898 665 2972 per
690 2901 806 2948 me
835 2876 1156 2968 licuerit,
1195 2881 1594 2954 tenuisse⁴t
1627 2879 1766 2950 boc
1805 2881 1882 2948 in
1918 2876 2044 2948 illo
2072 2876 2460 2972 majestatis

403 3145 454 3191 9.
482 3127 785 3181 Nominibus.
826 3132 975 3195 Quod
999 3132 1188 3196 aliquot
1214 3133 1351 3181 debi-
1439 3133 1693 3199 peculatus
1718 3131 1912 3193 iudicio
1942 3131 2217 3179 absolutum
2247 3130 2332 3189 iri;
2359 3146 2460 3178 me·

332 3207 523 3255 toribus
562 3207 626 3255 de
662 3208 847 3274 eapite,
890 3212 927 3261 i.
970 3229 1016 3261 e.
1057 3212 1120 3260 de
1164 3229 1349 3261 summa
1439 3212 1696 3262 ditandum
1712 3212 1784 3260 illi
1803 3213 1918 3272 erit,
1943 3212 2194 3276 quomodo
2223 3228 2273 3259 se
2299 3211 2458 3260 defen·

330 3286 559 3335 frumenti
587 3304 673 3336 seu
702 3289 763 3337 de
797 3300 904 3338 toto
940 3291 1184 3340 frumento
1210 3292 1349 3356 quod
1437 3292 1548 3351 dat,
1569 3303 1663 3340 etc.
1692 3292 1835 3340 Verri
1862 3290 2118 3339 denuntiat
2139 3290 2312 3340 Cicero
2335 3290 2461 3351 judi-

330 3366 518 3429 populo
537 3382 664 3416 rom.
688 3367 928 3417 debebant
954 3370 1227 3429 decumani,
1243 3383 1350 3420 tan-
1437 3371 1568 3420 cium
1580 3371 1857 3433 majestatis,
1868 3380 2074 3435 propter
2085 3369 2232 3418 duces
2247 3370 2464 3418 bostium

330 3455 433 3493 tum
469 3449 643 3494 Verres
677 3444 916 3508 detraxit,
965 3461 1014 3498 et
1050 3451 1102 3498 in
1132 3452 1349 3517 privatos
1437 3450 1695 3509 liberatos,
1731 3461 1816 3499 aut
1842 3451 1987 3498 etiam
2011 3449 2062 3496 in
2085 3449 2260 3506 domo,
2289 3460 2346 3496 ut
2368 3449 2461 3497 iste

330 3541 446 3573 usus
481 3527 724 3576 convertit
763 3541 1001 3594 qnantum
1041 3547 1127 3579 sua
1175 3531 1353 3581 referre
1442 3529 1663 3589 dicebat,
1686 3539 1918 3588 servatos,
1936 3540 1984 3577 et
2010 3540 2300 3577 mercatores
2325 3529 2463 3577 inno-
2530 3514 2534 3518 .

328 3603 589 3653 arbitratus
611 3609 851 3656 est.Verr.
880 3610 983 3666 111.
1018 3611 1211 3674 passim.
1441 3609 1745 3656 cantissimos
1771 3608 1823 3656 in
1851 3623 2022 3656 eorum
2050 3608 2218 3656 locum
2237 3606 2467 3656 subditos

407 3698 485 3730 ro.
509 3684 814 3734 Peculamm.
848 3688 1108 3736 Pes-alatus
1138 3689 1355 3754 appella·
1442 3703 1499 3736 ac
1526 3688 1814 3736 trucidatos.
1831 3690 2049 3746 Verr.V,
2077 3689 2256 3750 39-52.

333 3773 427 3818 tur,
437 3779 539 3811 non
557 3764 718 3812 solum
735 3766 961 3828 pecnniae
977 3777 1027 3814 et
1044 3784 1354 3818 nummorum
1516 3784 1570 3817 a.
1593 3767 1727 3815 Idem
1756 3767 2017 3816 Lambinus
2041 3767 2191 3815 habet
2226 3783 2468 3816 «reserva-
2550 3774 2559 3785 ⁴

332 3841 531 3904 rapina,
566 3842 654 3890 sed
678 3855 727 3891 et
754 3843 971 3908 cujusvis
998 3845 1097 3905 rei,
1134 3863 1245 3911 quae
1272 3864 1358 3912 pu·
1446 3848 1509 3895 rit
1524 3870 1576 3906 a,
1593 3847 1731 3910 quod
1751 3847 1899 3906 male,
1917 3857 1973 3894 nt
1991 3846 2200 3901 videtur,
2229 3856 2466 3895 consonat

330 3918 457 3967 blica
481 3919 544 3968 sit
570 3931 620 3968 et
646 3921 820 3986 populi
849 3937 973 3970 rom.
1448 3944 1561 3975 cnm
1577 3926 1826 3991 superiore
1842 3926 2100 3974 «liberavit
2113 3947 2153 3974 ι.
2173 3927 2205 3974 J
2213 3926 2292 3973 .V.
2310 3927 2363 3972 1..

408 4014 488 4048 ιι.
532 4000 827 4056 Lambinus,
859 4013 945 4049 «et
984 4018 1043 4049 ex
1089 4003 1290 4052 urbibus
1311 4028 1353 4055 a.
1518 4009 1573 4055 3.
1610 4005 1870 4054 Privatum.
1912 4005 2060 4069 Quod
2086 4006 2344 4065 majestatis
2371 4002 2469 4051 cri·
2513 4027 2516 4030 ¹

331 4077 486 4141 Quod
512 4079 682 4127 Garat.
710 4079 905 4144 probat.
1448 4102 1558 4133 men
1588 4097 1673 4133 est.

401 4158 466 4205 V.
504 4174 546 4207 1.
573 4157 843 4207 Emer-serie.
884 4162 1142 4225 Fingamus
1169 4179 1277 4211 eum
1305 4165 1356 4212 in
1520 4164 1751 4221 4.Lamb.
1789 4164 2127 4211 «retinuisse».
2152 4164 2184 4209 J
2192 4199 2204 4211 .
2223 4163 2285 4209 V.
2302 4163 2362 4214 L.
