3044 4788
240 477 971 503 §.m-mmmm
982 474 2274 500 mmmmmmmmmmmmm
2286 481 2375 501 m

743 687 1863 798 ARGUMENTUM.

237 945 301 1000 C.
327 937 642 1012 Quintius,
671 935 766 994 cui
794 935 977 994 multa
1008 947 1176 993 erant
1205 934 1267 992 in
1294 933 1480 992 Gallia
1504 933 1601 992 vel
1632 935 1871 1013 propria
1889 978 1907 1005 ,
1937 936 2030 994 vel
2060 938 2247 998 locata
2274 959 2382 1018 pa·-

313 1055 490 1102 scua,
516 1053 649 1092 cum
677 1036 806 1091 Sex.
825 1032 1058 1101 Naevio,
1094 1031 1234 1089 olim
1270 1050 1570 1108 praecone,
1601 1030 1931 1089 societatem
1959 1052 2156 1093 earum
2185 1056 2380 1095 rerum

317 1133 473 1192 fecit.
520 1137 666 1205 Quae
707 1131 951 1188 societas
986 1149 1165 1208 quum
1194 1148 1376 1187 annos
1394 1128 1516 1206 jam
1554 1130 1881 1207 complures
1920 1144 2093 1205 esset,
2134 1146 2193 1191 et
2227 1154 2383 1212 saepe

318 1229 597 1304 Quintius
663 1228 930 1287 Naevium
992 1239 1322 1304 suspectum
1387 1224 1686 1284 habuisset
1707 1268 1725 1295 ,
1775 1227 2023 1286 moritur
2075 1232 2381 1307 repentino

319 1327 615 1401 Quintius,
639 1323 854 1383 herede
880 1324 1143 1383 instituto
1173 1324 1352 1382 fratre
1377 1329 1449 1391 P.
1467 1323 1739 1396 Quinti0‚
1766 1324 1867 1401 qui
1894 1330 2094 1384 Romae
2117 1347 2381 1387 commo-

321 1422 582 1481 rabatur.
609 1424 667 1479 Is
687 1441 795 1480 nec
826 1421 907 1479 ita
925 1420 1110 1478 multo
1143 1432 1276 1497 post
1300 1420 1398 1498 (A.
1421 1424 1500 1480 U.
1527 1423 1591 1477 C.
1612 1419 1753 1497 669)
1787 1420 1847 1477 in
1873 1421 2116 1480 Galliam
2143 1425 2384 1502 profici-

324 1521 540 1591 scitur-3
564 1518 650 1576 ibi
681 1537 900 1576 annum
935 1519 1057 1576 fere
1083 1536 1215 1575 cum
1243 1518 1446 1576 Naevio
1484 1516 1849 1575 familiariter
1871 1519 2044 1591 vivit3
2099 1535 2157 1578 et
2197 1541 2379 1599 quum

329 1618 484 1674 inter
517 1635 578 1673 se
608 1617 786 1673 multa
825 1614 901 1674 de
940 1615 1217 1673 societate
1256 1613 1783 1687 communicarent,
1833 1634 2150 1693 numquam
2191 1631 2383 1677 tamen

332 1712 566 1772 Naevius
589 1711 838 1780 monuit,
874 1724 977 1769 aut
1004 1710 1335 1769 societatem
1357 1708 1467 1768 sihi
1502 1709 1821 1787 quidquam
1857 1709 2070 1770 debere
2087 1758 2106 1788 ‚
2128 1725 2229 1771 aut
2254 1715 2383 1793 pri-

331 1808 506 1867 vatim
528 1812 592 1867 C.
616 1807 923 1882 Quintium
941 1805 1229 1865 debuisse.
1252 1809 1379 1863 Imo
1407 1826 1588 1883 quum
1615 1826 1650 1864 a
1677 1812 1739 1865 P.
1762 1807 2004 1880 Quintio
2024 1808 2384 1886 aliquantum

327 1908 453 1966 aeris
476 1906 653 1981 alieni
673 1910 876 1964 Romae
901 1918 1049 1963 esset
1073 1905 1370 1975 relictum,
1393 1904 1768 1963 Sex.Naevius
1784 1905 2089 1982 pecuniam
2112 1907 2167 1964 ei
2190 1908 2384 1982 offert,

323 2024 500 2082 quam
541 2017 605 2062 ut
647 2022 1014 2063 communem
1061 2001 1373 2072 existimet,
1409 2000 1681 2059 hortatur
1719 2020 1830 2078 pro
1865 2003 2044 2060 veteri
2086 2023 2217 2062 cum
2260 2004 2383 2082 ejus

328 2103 504 2158 fratre
532 2099 675 2159 Caio
703 2099 975 2156 societate
1003 2117 1070 2155 ac
1099 2098 1279 2175 ipsius
1306 2098 1591 2155 affinitate
1616 2118 1629 2153 :
1673 2117 1805 2154 nam
1829 2103 1890 2156 P.
1921 2099 2146 2171 Quintii
2173 2120 2384 2159 conso-

327 2200 558 2259 brinam
583 2197 841 2257 habebat
869 2198 932 2255 in
961 2197 1327 2254 matrimonio
1354 2196 1585 2256 Naevius
1602 2237 1618 2264 ,
1650 2208 1710 2254 et
1741 2216 1814 2253 ex
1839 2217 1908 2255 ea
1932 2196 2165 2257 liberos.
2190 2200 2387 2273 Quin-

332 2299 441 2356 tius
468 2296 653 2375 igitur
687 2294 906 2352 auxilio
941 2293 1125 2354 Naevii
1166 2293 1346 2351 fretus
1387 2298 1632 2352 Romam
1670 2292 2289 2366 redit,„creditoribus
2326 2319 2387 2358 se

328 2409 489 2453 certo
518 2392 616 2451 die
642 2390 968 2450 soluturum
998 2390 1321 2468 promittit;
1359 2388 1621 2450 Naevium
1657 2389 1964 2449 certiorem
2011 2392 2176 2465 facit,
2221 2408 2390 2472 rogat

329 2505 394 2550 ut
420 2490 535 2549 sibi
559 2501 729 2548 curet
752 2487 912 2566 quod
942 2486 1200 2568 dixisset.
1219 2492 1369 2545 Tum
1409 2487 1506 2545 ille
1544 2506 1727 2546 assem
1759 2508 1825 2546 se
1867 2503 2038 2567 negat
2077 2489 2381 2564 daturum,

332 2589 437 2646 nisi
466 2586 633 2665 prius
661 2583 735 2643 de
762 2583 937 2642 rebus
967 2583 1406 2661 rationibusque
1435 2584 1725 2642 societatis
1752 2584 2077 2644 decidisset.
2120 2588 2386 2646 Destitu-

335 2685 487 2743 tione
519 2683 619 2741 illa
655 2682 956 2760 perculsus
984 2682 1283 2755 Quintius,
1312 2701 1432 2739 non
1474 2681 1597 2738 sine
1639 2682 1898 2759 pecuniae
1930 2681 2195 2759 jactura,
2229 2683 2387 2744 bona

334 2781 599 2859 qnaedam
632 2780 692 2836 in
727 2778 914 2837 Gallia
943 2778 1171 2850 vendit,
1212 2777 1600 2837 creditoribus
1627 2778 1915 2852 dissolvit;
1949 2780 2221 2858 ultroque
2247 2786 2387 2841 Νω-

336 2879 488 2937 vium
520 2876 809 2956 appellat,
833 2889 896 2933 ut
920 2875 1130 2953 siquid
1156 2891 1304 2934 esset
1335 2875 1743 2934 controversiae
1768 2896 1875 2954 per
1899 2876 2150 2937 arbitros
2178 2880 2387 2939 transi-

338 2990 507 3053 geret.
536 2979 657 3032 Dat
686 2973 789 3030 iste
816 2972 1062 3031 amicum
1081 2971 1472 3031 Trebellium:
1507 2972 1785 3046 Quintius
1812 2992 2176 3033 communem
2201 2995 2391 3034 neces-

342 3071 583 3142 sarium,
608 3089 895 3146 suumque
924 3070 1317 3147 propinquum
1363 3071 1495 3128 Sex.
1533 3067 1886 3146 Alphenum.
1922 3069 2035 3128 Sed
2078 3089 2256 3147 quum
2297 3092 2391 3131 res

344 3186 445 3243 per
468 3166 721 3228 anbitros
753 3178 997 3244 propter
1015 3165 1201 3224 Naevii
1228 3164 1531 3223 avaritiam
1562 3164 1873 3223 convenire
1904 3186 2020 3223 non
2049 3180 2274 3244 posset,
2295 3188 2388 3228 res

344 3284 465 3321 esse
500 3265 557 3321 in
588 3262 922 3322 vadimonio
965 3262 1173 3339 coepit,
1206 3262 1244 3323 i.
1270 3282 1322 3320 e.
1354 3262 1502 3319 alter
1535 3261 1781 3320 alterum
1815 3262 1874 3319 in
1902 3260 2000 3338 jus
2025 3265 2288 3336 vocavit,
2330 3278 2391 3324 et

346 3374 546 3418 mutuo
568 3375 725 3419 certo
753 3360 847 3419 die
874 3380 936 3418 se
964 3372 1176 3438 praesto
1200 3360 1427 3418 futuros
1449 3359 1860 3437 promiserunt.
1883 3365 2049 3418 Tunc
2079 3377 2220 3420 vero
2248 3364 2389 3421 Nae-

343 3461 475 3518 vius
510 3460 591 3517 ait
624 3480 684 3517 se
723 3460 1115 3518 auctionatum
1150 3459 1210 3516 in
1237 3459 1454 3528 Gallia,
1481 3478 1711 3518 curasse
1737 3478 1811 3516 ne
1837 3458 1981 3536 quid
2012 3456 2123 3516 sibi
2137 3457 2261 3536 jam
2287 3479 2389 3519 so—

341 3558 519 3616 cietas
548 3555 810 3615 deberet:
835 3561 894 3614 P.
921 3556 1212 3630 Quintius,
1245 3569 1373 3614 acta
1393 3556 1587 3614 omnia
1608 3569 1799 3628 ratuS,
1833 3557 1893 3613 in
1925 3555 2167 3640 Galliam
2199 3558 2385 3636 profi-

345 3656 581 3716 ciscitur
592 3677 611 3726 3
645 3674 813 3732 quem
845 3653 945 3712 ubi
979 3654 1306 3732 profectum
1349 3653 1512 3712 audit
1546 3654 1799 3721 Naevius,
1823 3653 2039 3712 amicos
2076 3669 2387 3729 convocat,

345 3753 678 3812 testificatur
722 3772 756 3810 a
805 3751 1046 3825 Quintio
1092 3749 1383 3810 desertum
1423 3749 1849 3822 vadimonium,
1894 3763 1956 3809 et
1988 3769 2024 3809 a
2061 3750 2388 3810 Burrhieno

345 3862 588 3928 praetore
610 3846 887 3925 postulat,
915 3859 982 3905 ut
1011 3868 1082 3905 ex
1115 3846 1306 3905 edicto
1342 3844 1498 3904 bona
1534 3845 1655 3923 ejus
1695 3845 1993 3923 possidere
2028 3845 2212 3904 liceat.
2237 3851 2386 3907 Nam

348 3948 445 4024 qui
477 3944 866 4004 vadimonium
897 3942 1321 4016 destituissent,
1352 3943 1595 4002 infames
1616 3955 1808 4015 erant,
1833 3955 1892 4000 et
1918 3942 1977 4000 in
2004 3962 2207 4002 eorum
2231 3942 2388 4003 bona

350 4043 663 4104 creditores
704 4062 777 4101 ex
812 4040 1003 4100 edicto
1044 4040 1310 4119 praetoris
1356 4040 1761 4113 mittebantur3
1812 4060 1997 4119 eaque
2032 4040 2082 4099 si
2123 4060 2230 4118 per
2264 4039 2390 4098 dies

353 4163 459 4201 xxx
495 4159 761 4221 possessa
797 4153 1012 4215 essent,
1055 4140 1138 4199 eis
1173 4138 1613 4199 addicebantur.
1664 4140 1901 4200 Naevius
1941 4139 2124 4218 igitur
2167 4137 2393 4210 Quintii

2104 4260 2157 4303 1.
