3044 4788
722 435 1104 503 oRATlo
1154 438 1359 505 pao
1408 434 1929 503 sfnoscm.
2260 453 2391 523 ηρ

268 557 739 653 quaestionem
764 582 781 622 ε
813 569 894 624 tu
918 578 1225 653 semper,
1244 562 1321 628 T.
1339 558 1577 643 Rosci,
1597 555 1961 627 recusasti.
1985 553 2247 643 Quaero
2269 550 2402 620 abs

269 681 360 750 te,
374 668 539 751 iine,
553 665 689 761 qui
710 663 1197 767 postulabant,
1212 664 1494 763 indigni
1510 679 1736 751 erant,
1752 666 1881 761 qui
1896 661 2395 760 impetrarent?

256 777 365 842 An
413 776 595 845 iste²
633 797 786 842 non
825 774 1363 863 commovebat,
1393 799 1529 873 pro
1561 799 1711 871 quo
1742 771 2248 872 postulabant?
2280 774 2393 839 An

256 908 366 953 res
415 886 578 982 ipsa
611 881 743 954 tibi
795 885 1044 980 iniqua
1092 883 1518 957 videbatur?
1549 882 2017 956 Postulabant
2060 881 2392 951 homines

253 992 688 1064 nobilissimi
709 1008 926 1091 atque
952 998 1395 1091 integerrimi
1419 1010 1682 1066 nostrae
1702 996 2028 1078 civitatiS,
2040 1015 2228 1089 quos
2240 991 2389 1085 jam

252 1117 466 1174 antea
498 1106 904 1190 nominavi;
944 1109 1073 1201 qui
1111 1109 1211 1176 ita
1247 1109 1620 1190 vixerunt,
1670 1106 1988 1201 talesque
2024 1127 2067 1173 a
2110 1099 2388 1199 populo

252 1237 560 1284 romano
601 1227 975 1311 putantur,
1010 1229 1120 1302 ut,
1165 1212 1528 1312 quidquid
1559 1212 1918 1300 dicerent,
1951 1221 2168 1283 nemo
2204 1222 2393 1280 esset

254 1326 380 1418 qui
431 1348 584 1394 non
632 1348 924 1420 aequum
960 1339 1264 1421 putaret.
1309 1323 1779 1396 Postulabant
1811 1336 2051 1393 autem
2093 1343 2229 1418 pro
2262 1318 2392 1387 ho-

257 1434 454 1501 mine
496 1435 900 1503 miserrimo
927 1448 1146 1531 atque
1174 1433 1669 1505 infelicissimo
1690 1487 1710 1520 ,
1742 1435 1873 1529 qui
1905 1432 2017 1501 vel
2051 1433 2204 1527 ipse
2236 1454 2389 1498 sese

258 1542 337 1608 in
367 1544 762 1610 cruciatum
793 1541 945 1612 dari
981 1560 1279 1641 cuperet
1299 1598 1318 1632 ,
1349 1544 1525 1615 dum
1558 1543 1650 1614 de
1676 1545 1900 1640 patris
1928 1554 2158 1611 morte
2189 1563 2387 1636 quae-

264 1662 567 1719 reretur.
609 1655 741 1720 Res
771 1675 993 1748 porro
1036 1651 1164 1723 abs
1212 1669 1280 1723 te
1332 1652 1688 1748 ejusmodi
1739 1648 2263 1750 postulabatur,
2308 1661 2388 1716 ut

264 1756 445 1826 nihil
473 1761 841 1830 interesset
862 1814 881 1845 ,
914 1776 1162 1831 utrum
1190 1786 1347 1832 eam
1382 1786 1533 1832 rem
1562 1784 1956 1846 recusareS,
1986 1783 2077 1829 an
2112 1756 2203 1827 de
2240 1779 2385 1825 ma·

257 1865 491 1938 leficio
529 1867 972 1962 confiterere.

337 1981 517 2068 Quae
551 2003 781 2076 quum
816 1983 913 2049 ita
935 1984 1081 2050 sint
1103 2035 1122 2068 ,
1153 2004 1401 2076 quaero
1432 1980 1561 2051 abs
1594 1996 1663 2051 te
1682 2035 1701 2068 ,
1731 2004 1948 2078 quam
1976 1979 2073 2050 ob
2099 2001 2383 2058 causam

255 2091 624 2159 recusatis.
657 2093 906 2180 Quum
942 2088 1298 2160 occiditur
1334 2094 1488 2161 Sex.
1518 2094 1820 2160 Roscius
1846 2144 1865 2176 ,
1911 2087 2179 2159 ibidem
2227 2085 2381 2157 fue-

253 2213 441 2267 runt.
469 2204 730 2269 Servos
756 2202 975 2296 ipsos,
999 2197 1199 2295 quod
1230 2197 1321 2268 ad
1352 2224 1466 2269 me
1495 2202 1788 2284 attinet,
1819 2224 2056 2295 neque
2087 2192 2381 2292 argu0³‚

253 2331 489 2405 neque
517 2332 756 2406 purgo
787 2334 801 2376 :
833 2308 1033 2405 quod
1067 2333 1106 2378 a
1143 2307 1351 2378 vobis
1383 2308 1520 2378 hoc
1556 2312 1859 2406 pugnari
1888 2307 2101 2377 video
2125 2359 2143 2391 ,
2179 2331 2268 2376 ne
2300 2307 2375 2373 in

252 2421 726 2512 quaestionem
755 2417 1044 2504 dentur,
1071 2421 1549 2515 suspiciosum
1584 2433 1730 2505 est;
1757 2417 1955 2514 quod
1988 2441 2160 2487 vero
2183 2415 2377 2513 apud

251 2551 378 2596 vos
407 2531 607 2623 ipsos
636 2530 711 2596 in
753 2527 1029 2597 honore
1065 2542 1268 2597 tanto
1301 2541 1510 2615 sunt,
1552 2525 1878 2625 profecto
1916 2549 2205 2595 necesse
2238 2538 2381 2608 est,

249 2640 477 2708 sciant
499 2637 802 2735 aliquid,
824 2638 1026 2735 quod
1053 2642 1110 2708 si
1137 2637 1474 2723 dixerint,
1505 2641 1995 2734 perniciosum
2022 2633 2230 2703 vobis
2261 2632 2376 2703 fu-

252 2762 494 2816 turum
534 2751 647 2818 sit.
689 2753 771 2818 In
820 2746 1204 2819 dominos4
1238 2752 1459 2844 quaeri
1497 2746 1590 2817 de
1630 2750 1850 2818 servis
1880 2748 2218 2842 iniquum
2249 2758 2375 2813 est.

247 2861 454 2926 Anne
493 2855 936 2953 quaeritur-¹³?
978 2861 1132 2928 Sex.
1187 2861 1380 2927 enim
1416 2861 1719 2928 Roscius
1751 2880 1917 2925 reus
1950 2870 2076 2925 est.
2124 2858 2376 2949 Neque

247 2969 444 3035 enim
463 3020 482 3051 ,
510 2990 736 3061 quum
765 2966 855 3036 de
882 2966 1023 3035 hoc
1055 2964 1470 3062 quaeritur⁶‚
1497 2991 1626 3036 vos
1656 2966 2029 3041 dominos?
2076 2990 2229 3036 esse
2271 2963 2375 3034 di-

246 3077 429 3145 citis.
466 3080 650 3146 Cum
676 3074 1148 3171 Chrysogono
1180 3090 1370 3146 sunt.
1408 3083 1513 3148 Ita
1537 3130 1557 3162 ,
1590 3074 1838 3160 cred0,
1872 3075 2094 3145 literis
2120 3098 2373 3145 eorum

245 3199 317 3254 et
357 3183 764 3255 urbanitate
808 3184 1322 3281 Chrysogonus
1349 3184 1663 3271 ducitur,
1688 3200 1773 3256 ut
1801 3188 1989 3255 inter
2016 3208 2186 3255 suos
2224 3206 2376 3252 orn·

310 3386 366 3420 2.
405 3373 522 3419 Iste.
562 3373 615 3419 S.
654 3372 889 3429 Roscius,
927 3387 1071 3434 quem
1112 3370 1266 3436 digito
1357 3372 1609 3420 dominnm
1633 3388 1738 3420 esse
1768 3371 1988 3435 negatis:
2033 3385 2120 3416 vos
2146 3385 2263 3416 vero
2292 3370 2374 3418 do-

237 3449 441 3499 indie-t.
463 3449 655 3513 Legunt
672 3450 866 3512 quidam
887 3450 926 3497 is
941 3461 1002 3498 te.
1354 3451 1474 3497 mini
1500 3466 1672 3498 eorum
1694 3450 1861 3497 haberi
1880 3464 1983 3496 non
2001 3447 2181 3507 vulti„
2211 3447 2373 3497 domi-

308 3532 362 3578 3.
401 3531 596 3593 Argue.
633 3529 804 3577 Puniri
840 3530 972 3589 juste
1010 3539 1233 3593 poterunt
1247 3565 1262 3589 ‚
1352 3544 1467 3577 num
1507 3545 1658 3576 unum
1687 3528 1848 3576 dicitis
1874 3528 2264 3593 Chrysogonum.

237 3608 403 3670 quod,
431 3606 637 3656 domino
664 3608 782 3671 ipsis
798 3608 1113 3671 prementibus
1132 3609 1264 3657 occi·
1421 3608 1470 3656 6.
1491 3609 1568 3655 De
1590 3608 1683 3656 Ιιοσ
1711 3606 1961 3670 quaritur.
1997 3607 2163 3667 Quum
2198 3608 2373 3670 quaeri·

237 3702 475 3751 no,opetn
489 3702 592 3733 non
610 3686 851 3734 tulissent.
867 3687 946 3735 Ad
959 3688 1072 3734 Div.
1084 3689 1171 3746 lv,
1189 3703 1260 3734 12.
1349 3698 1444 3745 tur,
1464 3688 1604 3748 cujus
1625 3686 1678 3733 in
1706 3696 1945 3751 potestate
1972 3686 2084 3733 nint.
2286 3740 2293 3745 Ι

305 3776 359 3821 4.
407 3768 471 3812 Iu
508 3763 748 3812 dominos.
785 3764 1016 3825 Obiectio
1049 3766 1259 3814 Roscio·
1422 3782 1470 3825 7.
1490 3764 1743 3812 Dominus.
1771 3767 1829 3812 In
1853 3764 2078 3812 dominos
2096 3776 2198 3811 non
2215 3767 2370 3827 quaeri

237 3859 371 3904 mm,
406 3859 505 3906 qua
526 3843 587 3890 de
613 3843 764 3891 servis
795 3844 848 3890 in
867 3843 1117 3904 dominos,
1144 3845 1195 3892 h.
1214 3863 1256 3892 e.
1347 3847 1413 3892 ait
1441 3845 1642 3903 Cicero,
1677 3844 1793 3908 qnia
1820 3845 1873 3891 in
1901 3860 2035 3892 reum
2063 3845 2271 3908 quaestio
2305 3844 2374 3892 in-

235 3923 285 3969 in
314 3939 369 3970 se
407 3932 460 3969 et
489 3922 544 3968 in
571 3922 952 3986 Chrysogonum
983 3924 1134 3986 qnaeri
1166 3925 1260 3970 ini·
1350 3924 1581 3982 sumitur,
1609 3924 1788 3971 nonin
1806 3934 2136 3971 sectatores:
2162 3924 2296 3986 atqui
2317 3925 2370 3969 in

234 4016 384 4063 quum
424 4016 530 4048 esse
557 4001 878 4048 contendunt.
1352 4005 1552 4050 Sextum
1572 4003 1725 4066 qum-i
1751 4018 1895 4066 quem
1927 4001 2178 4050 dominum
2203 4001 2369 4048 Roscii

304 4082 352 4127 5.
381 4081 531 4126 Anne
563 4079 832 4142 quaeritur?
847 4080 1058 4128 Suband.
1088 4081 1139 4127 in
1175 4080 1262 4125 do·
1354 4097 1453 4128 non
1501 4081 1732 4129 dicerent.
1774 4082 1946 4143 Neque
1993 4096 2106 4127 sane
2143 4080 2183 4126 si
2216 4079 2371 4126 domi·

238 4159 411 4206 unium.
433 4159 682 4219 Quaeritur
710 4160 837 4206 enim
861 4160 911 4208 in
936 4177 1097 4221 reum,
1121 4175 1265 4223 quem
1353 4177 1495 4218 num,
1524 4171 1580 4207 ut
1607 4161 1725 4208 olim
1754 4161 1906 4207 fuerat
1918 4178 1939 4216 ·,
1988 4158 2168 4206 vellent
2198 4158 2372 4220 fateri,
2394 4182 2402 4189 ·
