3044 4788
681 432 793 500 IN
844 431 1280 498 VERREM
1330 380 1695 514 ACTJ11,
1746 431 1929 498 LlB.
1966 431 2020 496 1.
2272 425 2400 496 331

298 556 452 627 lum
484 552 780 624 veniret.
820 554 982 622 Non
1016 553 1207 621 enim
1238 564 1481 646 potest
1507 549 1745 621 dicere
1781 578 1795 618 :
1845 553 2091 640 Quum
2128 547 2420 619 seditio·

298 687 473 736 nem
525 660 775 735 sedare
829 659 1083 733 vellem
1115 713 1134 744 ,
1182 683 1409 755 quum
1460 658 1904 730 frumentum
1947 659 2420 755 imperarem,

299 798 527 870 quum
583 767 1023 867 stipendium
1084 793 1446 865 cogerem,
1490 793 1722 865 quum
1774 767 2049 865 aliquid
2105 767 2420 863 denique

294 881 707 983 reipublicae
736 902 947 950 causa
975 902 1328 976 gererem3
1351 877 1554 975 quod
1578 879 1808 949 acrius
1836 877 2205 974 imperavi,
2224 873 2423 972 quod

295 990 800 1078 animadverti,
838 988 1039 1086 quod
1081 990 1396 1059 minatus
1438 1011 1624 1058 sum.
1664 992 1839 1079 Quae
1879 988 1939 1057 si
1972 986 2279 1071 diceret,
2327 999 2427 1055 ta-

294 1127 467 1173 men
502 1100 775 1197 ignosci
820 1123 968 1168 non
1015 1112 1424 1194 oporteret,
1466 1099 1528 1167 si
1572 1100 1787 1167 nimis
1823 1098 2161 1167 atrociter
2204 1097 2422 1192 impe-

296 1209 529 1282 rando
547 1210 756 1281 sociis
772 1263 791 1296 ,
819 1211 896 1278 in
920 1222 1201 1278 tanturn
1225 1205 1580 1278 adductus
1609 1207 2006 1305 periculum
2037 1204 2423 1276 videretur.

393 1322 719 1391 XXVIII.
778 1321 986 1390 Nunc
1030 1342 1257 1415 quum
1302 1320 1457 1414 ipse
1497 1341 1783 1387 causam
1831 1315 2022 1386 illius
2073 1315 2424 1388 tumultus

300 1453 541 1531 neque
569 1453 808 1499 veram
840 1426 1075 1498 dicere
1098 1481 1117 1514 ,
1141 1453 1380 1524 neque
1406 1425 1654 1498 falsam
1683 1426 2101 1524 confingere
2128 1426 2424 1511 audeat3

304 1542 531 1611 homo
570 1554 808 1610 autem
832 1550 851 1582 ¹
895 1536 1168 1609 ordinis
1205 1540 1316 1608 sui
1359 1535 1913 1634 frugalissimuS,
1955 1537 2082 1632 qui
2120 1550 2272 1606 tum
2305 1560 2422 1605 ac-

306 1660 611 1722 census²
656 1654 732 1721 C.
788 1650 1060 1721 Neroni
1121 1647 1294 1732 fuit,
1340 1651 1413 1716 P.
1459 1650 1739 1718 Tettius
1770 1701 1789 1732 ,
1846 1646 2001 1716 haec
2054 1644 2303 1716 eadem
2351 1669 2427 1715 se

305 1762 676 1856 Lampsaci
711 1782 1056 1855 cognosse
1091 1756 1390 1845 dixerit3
1437 1759 1543 1827 vir
1583 1755 1922 1826 omnibus
1956 1755 2177 1826 rebus
2220 1779 2428 1825 orna-

307 1870 619 1941 tissimus
660 1873 736 1940 C.
768 1874 1019 1952 Varr0,
1056 1868 1185 1964 qui
1227 1881 1381 1936 tum
1422 1867 1497 1935 in
1532 1868 1693 1936 Asia
1734 1865 2074 1936 tribunus
2121 1864 2425 1934 militum

306 1977 478 2062 fuit,
519 1976 670 2047 haec
707 1976 956 2047 eadem
994 1977 1148 2074 ipsa
1185 2000 1260 2046 se
1296 2001 1386 2047 ex
1413 1975 1836 2046 Philodamo
1878 1974 2156 2047 audisse
2202 1974 2423 2045 dicat:

304 2088 602 2184 potestis
625 2084 991 2173 dubitare,
1028 2086 1209 2181 quin
1243 2085 1462 2156 istum
1492 2084 1784 2155 fortuna
1822 2109 1970 2154 non
2006 2098 2151 2153 tam
2189 2110 2277 2155 ex
2304 2083 2427 2153 illo

305 2195 628 2295 periculo
661 2196 938 2291 eripere
966 2193 1307 2279 voluerit,
1346 2219 1564 2291 quam
1600 2195 1690 2265 ad
1721 2209 2039 2265 vestrum
2074 2194 2427 2288 judicium

304 2306 708 2380 reservare?
738 2307 889 2377 Nisi
915 2330 1088 2376 vero
1117 2304 1295 2376 illud
1319 2305 1539 2393 dicet,
1577 2304 1778 2402 quod
1812 2319 1884 2375 et
1914 2307 1987 2374 in
2019 2305 2430 2375 testimonio

306 2419 557 2502 Tettii,
585 2420 825 2514 priore
853 2418 1134 2488 actione
1158 2471 1177 2502 ,
1215 2416 1701 2515 interpellavit
1721 2414 1750 2458 ³
1781 2417 2206 2486 Hortensius
2233 2419 2430 2512 (quo

308 2531 685 2623 tempore‘·
722 2525 1015 2622 quidem
1046 2528 1234 2624 signi
1269 2528 1436 2597 satis
1462 2525 1693 2612 dedit,
1718 2526 1774 2596 si
1804 2526 1982 2621 quid
2003 2539 2209 2611 esset,
2230 2525 2432 2623 quod

380 2735 625 2784 xxvnl.
658 2745 705 2781 1.
738 2731 948 2780 ordinis.
986 2733 1321 2790 Libertorum3

311 2831 424 2861 nam
455 2828 767 2860 accensorum
791 2828 967 2859 munus
992 2813 1178 2860 libertis
1196 2813 1324 2860 defe-

310 2893 534 2940 rebatur:
570 2891 772 2940 libertus
797 2903 958 2939 autem
982 2904 1082 2938 erat
1100 2894 1289 2940 Tettius
1310 2905 1322 2938 :

311 2984 361 3022 et
407 2975 591 3037 optime
616 2970 934 3035 frugalitatis
978 2988 1017 3021 s.
1065 2972 1325 3036 probitatis

309 3054 415 3101 laus
436 3053 553 3100 huic
581 3052 873 3102 decernitur.

385 3149 433 3179 ⁴2.
468 3134 726 3179 Ace-emus.
748 3131 877 3178 Olim
901 3131 950 3177 in
980 3129 1149 3177 militia
1174 3145 1329 3177 roma-

311 3228 374 3259 na
400 3210 594 3258 accensi
623 3226 773 3273 genus
808 3222 946 3258 erant
978 3209 1214 3267 militum,
1243 3209 1331 3270 qui

313 3291 551 3338 defectum
578 3290 827 3352 legionum
854 3288 1157 3352 supplerent.
1186 3288 1330 3334 Dice·

308 3369 489 3417 bantur
520 3368 620 3415 alio·
663 3370 858 3414 nomine
891 3365 1200 3430 adscre'pticii.
1236 3366 1331 3414 Sed

311 3448 561 3496 Ciceronis
597 3457 816 3509 ternpore
857 3445 1053 3493 accensi
1089 3445 1330 3491 ministra·

311 3539 447 3575 tores
479 3526 733 3574 consulum
771 3535 822 3572 et
859 3537 1126 3589 pratorum
1164 3534 1329 3583 erant,

313 3617 365 3654 et
389 3605 450 3651 ab
478 3603 707 3650 acciendo
745 3603 902 3651 dictos
929 3616 1067 3668 putat
1086 3609 1243 3653 Varro
1271 3603 1331 3651 de

314 3684 455 3745 Ling.
484 3684 588 3729 Lat.
611 3683 682 3728 vl
703 3716 718 3742 ‚
761 3682 898 3745 qnod
935 3689 1179 3741 accirent,
1226 3684 1257 3731 i.
1287 3700 1329 3730 e.

313 3771 546 3810 vocarent
571 3759 635 3808 ad
661 3761 982 3823 magistratus.
1006 3763 1139 3824 Quin
1167 3773 1215 3810 et
1246 3763 1330 3810 de·

312 3841 539 3889 curiones
557 3849 605 3886 et
625 3840 931 3887 centuriones
952 3840 1193 3887 habebant
1217 3857 1329 3888 suos

311 3934 570 3974 accensos,
589 3927 643 3965 ut
671 3929 861 3966 constat
883 3935 943 3966 ex
962 3920 1196 3966 Varronis
1218 3919 1330 3966 loco

314 3999 443 4064 apud
492 3999 728 4045 Nonium.
765 3997 860 4045 Sed
895 3999 1137 4045 Asconius
1172 4008 1220 4045 et
1249 3999 1330 4045 alii

319 4079 454 4127 docti
476 4078 567 4125 viri
589 4077 899 4125 confundunt
916 4093 1140 4124 accensos
1161 4079 1330 4125 veteris

322 4154 529 4214 militiae,
556 4155 609 4203 in
627 4171 832 4218 quorum
852 4157 1012 4205 locum
1033 4168 1201 4220 postea
1219 4156 1332 4204 veli·

1414 2744 1483 2780 tes
1522 2744 1859 2780 successerunt
1878 2767 1893 2791 ‚
1924 2749 2036 2780 cum
2073 2732 2149 2780 his
2180 2732 2433 2781 consulum

1412 2823 1773 2876 praetorumque
1810 2811 2065 2868 ministris,
2097 2827 2248 2874 quum
2275 2822 2434 2858 tamen

1413 2893 1510 2939 sint
1552 2891 1892 2947 diversissimi,
1929 2901 1977 2937 et
2021 2890 2190 2937 iisdem
2234 2891 2436 2937 omnino

1414 2971 1595 3035 quibus
1615 2972 1932 3035 apparitores,
1951 2972 2217 3033 fungantur
2241 2968 2434 3016 officiis.

1417 3049 1568 3112 Quod
1590 3061 1753 3114 aperte
1780 3050 2078 3098 demonstrat
2101 3048 2351 3096 Ciceronis
2369 3048 2436 3095 lo-

1418 3145 1503 3176 cus
1531 3130 1594 3177 sd
1618 3130 1788 3192 Quint.
1809 3134 1888 3177 Fr.
1911 3132 1933 3175 Ι
1947 3164 1960 3186 ,
1994 3143 2012 3174 1
2033 3142 2044 3174 :
2073 3130 2355 3176 «Accensus
2372 3128 2436 3174 sit

1417 3225 1478 3256 eo
1500 3210 1644 3258 etiam
1664 3225 1993 3272 numero‚quo
2005 3224 2118 3256 eum
2136 3209 2339 3267 majores
2353 3223 2439 3254 no-

1417 3288 1505 3335 stri
1522 3304 1625 3335 esse
1645 3287 1923 3350 voluerunt,
1944 3288 2029 3350 qui
2049 3288 2142 3334 hoc
2161 3302 2260 3334 non
2281 3287 2334 3333 in
2352 3286 2437 3335 be·

1419 3364 1581 3414 neficii
1599 3366 1712 3414 loco
1725 3401 1739 3424 ‚
1760 3366 1848 3413 sed
1869 3367 1917 3413 in
1940 3366 2119 3414 laboris
2138 3377 2188 3412 et
2207 3365 2436 3421 muneris,

1418 3461 1521 3492 non
1563 3456 1738 3493 temere
1773 3447 1867 3492 nisi
1905 3444 2088 3492 libertis
2125 3445 2225 3491 suis
2259 3445 2435 3492 desere·

1417 3523 1562 3582 bant,
1597 3524 1775 3588 quibus
1804 3525 1875 3571 illi
1907 3540 2006 3571 non
2042 3524 2198 3572 multo
2221 3541 2359 3572 secus
2380 3541 2438 3572 ac

1418 3604 1570 3649 servis
1584 3603 1885 3666 imperabant
1894 3603 2051 3651 ».vid.
2072 3603 2267 3652 Salmas.
2291 3602 2350 3651 de
2369 3606 2440 3652 Re

1418 3682 1563 3729 milit.
1591 3684 1737 3730 Rom.
1779 3690 1856 3736 ¹4-
1897 3684 2066 3745 Sigon.
2098 3683 2158 3730 de
2185 3686 2306 3731 Jure
2339 3683 2436 3730 civ.

1419 3757 1565 3807 Rom.
1581 3763 1628 3807 11
1644 3793 1659 3819 ‚
1687 3777 1706 3806 ι
1719 3761 1765 3808 5.
1784 3761 1957 3808 Rosin.
1975 3764 2214 3823 Ant.V11,
2237 3763 2324 3819 48,
2346 3773 2439 3810 etc.

1492 3839 1541 3886 3.
1592 3840 1933 3904 Interpellavit.
1975 3841 2336 3906 Interpellando
2393 3853 2442 3889 et

1418 3919 1754 3983 redarguendo
1767 3920 1914 3967 Tettii
1928 3921 2274 3980 testimonium,
2288 3920 2439 3968 dixit:

1421 3998 1545 4046 adeo
1594 3999 1764 4046 maiam
1824 4000 1968 4046 fuisse
2007 3999 2277 4046 Philodami
2328 4015 2443 4047 cnu-

1421 4094 1521 4125 sam
1537 4112 1550 4134 ,
1581 4089 1633 4126 ut
1654 4094 1679 4124 ι
1700 4081 1755 4127 C.
1774 4078 1968 4127 Nerone
1993 4079 2058 4125 sit
2079 4078 2346 4125 damnatus.

1499 4166 1542 4212 4.
1577 4157 1682 4219 Quo
1712 4169 1939 4220 tempore.
1958 4159 2098 4204 Tunc
2131 4168 2289 4204 autem
2326 4159 2438 4204 satis
