3044 4788
608 383 1064 407 Mnus-mmmm
1070 383 1894 414 mmmmmmmmns

2445 403 2727 426 mmm

1175 553 2190 747 EXCURSUS

1310 883 1434 948 DE
1492 883 2036 953 PROVINCIIS.

698 1095 902 1178 Quum
932 1089 1071 1184 lege
1099 1079 1531 1159 vetustissima
1568 1094 1768 1159 annui
1805 1107 2021 1156 essent
2050 1091 2272 1154 Romae
2304 1093 2742 1181 magistratus,

605 1224 822 1265 annua
854 1224 1119 1289 quoque
1147 1201 1628 1289 provinciarum
1665 1197 2139 1264 administratio
2172 1214 2338 1274 erat,
2359 1221 2503 1286 quae
2529 1223 2565 1263 a
2590 1203 2742 1266 solis

605 1305 1088 1397 magistratibus
1125 1307 1260 1396 regi
1299 1303 1635 1395 poterant3
1681 1303 1881 1390 idque
1910 1302 2061 1365 satis
2087 1300 2505 1367 manifestum
2540 1322 2638 1369 est
2665 1330 2745 1371 ex

603 1413 910 1476 omnibus
949 1413 1251 1476 historiis.
1283 1412 1532 1474 Verum
1565 1407 1745 1472 bellis
1780 1405 2073 1493 undique
2106 1407 2527 1495 urgentibus,
2548 1412 2740 1499 coepti

600 1536 753 1584 sunt
785 1520 1116 1600 consules»,
1166 1534 1232 1580 et
1272 1531 1579 1604 praetores
1610 1515 1679 1577 in
1716 1513 2064 1602 provinciis
2110 1513 2376 1577 retineri
2426 1533 2576 1603 post
2611 1518 2740 1580 ela-

598 1648 788 1713 psum
831 1645 1079 1688 annum
1119 1623 1222 1686 sui
1260 1621 1706 1709 magistratus,
1754 1635 1818 1682 et
1845 1667 1862 1700 ,
1912 1636 2267 1708 prorogato
2305 1620 2613 1708 imperio,
2646 1623 2741 1686 illi

594 1731 1053 1819 proconsules,
1099 1728 1167 1791 hi
1204 1719 1634 1815 propraetores
1671 1725 1805 1788 fere
1846 1723 2271 1824 dicebantur.⁴
2295 1726 2498 1808 Quod
2530 1750 2738 1815 quum

595 1852 762 1900 esset
812 1851 990 1899 extra
1044 1830 1377 1912 ordinem,
1449 1846 1684 1919 praeter
1745 1846 2005 1893 senatus
2070 1828 2444 1908 decretum,
2509 1835 2737 1921 populi

597 1942 789 2005 etiam
823 1937 1072 2026 rogatio
1106 1936 1462 2000 necessaria
1493 1953 1663 2012 erat,
1697 1951 1773 1998 ut
1803 1933 2084 2022 cuipiam
2115 1953 2577 2024 prorogaretur
2611 1940 2736 2001 im-

599 2046 856 2134 perium
903 2043 971 2104 in
1015 2041 1379 2128 provincia,
1416 2056 1579 2104 teste
1618 2040 1831 2103 Dione
1863 2040 1977 2104 lib.
2000 2040 2314 2122 XXXVI,
2357 2059 2422 2106 et
2456 2045 2735 2108 Asconio

601 2151 682 2214 ad
708 2147 1071 2212 orationem
1105 2168 1226 2233 pro
1262 2148 1333 2209 C.
1355 2148 1695 2210 Cornelio:
1729 2146 1841 2233 qui
1871 2144 2134 2227 dicunt,
2163 2147 2428 2235 antiqua
2459 2172 2740 2214 consue·

602 2253 831 2318 tudine
865 2266 1201 2338 receptum
1236 2250 1471 2331 fuisse,
1505 2267 1581 2313 ut
1616 2274 1694 2314 ex
1739 2252 1800 2314 S.
1844 2254 1912 2315 C.
1953 2252 2235 2340 populus
2271 2253 2547 2319 solveret
2578 2257 2737 2344 legi-

605 2362 763 2442 huS,
801 2359 930 2423 hoc
970 2375 1063 2423 est
1089 2409 1106 2443 ‚
1160 2356 1405 2447 aliquid
1431 2358 1835 2446 permitteret
1860 2375 2084 2423 contra
2108 2359 2325 2448 legum
2347 2363 2734 2452 praescripta.

603 2466 785 2531 Idem
824 2464 1016 2529 etiam
1054 2480 1306 2529 constat
1345 2488 1424 2529 ex
1459 2463 1642 2528 Livio
1682 2463 1977 2552 pluribus
2012 2462 2206 2546 locis,
2268 2483 2344 2530 ut
2385 2467 2496 2549 lib.
2533 2468 2733 2534 VIII:

604 2577 885 2638 «Actum
918 2593 1069 2634 cum
1107 2569 1384 2633 tribunis
1421 2586 1549 2652 est,
1590 2569 1671 2633 ad
1716 2571 2034 2658 populum
2083 2572 2362 2652 ferrent,
2420 2589 2497 2636 ut
2528 2598 2732 2662 quum

602 2680 680 2744 P.
704 2678 886 2742 Philo
913 2676 1254 2740 consulatu
1291 2675 1587 2757 abiisset,
1628 2677 1979 2764 proconsul
2017 2698 2154 2739 rem
2197 2696 2477 2766 gereret,
2518 2681 2733 2768 quoad

605 2784 995 2848 debellatum
1031 2804 1184 2844 cum
1219 2780 1454 2855 Graecis
1491 2797 1659 2844 esset
1682 2812 1726 2843 ιν.
1766 2780 1846 2843 Et
1876 2780 1986 2845 lib.
2014 2783 2110 2844 X:
2144 2813 2168 2838 ιι
2188 2785 2259 2848 L.
2280 2784 2634 2850 Volumnio
2657 2810 2733 2851 ex

605 2892 667 2953 S.
705 2891 777 2953 C.
819 2904 884 2951 et
923 2887 1083 2951 scito
1117 2887 1321 2973 plebis
1360 2903 1783 2975 prorogatum
1816 2887 1883 2949 in
1916 2910 2162 2950 annum
2195 2890 2540 2977 imperium
2574 2909 2670 2957 est
2686 2925 2731 2957 ι.

607 2995 746 3060 Lib.
780 2993 1060 3057 XXVII:
1092 2992 1332 3075 «Quod
1366 2994 1433 3057 in
1458 2995 1529 3057 L.
1550 2994 1855 3076 Veturio,
1889 2993 2059 3057 idem
2095 2996 2161 3057 in
2190 2996 2260 3059 C.
2289 2998 2733 3062 Aurunculeio

607 3103 940 3165 decretum
984 3098 1063 3162 ab
1101 3116 1367 3181 senatu,
1412 3092 1746 3187 latumque
1778 3098 1857 3163 ad
1891 3102 2211 3189 populum
2247 3119 2345 3166 est
2389 3101 2472 3166 de
2504 3126 2733 3191 proro-

604 3206 823 3296 gando
842 3205 1172 3293 imperio».
1198 3205 1284 3267 Et
1306 3207 1598 3291 quamvis
1629 3205 1739 3269 lib.
1765 3207 1990 3269 XXXI
2022 3205 2323 3271 dicantur
2345 3208 2563 3273 Patres
2591 3231 2737 3298 pro-

609 3336 862 3404 rogasse
903 3310 1250 3399 imperium
1279 3310 1357 3372 T.
1398 3310 1708 3394 Quinti03
1759 3311 1826 3375 id
1865 3336 1997 3375 non
2038 3314 2185 3394 jure
2229 3337 2350 3377 suo
2401 3315 2730 3398 fecerunt,

608 3419 721 3483 sed
758 3418 908 3506 quia
946 3438 1083 3479 rem
1122 3411 1295 3477 illam
1325 3410 1571 3478 tribuni
1602 3417 1690 3503 pl.
1709 3412 1955 3497 judicio
1986 3416 2255 3483 Patrum
2288 3422 2729 3508 permiserant.

606 3523 945 3602 Ceterum,
1001 3521 1168 3584 sicut
1220 3518 1289 3581 in
1341 3518 1725 3584 mandandis
1782 3521 2299 3587 extraordinariis
2348 3527 2731 3612 provinciis,

601 3626 682 3689 de
718 3625 954 3711 quibus
995 3625 1118 3687 alio
1151 3625 1297 3688 loco
1319 3673 1336 3706 ‚
1375 3627 1463 3688 ita
1495 3625 1562 3687 in
1597 3625 2010 3714 prorogando
2047 3627 2358 3716 imperi0‚
2409 3630 2570 3695 illud
2607 3632 2733 3696 sibi

599 3749 820 3822 postea
858 3747 1116 3795 senatus
1149 3732 1519 3820 usurpavit,
1563 3749 1638 3796 ut
1668 3732 1797 3795 hoo
1841 3733 2033 3797 etiam
2067 3752 2398 3822 praestaret
2431 3737 2570 3825 sine
2602 3740 2731 3803 ulla

598 3838 824 3927 populi
860 3836 1232 3925 rogatione3
1271 3837 1453 3925 quod
1485 3838 1705 3902 multis
1748 3840 2054 3928 exemplis
2101 3841 2487 3907 ostenditur.
2538 3844 2729 3932 Apud

600 3943 971 4009 Sallustium
1015 3942 1096 4006 de
1133 3944 1305 4007 Bello
1342 3946 1374 4010 J
1382 3967 1485 4031 ug.
1522 3942 1693 4007 «Sed
1724 3945 1941 4032 paullo
1982 3963 2131 4009 ante
2169 3963 2428 4012 senatus
2468 3948 2730 4013 Metello
