3044 4788
661 431 797 503 508
1296 437 1391 502 M.
1442 436 1519 501 T.
1575 400 2143 502 CICERole

655 556 1011 650 integras?
1043 553 1299 624 videtis
1346 568 1738 625 extremam
1773 566 2048 650 partem
2087 556 2435 635 nominis,
2474 553 2796 625 caudam

652 664 846 734 illam
892 669 1172 750 Verris,
1212 679 1579 761 tamquam
1640 667 1714 732 in
1778 662 1973 749 luto,
2032 661 2434 733 demersam
2487 686 2658 733 esse
2722 668 2792 732 in

651 773 910 845 litura?
935 780 1047 847 Sic
1076 772 1344 844 habent
1375 797 1449 844 se
1489 772 1752 843 tabula:
1772 828 1792 856 ,
1821 771 2125 867 judiceS‚
2151 785 2236 841 ut
2275 769 2550 842 videtiS.
2592 771 2785 861 Quid

653 889 1075 981 exspectatis
1104 885 1132 954 Ρ
1174 881 1352 978 quid
1384 885 1702 978 quaeritis
1738 880 2094 979 amplius?
2129 895 2210 950 tu
2244 882 2397 976 ipse
2419 935 2439 967 ,
2478 884 2782 967 Verres,

654 993 832 1090 quid
880 992 1125 1065 sedes?
1176 992 1353 1088 quid
1395 992 1745 1064 moraris?
1801 1016 1968 1062 nam
2011 1005 2135 1061 aut
2181 988 2522 1061 exhibeas
2569 989 2779 1060 nobis

653 1103 1103 1185 Verrutium,
1129 1125 1417 1172 necesse
1448 1116 1585 1191 est3
1614 1116 1741 1171 aut
1766 1116 1836 1171 te
1869 1125 2024 1172 esse
2041 1101 2458 1172 Verrutium
2489 1097 2774 1170 fateare.

749 1205 1168 1279 Laudantur
1193 1221 1213 1252 ¹
1253 1226 1578 1281 oratores
1608 1227 1922 1297 veteres,
1949 1211 2179 1280 Crassi
2208 1209 2310 1279 illi
2347 1223 2418 1279 et
2449 1212 2778 1289 Antonii.

654 1317 853 1416 quod
899 1320 1200 1390 crimina
1234 1319 1505 1391 diluere
1542 1319 1890 1405 dilucide,
1930 1320 2133 1417 quod
2163 1320 2452 1417 copiose
2484 1344 2776 1389 reorum

656 1454 901 1500 causas
943 1429 1330 1501 defendere
1369 1428 1721 1501 solebant.
1766 1431 2125 1500 Nimirum
2164 1428 2265 1498 illi
2300 1452 2451 1497 non
2485 1430 2778 1523 ingenio

655 1537 890 1608 solum
938 1538 1049 1609 his
1096 1540 1456 1636 patronis,
1496 1538 1621 1638 sed
1673 1537 1964 1610 fortuna
2009 1540 2223 1608 etiam
2272 1538 2778 1634 praestiterunt.

651 1651 883 1719 Nemo
936 1650 1127 1718 enim
1175 1663 1348 1719 tunc
1392 1650 1488 1718 ita
1537 1648 1919 1744 peccabat,
1967 1662 2049 1718 ut
2098 1646 2494 1719 defensioni
2539 1647 2781 1717 locum

651 1784 802 1829 non
839 1758 1281 1855 relinqueret
1311 1787 1328 1828 :
1359 1784 1578 1829 nemo
1616 1760 1711 1830 ita
1737 1758 2053 1847 vivebat,
2087 1773 2173 1828 ut
2208 1756 2406 1827 nulla
2433 1757 2595 1851 ejus
2623 1761 2783 1827 vitae

652 1894 814 1968 pars
855 1893 1150 1939 summae
1201 1868 1673 1966 turpitudinis
1715 1885 1901 1941 esset
1943 1893 2199 1966 expers
2238 1897 2252 1938 ε
2300 1891 2517 1938 nemo
2565 1869 2666 1937 ita
2710 1871 2780 1937 in

651 1977 1031 2050 manifesto
1086 1989 1433 2075 peccatu²
1486 1978 1893 2066 tenebatur,
1939 1994 2055 2064 ut,
2111 2003 2340 2074 quum
2395 1976 2788 2074 impudens

651 2087 902 2159 fuisset
945 2091 1021 2157 in
1074 2086 1299 2174 facto,
1350 2104 1506 2160 tum
1559 2090 2051 2187 impudentior
2097 2088 2491 2175 videretur,
2540 2090 2603 2157 si
2657 2114 2782 2157 ne-

647 2212 866 2294 garet.
903 2202 1116 2268 Nunc
1148 2222 1324 2270 vero
1349 2198 1528 2295 quid
1555 2198 1764 2270 faciat
1794 2196 2308 2272 Hortensius3?
2335 2200 2782 2269 avaritiaene⁴

642 2308 942 2378 crimina
970 2306 1389 2406 frugalitatis
1416 2309 1752 2381 laudibus
1787 2309 2262 2409 deprecetur?
2293 2313 2384 2379 At
2408 2308 2785 2379 bominem

643 2418 1267 2515 flagitiosissimum
1291 2476 1310 2508 ,
1356 2420 2020 2493 libidinosissimum
2044 2475 2064 2510 ,
2106 2420 2787 2517 nequissimumque

592 2611 599 2626 ⁸
641 2527 984 2601 defendit.
1050 2535 1158 2602 An
1202 2532 1292 2604 ab
1338 2531 1471 2603 hac
1505 2533 1661 2627 ejus
1704 2529 2031 2620 infamia,
2069 2531 2391 2627 nequitia
2414 2525 2468 2614 ⁵,
2506 2545 2788 2600 vestros

643 2642 922 2713 animos
977 2643 1051 2712 in
1107 2642 1313 2714 aliam
1371 2655 1687 2740 partem,
1739 2642 2184 2713 fortitudinis
2249 2664 2786 2712 commemora-

645 2751 880 2833 tione,
930 2750 1297 2822 traducat?
1352 2755 1442 2821 At
1484 2752 1708 2823 homo
1758 2754 2103 2840 inertior,
2146 2752 2514 2848 ignavior,
2558 2751 2788 2846 magis

645 2856 794 2928 vit-⁶
847 2861 1465 2951 intermulieres,
1520 2866 1806 2968 impura
1862 2863 2047 2933 iuter
2108 2863 2305 2932 viros
2363 2860 2789 2930 muliercula

646 2967 948 3066 proferri
987 2996 1138 3042 non
1172 2988 1432 3069 potest.
1487 2977 1581 3043 At
1626 2996 1863 3043 mores
1911 2968 2275 3043 commodi
2303 2982 2356 3038 7.
2398 2969 2580 3059 Quis
2627 2993 2797 3038 con·

645 3080 1053 3150 tumacior?
1095 3085 1257 3178 quis
1299 3081 1809 3154 inhumanior?
1846 3083 2010 3179 quis
2044 3078 2470 3178 superbior?
2498 3084 2591 3149 At
2635 3077 2790 3148 baec

720 3273 1003 3321 Lxxvtu.
1030 3290 1073 3322 ι.
1100 3275 1404 3324 Laudentur.
1424 3278 1495 3322 Ita
1516 3275 1667 3339 codd.
1756 3275 2044 3339 frugalitatis
2083 3272 2224 3320 laude
2270 3288 2500 3321 excusare
2540 3271 2790 3319 tentabit?

646 3352 776 3400 Male
811 3354 928 3401 Ern.
966 3352 1170 3412 schiitz,
1220 3353 1657 3402 «laudabantur...
1830 3354 1877 3402 5.
1913 3355 2093 3401 Forsan
2127 3351 2387 3416 legendum
2421 3350 2520 3397 «ab
2552 3350 2645 3397 bac
2674 3351 2784 3409 ejus

649 3431 861 3480 solerent
880 3454 923 3480 a.
948 3434 979 3480 J
985 3435 1067 3480 .·V.
1088 3436 1141 3480 L.
1756 3432 1924 3480 infami
1961 3431 2245 3495 nequitia»,
2282 3429 2553 3478 adnotante
2588 3428 2783 3478 Guliel-

714 3525 763 3557 π.
786 3514 1012 3558 Peccata.
1034 3511 1114 3559 Sic
1130 3513 1249 3560 Tiro
1274 3511 1377 3576 ipse
1395 3511 1666 3574 scripserat,
1755 3512 1855 3558 mio
1875 3527 1893 3573 ς
1949 3513 2315 3567 Hotomannus,
2366 3521 2537 3557 contra
2586 3520 2782 3556 ceteros

645 3599 765 3637 teste
792 3589 980 3647 Gellio,
1004 3593 1158 3654 xm,
1182 3608 1260 3654 19·
1282 3592 1335 3639 J.
1359 3592 1423 3639 V.
1451 3593 1505 3637 L.
1755 3592 1905 3639 libros
1923 3625 1938 3649 ,
1986 3590 2139 3638 edidit
2196 3612 2222 3630 a
2238 3589 2436 3636 infamia
2484 3588 2717 3651 nequitiae
2738 3610 2782 3633 ο.

722 3670 767 3715 3.
792 3667 966 3714 Faciat
991 3671 1285 3719 Hortensius.
1321 3672 1472 3730 Cujus
1496 3670 1667 3717 condi·
1756 3673 1804 3719 J.
1820 3672 1883 3719 V.
1906 3671 1964 3718 L.

652 3748 722 3796 tio
767 3747 927 3796 Crassi
981 3759 1028 3795 et
1069 3750 1275 3799 Antonii
1317 3751 1525 3796 fortunae
1569 3760 1667 3796 tam
1827 3749 1876 3796 6.
1900 3747 2057 3812 Magis
2077 3747 2174 3795 vir.
2196 3747 2383 3794 Notum
2409 3746 2538 3793 illud
2556 3748 2606 3793 in
2632 3748 2793 3796 Ceu-

651 3826 895 3874 distimilis
921 3839 993 3875 est
1017 3829 1070 3875 iu
1096 3846 1185 3888 eo,
1232 3843 1375 3891 quem
1411 3828 1629 3875 defendit
1646 3862 1662 3886 ,
1756 3846 1857 3877 rem
1875 3827 2101 3877 Curionis
2125 3827 2345 3875 dictum:
2375 3841 2524 3874 «eum
2552 3843 2656 3874 esse
2684 3842 2795 3873 om-

651 3906 845 3953 cliente.
868 3906 1000 3969 Quid
1029 3908 1206 3954 saciat?
1230 3922 1325 3970 qua
1343 3908 1529 3954 ratione
1547 3911 1665 3954 Ver·
1755 3912 1886 3956 nium
1923 3908 2182 3955 mulierum
2230 3908 2388 3953 virum
2412 3939 2426 3962 ,
2473 3917 2520 3953 et
2569 3907 2792 3953 omnium

656 4001 754 4032 rem
787 3984 1069 4033 defensurus
1103 3998 1204 4044 est,
1239 3986 1377 4044 cujus
1411 3986 1525 4033 vitae
1561 4002 1667 4048 pars
1758 3989 1971 4036 virorum
2006 3986 2309 4033 mulierem».

655 4064 784 4112 nulla
811 4080 1006 4112 summae
1032 4064 1349 4127 turpitudinis
1378 4076 1449 4112 est
1478 4080 1666 4129 expers.
1834 4084 1879 4126 7.
1907 4070 2067 4115 Mores
2093 4065 2354 4113 commodi.
2387 4067 2450 4110 At
2478 4063 2609 4110 euim
2629 4064 2671 4108 si
2692 4079 2798 4107 mn-

723 4151 772 4198 4.
800 4143 1047 4191 Avariciae.
1078 4146 1157 4192 A'n
1196 4142 1476 4206 cupiditatis
1514 4143 1667 4191 labem
1758 4146 1873 4193 licre
1915 4147 2176 4210 ignavior,
2226 4156 2371 4206 atque
2431 4143 2668 4204 impurior
2714 4151 2797 4188 est
