3044 4788
590 413 720 479 DE
771 399 1538 480 vEc‘rloALlnth
1592 386 1848 474 amp,
1898 418 2032 474 etc.
2238 391 2374 501 557·

246 556 536 599 summos
582 531 948 620 reipublicae
988 548 1171 594 casus
1219 527 1608 592 servabatur.
1656 527 1787 590 Liv.
1824 526 2104 608 XXVII,
2151 551 2252 592 ιο.
2297 531 2378 592 Εῑ

248 639 556 727 quoniam
580 686 597 719 ,
636 655 710 701 ut
737 636 1022 700 Raevard.
1059 635 1357 699 observat
1392 631 1473 697 de
1498 635 1768 697 Auctor.
1801 630 2103 720 prudent.
2138 654 2275 722 cap.
2312 659 2375 723 7,

249 745 484 833 duplex
519 760 655 807 erat
689 742 1143 822 manumissi0‚
1182 742 1378 805 altera
1405 739 1578 819 justa
1600 786 1619 820 ,
1639 761 1798 826 *quoe
1829 736 2146 820 vindicta,
2186 755 2378 804 testa·

248 866 511 929 mento,
571 871 804 930 censu3
852 849 1045 912 altera
1090 848 1319 926 latina,
1380 867 1525 932 quae
1575 845 1673 908 vel
1727 844 1897 908 inter
1943 844 2219 925 amicoS‚
2282 847 2380 910 vel

249 955 522 1019 convivii
567 953 999 1036 adhibitione,
1047 952 1148 1015 vel
1192 974 1309 1039 per
1348 950 1683 1040 epistolam
1721 948 1954 1032 fiebat,
1989 974 2025 1014 a
2061 950 2383 1040 vigesimae

247 1061 538 1150 vectigali
573 1061 899 1124 immunes
938 1074 1122 1122 erant
1158 1056 1359 1138 servi,
1399 1056 1513 1144 qui
1541 1057 1815 1138 justam,
1854 1080 1972 1122 seu
1993 1061 2341 1145 perfectam
2363 1108 2380 1141 ,

249 1168 291 1230 i.
326 1188 381 1230 e.
408 1167 512 1247 jus
542 1175 826 1251 rom'anae
867 1163 1136 1227 civitatis
1176 1185 1310 1226 non
1354 1162 1940 1250 consequebantur.
1984 1163 2162 1246 Quid
2207 1165 2381 1229 enim

250 1272 574 1336 solverent
607 1271 649 1333 li
674 1319 692 1352 ,
725 1269 839 1357 qui
875 1268 1165 1356 quotidie
1201 1291 1235 1331 a
1273 1267 1555 1331 dominis
1589 1267 1656 1331 in
1691 1268 2064 1332 servitutem
2095 1274 2382 1335 re'vo'cari

248 1374 596 1465 poterant?
628 1375 780 1438 Non
820 1374 1013 1438 etiam
1056 1373 1431 1462 exigebatur
1474 1372 1654 1437 istud
1700 1372 1781 1435 ab
1828 1372 1905 1437 iis
1951 1375 2144 1438 servis
2193 1377 2301 1463 qui
2346 1400 2383 1440 a
2466 1423 2470 1427 -

249 1481 591 1569 peregrino
632 1479 1276 1544 manumittebantur.

342 1586 512 1650 Huic
552 1586 843 1675 vectigali
881 1584 1248 1675 colligendo
1294 1583 1811 1675 praeficiebantur
1844 1584 2187 1675 publicani
2217 1588 2387 1652 ‘vice-

255 1690 528 1772 simarii,
571 1690 686 1777 qui
722 1712 801 1753 ex
834 1690 1000 1753 servi
1037 1689 1413 1753 manumissi
1457 1689 1879 1754 aestimatione
1910 1705 2160 1777 partem
2204 1713 2385 1757 suam

257 1794 381 1859 sibi
406 1794 800 1858 auferebant.
832 1794 1011 1858 Illam
1044 1795 1535 1859 aestimationem
1563 1792 1831 1857 definire
1869 1817 2005 1859 non
2039 1795 2128 1859 ita
2160 1820 2385 1884 prom·

255 1916 442 1987 ptum
478 1916 592 1964 est.
635 1900 965 1982 Variasse,
1013 1922 1135 1987 pro
1171 1900 1338 1963 servi
1380 1899 1759 1963 manumissi
1808 1900 2052 1987 pretio,
2102 1924 2238 1965 non
2286 1917 2385 1966 est

255 2005 436 2093 quod
469 2005 822 2071 dubitetur.

343 2114 670 2177 Hactenus
708 2112 984 2176 maxima
1021 2112 1246 2200 populi
1281 2112 1533 2175 romani
1562 2111 1892 2200 vectigalia
1925 2134 2124 2199 quam
2163 2113 2385 2198 potui·

258 2239 402 2281 mus
447 2217 730 2282 breviter
771 2232 834 2282 et
881 2232 1177 2280 accurate
1231 2216 1693 2281 recensuimus.
1728 2217 2092 2304 Supersunt
2133 2217 2387 2281 minuta

257 2321 550 2410 quaedam
587 2323 787 2387 verbo
819 2321 1223 2387 declaranda.

341 2429 636 2492 Primum
664 2428 945 2493 occurrit
976 2428 1167 2509 illud,
1197 2427 1378 2515 quod
1409 2451 1532 2515 pro
1565 2451 1730 2516 aqua
1759 2426 2183 2515 pendebatur.

349 2532 788 2619 Aquaeductus
817 2532 1062 2621 publici
1101 2537 1322 2596 Romae
1351 2533 1691 2597 constituti
1723 2549 1877 2596 sunt
1915 2556 2017 2597 an.
2038 2535 2116 2596 U.
2145 2535 2214 2597 C.
2236 2538 2386 2614 441.

257 2638 358 2700 Eo
377 2652 574 2720 ann0,
595 2658 728 2724 quo
747 2636 997 2724 Appius
1025 2636 1328 2702 Claudius
1348 2645 1582 2700 censor'
1602 2637 1771 2701 iriam
1798 2637 1879 2700 ab
1897 2637 2076 2701 Urbe
2100 2639 2387 2726 Capuam

258 2764 468 2830 usque
503 2741 812 2822 munivit,
846 2741 927 2804 ab
961 2764 1040 2805 eo
1077 2742 1308 2806 dictam
1339 2742 1652 2830 Appiam3
1682 2741 1853 2806 idem
1886 2765 2122 2830 aquam
2160 2742 2241 2806 ab
2278 2767 2390 2808 eo-

260 2848 408 2910 dem
442 2846 677 2911 dictani
705 2845 1038 2911 Claudiam
1063 2848 1309 2937 primus
1345 2847 1600 2911 induxit
1619 2897 1636 2930 ,
1661 2871 1866 2936 quum
1900 2864 2086 2914 antea
2112 2849 2387 2915 Romani

260 2954 444 3041 aquis
470 2945 791 3016 Tiberinis
817 2965 1102 3036 tantuni,
1135 2963 1247 3018 au't
1283 2954 1574 3018 fontibus
1602 2955 1893 3041 puteisve
1915 2956 2205 3020 contenti
2227 2957 2388 3020 fuis-

261 3075 424 3124 sent.
460 3061 748 3125 Vetitum
781 3074 995 3124 autem
1028 3059 1239 3148 primo
1276 3061 1402 3123 fuit
1435 3059 1698 3147 privatis
1732 3071 1914 3148 aquae
1946 3061 2220 3148 publicae
2247 3085 2391 3150 par-

262 3181 390 3229 tem
418 3165 697 3253 aliquam
728 3163 1088 3253 decerpere.
1125 3165 1348 3227 Front.
1374 3163 1455 3226 de
1491 3162 1854 3251 aquaeduct.
1890 3166 1985 3245 11,
2018 3187 2080 3252 p.
2125 3172 2273 3253 247.

350 3269 439 3329 At
480 3267 717 3330 sensim
759 3265 867 3345 jus
916 3287 1097 3351 aquae
1130 3263 1408 3351 publicae
1442 3264 1546 3329 vel
1580 3264 1718 3328 ruri
1757 3264 1823 3326 in
1875 3286 2063 3352 agros
2106 3265 2388 3352 privatos

264 3370 694 3453 deducendae,
736 3371 835 3434 vel
866 3372 1089 3435 Romae
1126 3371 1192 3433 in
1233 3368 1464 3433 domos
1493 3369 1771 3457 privatas
1808 3366 2204 3451 derivandae,
2240 3368 2391 3434 dato

263 3492 440 3539 certo
462 3475 790 3565 vectigali,
817 3475 1202 3563 permissum
1235 3490 1331 3537 est
1360 3497 1397 3536 a
1429 3472 1830 3554 censoribus,
1863 3490 1996 3554 aut,
2021 3497 2226 3561 quum
2249 3498 2393 3538 cen-

264 3603 442 3643 sores
463 3582 528 3644 in
551 3580 880 3669 republica
910 3603 1045 3643 non
1078 3594 1319 3661 essent,
1340 3579 1422 3642 ab
1449 3577 1759 3641 aedilibus.
1788 3580 1931 3642 Hoc
1957 3578 2394 3667 appellabatur

264 3685 529 3774 vectigal
562 3705 640 3750 ex
674 3685 1191 3774 aquaediictibus3
1239 3686 1374 3748 sive
1399 3685 1746 3748 hortorum
1764 3733 1783 3764 ,
1817 3707 1896 3748 eo
1928 3684 2107 3772 quod
2143 3686 2217 3749 iis
2247 3687 2392 3750 irri-

265 3788 491 3879 gandis
522 3814 687 3878 aqua
706 3788 1166 3872 deduceretur-3
1186 3791 1318 3854 sive
1333 3792 1584 3871 formae,
1604 3791 1697 3854 sic
1714 3791 1886 3856 enim
1907 3791 2392 3880 appellabantur

264 3895 547 3977 canales,
579 3907 697 3984 p‘er
728 3919 895 3985 quos
927 3918 1094 3983 aqua
1124 3919 1204 3960 ex
1239 3896 1501 3983 publico
1535 3897 1600 3959 in
1631 3897 2027 3984 privatorum
2060 3919 2247 3985 agros
2276 3897 2390 3961 de-

262 4001 603 4069 rivabatur.
639 4003 938 4067 Meminit
970 4001 1166 4082 hujus
1198 4003 1518 4093 vectigalis
1554 4003 1776 4089 Polyb.
1809 4003 1921 4068 lib.
1958 4004 2068 4066 vl.

357 4109 729 4173 Proximum
755 4109 910 4173 huic
938 4110 1224 4198 vectigali
1257 4127 1352 4173 est
1379 4108 1561 4189 illud,
1590 4107 1769 4194 quod
1787 4132 1908 4195 pro
1927 4109 2161 4173 cloacis
2184 4110 2393 4172 solve-
