3044 4788
641 466 783 546 402
1276 459 1373 526 M.
1426 456 1504 525 T.
1558 455 2146 525 CICERONIS

634 587 819 657 Sic¹⁰
837 608 879 655 3
907 579 1305 677 majoribus
1333 579 1482 648 suis
1512 590 1965 675 acceperant,
1987 589 2186 647 tanta
2215 573 2494 673 populi
2524 577 2820 644 romani

638 699 714 766 in
743 691 1022 766 Siculos
1053 714 1207 761 esse
1241 686 1632 773 beneficia,
1664 700 1750 758 ut
1777 688 1994 758 etiam
2029 685 2329 780 injurias
2363 699 2821 756 nostrorum

636 806 1018 875 hominum
1051 796 1516 897 perferendas
1550 812 1912 895 putarent.
1945 802 2031 868 In
2059 798 2443 869 neminem
2483 798 2824 867 civitates

628 931 798 987 aute
836 916 1033 983 hunc
1069 908 1566 979 testimonium
1601 907 1893 1005 publice
1915 918 1973 951 ¹¹
2005 906 2368 978 dixerunt.
2415 912 2658 976 Hunc
2693 904 2816 976 de·

634 1029 857 1122 nique
885 1025 1127 1119 ipsum
1149 1017 1618 1116 pertulissent
1639 1073 1660 1105 ,
1692 1020 1750 1089 si
1777 1018 2103 1090 humano
2131 1017 2352 1088 modo
2371 1071 2398 1103 ‚
2441 1019 2514 1088 si
2543 1019 2818 1087 usitato

632 1157 859 1216 more,
894 1132 954 1200 si
983 1128 1301 1225 denique
1339 1152 1491 1199 uno
1529 1127 1778 1226 aliquo
1807 1128 1884 1199 in
1917 1152 2182 1225 genere
2221 1142 2646 1226 peccasset.
2675 1123 2814 1197 Sed

635 1267 867 1342 quum
904 1236 1227 1338 perferre
1264 1263 1416 1310 non
1458 1253 1758 1336 possent
1793 1238 2193 1325 luxuriem,
2239 1237 2808 1317 crudelitatem,

632 1353 1034 1436 avaritiam,
1084 1349 1542 1448 superbiam,
1593 1374 1825 1446 quum
1874 1351 2119 1420 omnia
2168 1375 2298 1420 sua
2349 1346 2807 1428 commoda,

626 1467 814 1562 jura,
830 1457 1183 1532 beneficia
1205 1474 1495 1531 senatus
1510 1459 1914 1557 populique
1934 1462 2251 1546 romani,
2269 1464 2507 1531 unius
2532 1458 2803 1531 scelere

633 1599 716 1645 ac
744 1572 1042 1644 libidine
1076 1569 1562 1669 perdidissent
1593 1595 1609 1638 ε
1646 1569 1789 1641 hoc
1813 1584 2406 1657 statuerunt,aut
2445 1572 2676 1641 istius
2699 1569 2802 1637 in-

626 1686 851 1780 jurias
905 1707 1037 1781 per
1084 1706 1212 1753 vos
1255 1680 1501 1753 ulcisci
1547 1695 1621 1751 et
1664 1684 2044 1779 persequi;
2104 1695 2229 1751 aut
2281 1684 2340 1751 si
2400 1680 2636 1752 vobis
2692 1679 2794 1746 in-

631 1794 832 1893 digni
869 1808 1107 1866 essent
1136 1794 1312 1880 visi,
1348 1790 1621 1889 quibus
1660 1815 1874 1889 opem
1918 1790 2417 1889 auxiliumque
2466 1788 2795 1869 ferretis,

628 1905 852 1977 urbes
889 1928 973 1975 ac
1013 1900 1220 1973 sedes
1247 1926 1412 1973 suas
1444 1901 1898 1998 relinquere3
1931 1900 2544 1998 quandoquidem
2586 1918 2789 1995 agros

624 2018 771 2111 jam
806 2027 974 2085 ante
1004 2012 1206 2082 istius
1238 2011 1524 2105 injuriis
1558 2012 1891 2107 exagitati
1924 2011 2405 2107 reliquissent.

725 2130 847 2195 IV.
895 2127 1047 2191 Hoc
1090 2121 1393 2191 consilio
1444 2146 1486 2190 a
1522 2125 1604 2191 L.
1647 2120 1943 2192 Metello
1988 2121 2384 2217 legationes
2424 2124 2781 2191 universae

631 2234 1073 2332 petiverunt,
1092 2244 1177 2299 ut
1195 2254 1412 2327 quam
1432 2231 1748 2334 primum
1768 2233 1880 2302 isti
1900 2230 2351 2321 succederet3
2367 2231 2519 2302 hoc
2538 2230 2777 2301 animo

629 2342 844 2414 toties
892 2340 1088 2440 apud
1124 2356 1473 2439 patronos
1498 2353 1517 2385 ¹
1568 2341 1658 2414 de
1708 2343 1855 2414 suis
1907 2343 2210 2413 miseriis
2253 2340 2776 2440 deplorarunt3

634 2454 775 2524 hoc
803 2454 1153 2524 commoti
1180 2450 1433 2525 dolore
1451 2506 1471 2539 ,
1501 2452 1858 2551 postulata
1889 2452 2314 2525 consulibus
2333 2464 2391 2542 ²,
2425 2477 2597 2551 quae
2631 2469 2769 2519 non

627 2564 986 2663 postulata
1006 2617 1026 2649 ,
1064 2564 1191 2634 sed
1224 2567 1301 2633 in
1338 2564 1559 2634 istum
1589 2567 1890 2635 crimina
1924 2562 2349 2635 viderentur
2377 2588 2537 2634 esse
2565 2616 2586 2648 ,
2630 2556 2772 2629 edi-

629 2673 917 2747 derunt.
975 2679 1329 2744 Fecerunt
1370 2676 1626 2761 etiam,
1677 2689 1760 2744 ut
1807 2698 1961 2760 me,
2013 2673 2222 2770 cujus
2264 2672 2487 2744 fidem
2544 2668 2768 2744 conti-

628 2779 1133 2879 nentiamque³
1165 2799 1695 2880 cognoverant,
1735 2807 1967 2881 prope
2006 2782 2097 2856 de
2129 2787 2290 2855 vitae
2326 2808 2505 2856 meae
2526 2787 2556 2835 ⁴
2587 2792 2766 2854 stam

629 2893 886 2965 dolore
919 2917 1003 2963 ac
1036 2892 1368 2990 lacrymis
1403 2897 1551 2965 suis
1589 2892 2035 2965 deducerent
2057 2948 2077 2980 ,
2115 2909 2197 2964 ut
2227 2918 2362 2990 ego
2398 2895 2624 2966 istum
2660 2911 2762 2959 ac·

629 3026 992 3087 cusarem3
1020 3028 1063 3073 a
1090 3028 1240 3101 quo
1276 3027 1435 3074 mea
1459 3002 1872 3100 longissime
1909 3007 2096 3074 ratio
2128 3002 2620 3101 voluntasque
2645 2995 2760 3070 ab·

630 3112 974 3185 horrebat
994 3112 1484 3211 (quamquam
1511 3116 1588 3183 in
1610 3113 1745 3183 hac
1766 3137 1981 3184 causa
2007 3114 2239 3184 multo
2264 3112 2510 3210 plures
2538 3125 2764 3232 partes

629 3223 811 3297 mihi
863 3221 1350 3309 defensioniS,
1395 3244 1616 3318 quam
1661 3223 2181 3310 accusationiS,
2226 3226 2629 3321 suscepisse
2663 3219 2758 3288 vi-

708 3418 784 3449 to.
810 3401 904 3448 Sic.
929 3402 1133 3448 Hotom.
1150 3397 1452 3463 placebunt
1428 3396 1658 3446 «Scilicet
1746 3415 1831 3447 nes
1854 3398 2094 3454 audeant,
2117 3414 2286 3446 verum
2300 3400 2550 3464 postulata
2566 3408 2759 3448 tantum·

631 3481 763 3536 βίους
783 3479 994 3541 Ursino,
1016 3477 1151 3526 «Sed
1177 3480 1247 3525 sic
1263 3500 1303 3526 u.
1322 3477 1354 3524 J
1359 3477 1441 3525 Ν.
1460 3477 1512 3522 L.
1745 3478 1895 3526 modo
1921 3471 2173 3543 proservit
2191 3514 2207 3539 ,
2236 3494 2348 3542 qut
2376 3479 2534 3544 ipsius
2561 3471 2760 3530 veritatis

710 3576 727 3607 r
747 3575 763 3604 ι
776 3594 789 3607 .
823 3558 1031 3606 Publice.
1079 3560 1233 3605 Recte
1269 3555 1466 3620 quidem
1489 3569 1502 3602 ε
1544 3556 1658 3619 quin
1746 3559 1794 3603 vi
1812 3557 2144 3622 accusationes
2164 3572 2267 3605 esse
2294 3558 2564 3608 videantur.

630 3637 868 3700 Lepidus,
887 3635 1077 3700 legibus
1099 3645 1289 3682 tantum
1315 3634 1660 3696 interrogatus,
1818 3637 1846 3684 3
1859 3667 1872 3684 .
1887 3635 2260 3687 ambacu-eiam.
2276 3640 2336 3685 In
2355 3649 2597 3701 questura
2613 3645 2755 3700 φῦ,

627 3715 837 3764 necdum
864 3714 1009 3763 etiam
1037 3724 1247 3777 eoeperat
1270 3712 1504 3761 accusari.
1541 3716 1657 3761 Asc.
1745 3714 1984 3763 Peduceo
2011 3727 2238 3780 pretore,
2257 3717 2462 3782 Lilybaei
2489 3722 2706 3782 gesserat·

700 3797 787 3844 lv.
811 3810 855 3842 r.
874 3795 1130 3840 Patr-onos.
1148 3791 1429 3850 Marcellos,
1445 3791 1655 3851 scilicet,
1818 3802 1869 3849 4.
1890 3795 1966 3840 De
1981 3793 2103 3842 vieoe
2131 3811 2250 3843 meoe
2276 3807 2422 3845 statu.
2443 3798 2519 3845 De
2542 3801 2752 3862 perpe&¹¹²

626 3875 880 3939 Scipiones
906 3882 956 3919 et
985 3869 1239 3919 Metellos.
1746 3888 1850 3919 mea
1877 3872 2172 3921 defendendi
2197 3884 2247 3921 et
2275 3874 2519 3922 neminem
2544 3881 2753 3922 aecusat-

697 3971 746 4002 a.
767 3951 1026 4001 Posmlata
1043 3948 1335 3998 consulibus.
1356 3949 1590 4013 Pompeio
1609 3961 1659 3998 et
1745 3952 1798 3999 di
1824 3952 2198 4001 consuetudine.
2236 3953 2427 4014 Adjicit
2455 3970 2632 4018 prope,
2657 3944 2754 4013 «1⁰3⁸

628 4038 820 4084 Crasso.
847 4033 965 4081 Eam
986 4028 1190 4087 Siculis,
1217 4028 1293 4077 vel
1317 4029 1367 4076 iu
1399 4028 1550 4077 tantis
1577 4044 1658 4075 ca·
1747 4046 1909 4079 revera
1931 4046 2033 4079 non
2059 4042 2157 4080 tam
2174 4031 2342 4081 Verris
2358 4044 2612 4082 accusator
2627 4038 2747 4095 quam

622 4112 919 4164 lumitatibus
938 4109 1221 4159 modestiam
1235 4107 1444 4174 affingit,
1454 4119 1505 4157 ut
1519 4108 1654 4173 apud
1741 4112 1920 4160 Siciliae
1947 4122 2183 4176 patronus
2204 4123 2276 4162 est
2302 4130 2359 4163 ac
2383 4114 2628 4163 defensor.
2647 4103 2747 4157 Vid-

625 4195 852 4244 consules
870 4208 972 4241 non
990 4191 1164 4240 libem
1185 4189 1325 4239 edere
1344 4189 1653 4255 conquestio·
1741 4190 1853 4238 Div.
1884 4190 2077 4253 passim.
