3044 4788
962 449 1725 519 ARGUMENTUM.
2272 446 2408 518 285

434 579 627 637 Primo
666 578 845 655 igitur
881 578 1126 638 actionis
1165 577 1436 637 secundae
1466 577 1622 635 libro
1666 577 1780 635 tria
1820 576 2020 654 priora
2055 577 2246 656 capita
2275 598 2414 657 per-

359 689 694 734 tractantur.

436 780 520 832 Ac
546 775 797 851 primum
831 772 1066 850 quidem
1103 772 1292 850 agitur
1324 772 1398 830 de
1423 772 1548 849 ejus
1577 784 1867 849 quaestura
1892 772 1953 829 iu
1977 772 2186 831 Gallia.
2220 777 2414 846 Quum

354 872 509 929 enim
545 884 802 949 quaestor
845 890 919 929 ex
955 873 1106 931 SCto
1155 870 1517 949 provinciam
1571 870 1811 928 sortitus
1853 883 2000 928 esset
2033 872 2424 942 consularem,

351 966 701 1045 additusque
746 979 896 1025 esset
943 967 1168 1025 consuli
1210 971 1315 1025 Cn.
1362 967 1599 1045 Papirio
1650 965 1918 1049 Carboni⁸
1942 971 2014 1025 Δ.
2060 972 2134 1027 U.
2174 968 2240 1025 C.
2271 969 2424 1044 699,

353 1065 518 1122 venit
554 1064 616 1121 in
654 1063 900 1122 Galliam
938 1062 1012 1121 ad
1057 1062 1377 1121 exercitum
1419 1063 1786 1121 consularem
1826 1083 1958 1122 cum
2007 1064 2254 1142 pecunia
2299 1084 2420 1142 pu-

353 1160 528 1233 blica,
552 1180 746 1238 quam,
772 1160 963 1239 prima
996 1159 1300 1218 occasione
1328 1158 1487 1230 data,
1510 1159 1742 1232 avertit,
1758 1173 1816 1218 et
1842 1161 2167 1231 consulem,
2196 1160 2422 1219 exerci-

356 1270 478 1316 tum
493 1301 510 1327 ,
542 1270 760 1315 sortem
786 1256 1267 1335 provinciamque
1291 1255 1580 1327 deseruit;
1603 1256 1858 1315 rationes
1883 1258 2032 1316 male
2055 1256 2326 1315 reddidit.
2349 1262 2421 1316 Et

355 1367 559 1432 postea
577 1396 594 1424 ,
617 1371 800 1429 quum
828 1372 962 1411 eum
987 1357 1094 1411 Cn.
1117 1348 1418 1410 Dolabella
1437 1394 1457 1422 ,
1484 1355 1548 1410 C.
1570 1351 1847 1410 Malleolo
1870 1352 2085 1422 occiso,
2117 1373 2228 1431 pro
2261 1373 2426 1431 quae-

355 1464 515 1509 store
546 1448 827 1523 haberet,
862 1469 991 1526 quae
1036 1449 1228 1527 ipsum
1266 1446 1589 1525 gravabant
1616 1447 1858 1505 crimina
1885 1449 1946 1505 in
1969 1448 2131 1507 illum
2154 1450 2426 1521 contulit,

358 1559 419 1604 et
474 1546 537 1603 in
582 1565 717 1604 eum
759 1544 1216 1603 inimicissimum
1268 1557 1443 1621 atque
1492 1543 1986 1622 improbissimum
2033 1546 2464 1605 testimonium·

361 1643 542 1716 dixit,
578 1644 763 1701 13-16.

442 1740 711 1800 Secundo
738 1741 870 1799 loco
897 1740 1091 1817 agitur
1125 1739 1200 1798 de
1237 1739 1526 1816 legatione
1566 1738 1689 1816 ejus
1727 1738 1996 1798 Asiatica.
2037 1744 2232 1813 Quum
2272 1741 2426 1799 enim

362 1840 467 1896 Cn.
509 1837 826 1896 Dolabellae
871 1837 1173 1915 provincia
1215 1837 1417 1896 Cilicia
1459 1833 1798 1925 obtigisset,
1828 1842 2040 1895 Verres
2078 1838 2425 1915 legationem

361 1934 474 1993 sibi
517 1934 673 2014 apud
712 1954 846 1993 eum
885 1932 1259 2017 cupidissime
1291 1933 1664 2011 expugnavit.
1699 1938 1832 2008 Qua
1872 1934 1934 1991 in
1976 1934 2262 2012 legatione
2296 1955 2427 2013 quae

360 2032 513 2090 furta
546 2031 749 2090 fecerit
774 2032 835 2089 in
860 2030 1079 2090 Achaia
1095 2074 1113 2104 ,
1152 2029 1309 2098 Deli,
1354 2029 1416 2087 in
1442 2029 1580 2088 Asia
1607 2042 1897 2102 narratur,
1915 2017 1994 2102 '17
2013 2063 2043 2073 -
2059 2031 2156 2088 23.
2199 2032 2427 2091 Deinde

360 2148 491 2206 quae
528 2129 748 2187 fuerint
778 2128 902 2205 ejus
929 2127 1144 2206 flagitia
1173 2127 1235 2184 in
1266 2124 1607 2184 libidinibus
1649 2139 1708 2184 et
1742 2127 1962 2204 stupris
1990 2128 2334 2205 exponitur,
2367 2129 2428 2185 in

358 2227 563 2305 primis
584 2227 807 2304 insigne
838 2226 1060 2283 facinus
1086 2230 1568 2302 Lampsacenum.
1593 2228 1789 2297 Quum
1816 2224 1970 2283 enim
1997 2226 2299 2303 Lampsaci
2327 2225 2428 2283 de-

360 2326 628 2383 vertisset
655 2323 730 2382 ad
765 2322 1172 2383 Philodamum
1208 2322 1504 2380 hominem
1541 2320 1824 2393 nobilem,
1849 2322 1983 2379 filiae
2014 2322 2138 2400 ejus
2178 2323 2297 2381 vim
2332 2324 2428 2382 in—

363 2423 517 2489 ferre
545 2423 762 2495 voluit,
805 2436 863 2481 et
900 2441 1083 2500 quum
1119 2421 1496 2498 Lampsaceni
1536 2419 1884 2479 Philodamo
1915 2421 2154 2498 ejusque
2189 2422 2310 2480 filio
2347 2423 2427 2482 ita

363 2532 800 2591 succurrerent,
834 2533 901 2577 ut
918 2525 1128 2578 Verres
1162 2522 1283 2597 ipse
1318 2518 1418 2576 vix
1446 2518 1641 2576 salvus
1668 2517 1971 2588 evaderet,
2012 2537 2120 2596 per
2147 2517 2427 2578 Dolabel-

364 2615 483 2674 lam
515 2614 673 2693 apud
712 2619 779 2674 C.
813 2619 1107 2674 Neronem
1141 2615 1295 2673 Asiae
1335 2627 1648 2693 praetorem
1680 2613 1910 2686 effecit,
1961 2605 2027 2671 ut
2054 2613 2427 2676 Philodamus

365 2712 607 2791 ejusque
654 2714 804 2771 filius
854 2712 1298 2779 damnarentur,
1338 2723 1397 2769 et
1438 2711 1632 2769 securi
1673 2723 2145 2790 percuterentur,
2200 2714 2424 2780 24-33.

366 2811 646 2889 Sequitur
697 2810 950 2869 avaritiae
1002 2811 1334 2888 exemplum
1387 2807 1547 2888 apud
1602 2809 1895 2881 Milesios,
1950 2807 2164 2886 quibus
2215 2822 2431 2887 praeter

364 2908 554 2967 lanam
581 2907 877 2986 publicam
904 2906 1187 2980 ablatam,
1209 2907 1439 2985 iniquos
1461 2919 1727 2985 sumptus
1757 2908 1818 2964 in
1851 2906 2189 2979 adventum,
2217 2921 2430 2966 contu—

365 3005 566 3063 melias
601 3018 659 3063 et
691 3005 930 3082 injurias
969 3005 1029 3063 in
1061 3005 1455 3082 magistratum
1486 3005 1778 3063 Milesium
1797 3047 1814 3075 ,
1843 3024 2259 3082 myoparonem
2292 3006 2428 3084 pul-

367 3103 719 3161 cherrimum
751 3102 989 3162 abstuht
1019 3116 1078 3161 et
1107 3102 1401 3174 vendidit,
1432 3102 1505 3171 34
1524 3146 1541 3174 ,
1580 3102 1674 3160 35.
1704 3102 1868 3160 Idem
1896 3102 2005 3160 iste
2035 3122 2214 3180 quum
2242 3103 2302 3161 in
2333 3104 2426 3161 lo-

369 3220 501 3258 cum
542 3204 605 3259 C.
634 3201 896 3259 Malleoli
925 3199 1156 3259 comitis
1199 3220 1265 3258 ac
1312 3199 1526 3258 sodalis
1572 3199 1712 3271 sui„
1737 3198 1796 3256 in
1835 3200 2151 3276 quaestorio
2188 3220 2427 3258 munere

370 3297 762 3367 successisset,
807 3297 976 3356 simul
1018 3297 1230 3375 pupilli
1263 3297 1520 3355 Malleoli
1563 3307 1723 3353 tutor
1756 3296 1970 3368 factus,
2005 3296 2060 3353 in
2105 3295 2228 3372 ejus
2269 3294 2428 3356 bona

296 3449 304 3456 .
371 3394 764 3452 scelestissime
821 3395 1104 3474 impetum
1153 3394 1328 3464 fecit,
1382 3407 1441 3451 et
1494 3414 1676 3472 quum
1725 3395 1848 3453 11-s
1894 3394 2069 3451 vicies
2118 3395 2422 3472 quinquies

372 3491 651 3572 (512‚5oo
692 3493 785 3565 sr.)
839 3492 1130 3570 redegisse
1183 3504 1508 3563 constaret,
1562 3505 1627 3549 ut
1672 3494 1916 3550 Romam
1959 3489 2166 3564 rediit,
2207 3493 2425 3558 nullam

368 3587 621 3647 libellam
653 3589 911 3667 pupillo,
948 3589 1168 3648 nullam
1194 3588 1362 3646 matri
1385 3587 1542 3665 ejus,
1572 3588 1789 3646 unllam
1820 3587 2112 3647 tutoribus
2139 3588 2427 3663 reddidit,

373 3687 474 3758 36,
521 3687 617 3758 37.
657 3689 772 3743 Pro
817 3698 1107 3763 quaestore
1151 3703 1294 3744 vero
1335 3684 1602 3761 Lyciam,
1639 3684 2075 3763 Pamphyliam,
2116 3685 2421 3760 Pisidiam,

369 3783 793 3862 Phrygiamque
822 3783 1114 3841 frumento
1142 3780 1511 3861 imperando,
1541 3781 1903 3850 aestimando,
1927 3782 2167 3861 aliisque
2187 3785 2427 3843 rationi-

370 3879 479 3938 bus
502 3879 807 3958 pecuniam
831 3876 1120 3956 exigendo
1143 3880 1406 3952 vexavit,
1438 3878 1513 3935 38
1530 3922 1547 3950 ,
1575 3881 1669 3956 39.

448 3979 747 4034 Postremo
776 3975 906 4033 loco
942 3974 1186 4033 cri'mina
1220 3982 1455 4035 averte
1494 3975 1556 4033 in
1587 3988 1839 4054 praetura
1874 3975 2100 4035 urbana
2127 3977 2429 4035 commissa

372 4084 824 4150 pertractantur,
869 4071 971 4154 ubi
1016 4071 1266 4149 primum
1315 4071 1589 4144 docetur,
1640 4073 1826 4150 qualis
1872 4073 1933 4130 in
1977 4072 2168 4131 edicto
2209 4074 2430 4131 consti-

374 4169 595 4228 tuendo
627 4170 837 4244 suerit,
867 4169 1148 4249 exemplis
1179 4168 1504 4229 edictorum
1534 4169 1606 4227 de
1643 4170 1952 4228 mulierum
1986 4168 2430 4242 hereditatibus,
