3044 4788
651 461 786 528 DE
832 459 1344 528 PRAETORE
1394 457 2151 555 PROVINCIAM.
2327 452 2460 550 517

334 580 558 645 Graios
579 578 1115 644 honorificentius
1146 595 1275 661 est,
1296 602 1492 667 quam
1518 577 1695 667 apud
1721 582 2073 642 RomanoS.
2096 577 2260 642 Nam
2289 577 2470 667 apud

334 707 457 749 nos
498 708 756 762 revera,
814 686 981 749 sicut
1015 701 1169 749 sunt
1190 734 1207 766 ‚
1258 685 1636 749 mercenarii
1680 685 1905 749 scribae
1929 684 2464 765 existimantur».

333 791 584 856 Cornel.
618 792 782 879 Nep.
821 793 887 855 in
933 792 1125 855 Eum.
1162 813 1298 880 cap.
1331 815 1386 856 1.
1419 792 1496 855 In
1529 791 1658 862 hoc
1683 790 1955 878 Nepotis
1993 790 2139 853 loco
2172 788 2461 853 notanda
2544 824 2554 834 ν

333 896 468 961 duo
524 913 922 961 occurrunt}
973 894 1042 960 1⁰
1066 896 1244 961 Graii
1296 896 1425 977 illi,
1477 896 1653 984 apud
1703 918 1869 983 quos
1924 895 2464 961 honorificentius

329 1003 527 1066 fuisse
577 1003 666 1067 ait
710 1004 1068 1067 scribarum
1118 1023 1633 1093 munu5,*quam
1681 1001 1858 1090 apud
1908 996 2270 1082 Romanos,
2324 1024 2460 1066 non

329 1131 482 1172 sane
526 1111 794 1173 fuerunt
841 1108 1287 1172 Athenienses.
1355 1107 1700 1171 Declarant
1754 1108 2129 1195 scriptores,
2178 1129 2462 1195 quorum

330 1212 668 1278 adducunt
700 1214 1071 1277 testimonia
1102 1213 1273 1276 Sam.
1308 1212 1558 1276 Petitus
1595 1211 1677 1276 ad
1709 1213 1882 1300 leges
1918 1214 2112 1277 Attic.
2140 1236 2281 1301 pag.
2314 1212 2465 1300 257,

332 1317 495 1399 258,
548 1335 613 1382 et
653 1319 999 1406 Spanhem.
1045 1315 1125 1381 de
1177 1316 1499 1380 Numism.
1553 1316 1799 1381 dissert.
1843 1340 1917 1403 9,
1957 1341 2102 1407 pag.
2139 1322 2286 1406 704.
2333 1316 2460 1383 Sed

332 1424 589 1488 Graecos
634 1424 775 1488 illos
822 1424 1021 1487 fuisse
1056 1423 1388 1504 existimo,
1422 1424 1537 1510 qui
1570 1423 1636 1486 in
1676 1423 1823 1486 Asia
1857 1421 2112 1486 Minore
2157 1423 2240 1486 ad
2282 1446 2461 1488 oram

330 1530 523 1593 maris
547 1528 749 1618 AEgaei
781 1529 1191 1593 incolebant:
1255 1530 1497 1618 quippe
1530 1532 1745 1593 Actor.
1775 1529 2069 1616 Apostol.
2103 1529 2266 1593 XIX
2291 1576 2309 1609 ,
2349 1527 2461 1611 35,

334 1651 732 1699 memoratur
761 1636 967 1699 scriba
1003 1634 1235 1699 sedans
1266 1635 1516 1718 turbas3
1563 1634 1744 1722 quod
1783 1632 2024 1697 indicio
2069 1650 2166 1696 est
2198 1656 2333 1697 non
2367 1635 2461 1698 le·

331 1762 475 1802 vem
531 1741 667 1819 ejus
717 1740 1163 1810 auctoritatem
1219 1740 1417 1803 fuisse
1475 1739 1652 1827 apud
1711 1738 2028 1827 populum
2081 1737 2458 1825 Ephesium.

334 1844 407 1906 2⁰
435 1844 868 1908 Mercenarios
900 1845 1139 1909 scribas
1174 1847 1397 1908 Romae
1424 1845 1651 1927 fuisse,
1680 1859 1874 1930 atque
1906 1843 2054 1906 ideo
2083 1866 2202 1931 pro
2227 1842 2461 1906 vilibus

328 1949 669 2014 habendos
718 1973 856 2013 esse
905 1950 993 2014 ait
1031 1951 1289 2038 Nepos,
1326 1949 1507 2037 quod
1557 1948 1918 2013 mercedem
1970 1949 2336 2036 acciperent
2380 1947 2461 2011 de

327 2056 633 2143 publico;
666 2056 780 2119 sed
808 2079 943 2119 non
980 2052 1167 2118 video
1201 2077 1320 2117 cur
1348 2055 1602 2118 viliores
1639 2055 1725 2118 ob
1758 2053 1832 2117 id
1860 2053 2266 2118 existimandi
2300 2054 2461 2130 sint,

327 2182 521 2247 quam
570 2162 841 2242 majores
890 2159 980 2223 illi
1025 2160 1514 2248 magistratuum
1553 2157 1908 2241 adjutores,
1956 2175 2022 2223 et
2054 2160 2461 2249 magistratus

326 2265 451 2353 ipsi
474 2265 932 2355 provincialeS,
976 2288 1257 2354 quorum
1292 2265 1359 2328 in
1393 2282 1728 2354 sumptum
1764 2265 2149 2353 erogabatur-
2187 2266 2460 2353 pecunia

328 2369 410 2435 de
443 2372 726 2460 publico.
765 2368 910 2437 Sive
946 2371 1122 2434 enim
1168 2370 1392 2434 scribae
1432 2371 1710 2460 pecunia
1749 2386 2128 2435 numeretur
2171 2371 2240 2434 in
2278 2392 2460 2435 sum-

326 2492 479 2569 ptus
512 2479 844 2566 proprios,
892 2478 1023 2540 sive
1056 2477 1361 2564 quaestori
1405 2477 1796 2540 attribuatur
1838 2476 1907 2539 in
1955 2492 2256 2564 sumptus
2294 2478 2454 2540 alte-

325 2585 484 2665 rius,
511 2584 674 2671 puta'
698 2585 918 2674 legati,
950 2585 1087 2647 leve
1116 2599 1213 2648 est
1238 2582 1584 2647 discrimen
1611 2608 1627 2648 ε
1663 2585 1911 2672 legatus
1938 2584 2118 2663 juxta
2146 2607 2219 2647 ac
2247 2583 2454 2647 scriba

327 2689 694 2754 mercedem
722 2712 934 2777 operae
957 2712 1086 2753 suae
1114 2687 1194 2752 de
1216 2688 1479 2777 publico
1506 2689 1796 2777 accipere
1829 2704 2103 2775 uterque
2142 2686 2455 2752 dicendus

326 2811 461 2876 est,
494 2794 602 2858 hic
633 2818 751 2883 per
780 2817 848 2857 se
869 2841 887 2875 ,
921 2794 1024 2856 ille
1050 2817 1169 2882 per
1200 2794 1421 2857 alium.
1444 2793 1597 2856 Non
1636 2794 1830 2881 igitur
1856 2791 2212 2857 admodum
2247 2793 2453 2882 gravis

327 2919 425 2967 est
456 2903 727 2991 Nepotis
760 2917 985 2966 contra
1025 2901 1381 2964 scribarum
1415 2899 1793 2988 dignitatem
1832 2901 2198 2993 auctoritas.
2250 2900 2456 2991 Magis

328 3031 433 3072 me
460 3023 748 3073 moveret
778 3006 1030 3088 LiviuS,
1066 3003 1222 3068 dum
1245 3054 1264 3087 ,
1298 3007 1408 3070 lib.
1436 2990 1532 3069 I‘X
1552 3055 1571 3086 ,
1606 3029 1742 3094 cap.
1774 3007 1860 3084 46
1883 3054 1900 3088 ,
1936 3023 2152 3070 narrat
2170 3007 2288 3069 Cn.
2311 3006 2456 3068 Fla·-

325 3115 508 3178 vium
530 3162 548 3195 ,
607 3112 853 3176 aedilem
910 3112 1189 3193 factum,
1253 3110 1666 3200 repudiatum
1720 3112 1948 3193 fuisse,
2007 3111 2185 3199 quod
2244 3112 2454 3174 scriba

328 3237 535 3300 esset3
596 3241 811 3306 neque
872 3239 1113 3282 nomen
1171 3216 1307 3296 ejus
1361 3231 1699 3304 acceptum
1754 3216 1951 3280 fuisse
2002 3216 2216 3304 prius,
2257 3238 2452 3302 quam

323 3326 599 3404 jurasset
648 3347 756 3388 «se
792 3325 1103 3412 scriptum
1142 3346 1279 3386 non
1312 3322 1635 3387 facturum
1658 3347 1726 3405 »ς
1776 3323 1829 3385 si
1867 3345 2002 3386 non
2033 3321 2317 3385 viderem
2357 3343 2457 3384 se-

331 3445 556 3493 natum
592 3427 1039 3518 indignatione
1069 3429 1406 3510 exarsisse,
1444 3451 1580 3491 non
1621 3443 1748 3491 tam
1781 3427 1962 3514 quod
1997 3428 2253 3491 Flavius
2291 3443 2459 3491 esset

330 3552 512 3623 patre
539 3536 876 3617 libertin0,
902 3536 1134 3600 humili
1168 3537 1431 3599 fortuna
1465 3550 1685 3613 ortus»,
1721 3556 1917 3620 quam
1952 3532 2132 3620 quod
2164 3534 2455 3598 Flavium

331 3639 577 3704 dixerat
603 3641 850 3704 aedilem
881 3642 1155 3705 forensis
1189 3640 1413 3719 factio,
1461 3654 1525 3702 et
1557 3636 1736 3726 quod
1771 3640 1823 3702 is
1850 3640 2048 3703 fastos
2082 3640 2457 3727 promulga-

330 3761 528 3810 verat.
563 3746 729 3809 Plin.
763 3745 875 3808 lib.
914 3746 1241 3825 XXXIII,
1288 3767 1424 3832 cap.
1468 3745 1530 3808 6.
1582 3741 1751 3806 Illud
1795 3745 2176 3831 opinionem
2212 3766 2352 3808 eam
2392 3744 2458 3806 in

332 3874 460 3939 qua
506 3874 764 3932 sumuS,
817 3850 1174 3914 scribarum
1214 3849 1508 3915 ordinem
1561 3865 1626 3912 et
1656 3849 2008 3914 honestum
2045 3867 2109 3914 et
2140 3847 2458 3913 honorifi-

331 3980 482 4021 cum
538 3957 769 4037 fuisse,
826 3972 1129 4043 praeterea
1166 3954 1543 4036 confirmat,
1594 3954 1775 4041 quod
1831 3955 2045 4020 aditus
2097 3943 2326 4019 scribis
2375 3953 2458 4017 ad

332 4064 606 4144 majores
648 4063 928 4126 honores
966 4084 1099 4124 non
1133 4062 1327 4125 fuerit
1364 4061 1791 4138 interclusus;
1826 4061 2131 4140 Cicereii,
2183 4061 2297 4147 qui
2333 4059 2464 4123 Sci-

330 4170 543 4258 pionis
571 4167 854 4232 Africani
889 4167 1143 4248 majoris
1195 4168 1401 4233 scriba
1448 4167 1693 4247 fuerat,
1741 4167 2110 4255 exemplum
2144 4163 2461 4247 ostendit,
