3044 4788
668 427 803 511 124
1305 431 1402 499 M.
1455 432 1532 499 T.
1587 431 2141 502 CICERONIS

652 571 740 618 ex
787 549 1005 620 animi
1043 552 1182 620 mei
1230 574 1448 623 sensu
1490 575 1576 623 ac
1617 551 1909 640 dolore,
1951 551 2391 650 pronuntio:
2422 560 2636 647 quae⁷
2693 551 2781 621 ad

655 656 874 753 hujus
900 662 1062 729 vitae
1090 683 1332 731 casum
1350 714 1371 749 ‚
1403 685 1840 760 causamque
1876 664 2321 761 pertineant,
2345 674 2419 730 et
2447 660 2634 757 quid
2665 660 2785 732 hic

654 790 791 864 pro
816 783 893 839 s'e
919 767 1062 839 dici
1089 769 1296 858 velit,
1340 785 1415 841 et
1439 796 1585 869 qua
1613 772 2034 844 conditione
2061 785 2446 843 contentus
2473 774 2569 841 sit
2587 825 2608 860 ‚
2632 773 2784 868 jam

653 878 731 946 in
759 892 1074 949 extrema
1107 882 1437 951 oratione
1469 897 1741 971 nostra,
1765 880 2080 978 judiceS,
2109 879 2439 952 audietis.

750 990 961 1058 XLV.
1000 992 1154 1084 Ego
1186 988 1339 1061 haec
1369 1014 1412 1066 a
1444 991 1958 1089 Chrysogono,
1991 1013 2150 1061 mea
2179 1002 2476 1087 sponte,
2501 1000 2790 1058 remoto

655 1098 813 1166 Sex.
840 1101 1126 1186 Roscio,
1157 1124 1441 1196 quaero:
1471 1105 1816 1199 primum,
1847 1124 2073 1198 quare
2105 1101 2278 1170 civis
2305 1100 2561 1195 optimi
2589 1096 2788 1167 bona

652 1209 1043 1297 venierint3
1071 1207 1335 1282 deinde
1353 1264 1372 1298 ,
1394 1235 1619 1308 quare
1645 1210 1971 1282 hominis
1992 1210 2148 1305 ejus
2166 1261 2186 1295 ,
2208 1210 2334 1304 qui
2357 1231 2595 1303 neque
2620 1231 2792 1305 pro-

653 1319 1035 1414 scriptus¹,
1077 1343 1315 1417 neque
1352 1319 1551 1417 apud
1591 1319 2035 1391 adversarios
2071 1318 2351 1388 occisus
2397 1328 2547 1402 est,
2590 1313 2790 1386 bona

657 1428 1052 1515 venierint,
1092 1453 1324 1525 quum
1389 1430 1466 1496 in
1525 1453 1649 1500 eos
1719 1427 1910 1498 solos
1963 1427 2080 1497 lex
2138 1427 2398 1523 scripta
2457 1428 2598 1510 sit.;
2665 1422 2793 1493 de-

657 1532 874 1622 inde,
921 1560 1144 1633 quare
1170 1538 1545 1634 aliquanto
1577 1551 1744 1636 post
1770 1561 1929 1608 eam
1970 1534 2161 1605 diem
2197 1536 2595 1620 venierint,
2626 1558 2791 1630 quae

660 1640 813 1713 dies
846 1646 920 1713 in
970 1645 1124 1742 lege
1155 1646 1509 1744 praefinita
1541 1661 1689 1734 est3
1727 1645 1990 1718 deinde
2012 1700 2031 1734 ,
2063 1670 2195 1716 cur
2226 1644 2507 1714 tantulo
2538 1646 2791 1715 venie-

657 1755 824 1825 rint.
859 1755 1036 1843 Quae
1064 1759 1308 1827 omnia
1334 1760 1431 1845 si,
1456 1754 2077 1854 quemadmodum
2114 1753 2350 1826 solent
2380 1751 2620 1823 liberti
2660 1777 2791 1822 ne-

655 1886 877 1960 quam
909 1876 982 1933 et
1014 1863 1328 1960 improbi
1366 1863 1635 1951 facere,
1667 1869 1743 1936 in
1767 1873 2204 1963 patronum²
2234 1886 2449 1933 suum
2480 1861 2796 1931 voluerit

660 1970 1027 2059 conferre3
1073 1973 1253 2044 nihil
1301 1979 1572 2072 egerit:
1617 2001 1832 2047 nemo
1878 1990 1988 2047 est
2029 1976 2270 2060 enim,
2301 1973 2430 2067 qui
2480 1974 2794 2058 nesciat,

660 2095 963 2180 propter
999 2084 1575 2178 magnitudinem
1608 2110 1852 2157 rerum
1895 2084 2124 2156 multa
2169 2081 2432 2152 multos
2477 2078 2793 2178 [partim

658 2189 1157 2289 connivente³J
1174 2247 1193 2281 ‚
1214 2198 1474 2291 partim
1499 2195 1960 2294 imprudente
1980 2200 2055 2266 L.
2076 2193 2293 2284 Sulla,
2318 2193 2787 2262 commisisse.

752 2299 990 2371 Placet
1014 2305 1278 2400 igitur-4
1310 2308 1386 2375 in
1411 2304 1526 2376 his
1553 2305 1772 2378 rebus
1795 2304 2072 2404 aliquid
2099 2301 2590 2402 imprudentia
2619 2326 2798 2401 prae-

658 2411 895 2481 teriri?
945 2417 1109 2485 Non
1138 2415 1373 2512 placet
1398 2470 1418 2505 ‚
1448 2416 1730 2513 judices
1751 2471 1771 2506 ‚
1815 2416 1940 2489 sed
1976 2439 2264 2487 necesse
2298 2427 2425 2484 est.
2469 2416 2754 2483 Etenim
2775 2467 2797 2499 ‚

655 2522 714 2590 si
761 2524 1045 2619 Jupiter
1067 2519 1097 2565 ⁵
1127 2530 1446 2624 optimus
1481 2531 1866 2613 maximuS‚
1899 2528 2108 2622 cujus
2152 2538 2338 2594 nutu
2381 2537 2455 2593 et
2492 2521 2796 2593 arbitrio

663 2632 959 2722 caelum,
1005 2648 1230 2723 terra,
1265 2639 1633 2734 mariaque
1664 2651 2041 2733 reguntur,
2074 2658 2261 2732 saepe
2297 2633 2529 2702 ventis
2572 2630 2795 2703 vehe-

731 2814 785 2859 7.
822 2799 942 2861 Quoe
976 2798 1060 2846 ad.
1103 2801 1226 2863 Quae
1258 2798 1323 2847 ed
1358 2800 1680 2848 calamitatem

659 2875 711 2923 8.
742 2877 940 2936 Roscii,
983 2878 1098 2926 vita
1140 2878 1456 2943 periculum,'
1481 2882 1681 2944 ejusque

660 2969 852 3002 cauum
877 2972 934 3003 ec
964 2955 1292 3006 defensionem
1318 2961 1609 3023 pertineant.

1767 2800 1964 2849 bantur.
1998 2799 2169 2851 Oredit
2204 2800 2371 2847 Garat.
2402 2796 2653 2861 εει-ἱρεῦσι
2675 2795 2803 2844 ‘nal-

1765 2879 1889 2927 limn
1908 2879 2095 2927 «multe
2117 2878 2297 2927 multos
2323 2876 2546 2941 printim
2561 2910 2578 2934 ,
2604 2876 2803 2939 impru-

1769 2958 1912 3007 dente
1952 2960 2009 3006 L.
2044 2959 2201 3018 Sulle,
2247 2955 2545 3006 commisisse
2566 2976 2613 3002 n.
2642 2952 2802 3017 Quod

729 3033 883 3081 nv.
923 3049 967 3082 ι.
1003 3035 1177 3099 Neque
1205 3038 1522 3102 proscriptus.
1561 3042 1681 3087 Hac

659 3110 762 3160 duo
780 3109 926 3160 verba·
940 3148 955 3173 ‚
992 3115 1045 3163 in
1067 3116 1206 3165 nullo
1236 3118 1386 3169 veteri
1416 3116 1681 3180 exemplari

660 3203 849 3256 reperta
870 3227 885 3253 ,
919 3210 982 3242 ex
1011 3198 1330 3251 Hotomenno
1362 3197 1528 3244 Lamb.
1546 3197 1681 3244 Meu.

662 3272 860 3322 Gruter.
883 3275 1044 3323 Garat.
1073 3292 1349 3340 reposuere.

731 3367 785 3401 α.
823 3356 884 3400 In
904 3366 1192 3417 patronum.
1226 3357 1281 3405 L.
1321 3354 1522 3403 Sullam.
1561 3357 1684 3417 Qum

662 3428 892 3480 dicuntur
925 3433 988 3481 ed
1021 3434 1294 3483 evitandam
1332 3433 1587 3483 dictatoris
1613 3434 1686 3482 of-

657 3507 943 3559 sensionem.

733 3586 781 3635 3.
801 3588 936 3638 niu·
950 3591 1027 3639 hu
1048 3607 1196 3639 voces
1214 3607 1315 3639 nou
1340 3602 1454 3640 nunt
1478 3592 1532 3639 in
1556 3594 1680 3642 Mss

660 3673 745 3711 aut
771 3664 884 3715 edd.
907 3670 1193 3728 veterrimis,
1225 3686 1316 3718 uec
1343 3670 1574 3720 videntur
1598 3689 1682 3720 eu·

661 3745 839 3803 ctoris,
875 3762 1024 3809 quum
1052 3749 1105 3796 in
1141 3748 1458 3814 eequeutibus
1486 3749 1547 3797 de
1577 3750 1681 3798 sola

657 3823 983 3886 impmdeutie
1010 3843 1171 3876 nermo
1206 3829 1301 3887 eit,
1345 3839 1395 3876 et
1427 3828 1508 3875 ina
1537 3828 1681 3877 Sullae

575 3954 578 3957 ‚
659 3900 853 3960 objecta
879 3905 1213 3966 conniventia,
1250 3908 1302 3953 in
1327 3907 1546 3970 pejorem
1568 3923 1681 3955 une

658 3989 842 4045 purtem
879 3982 1039 4047 accipi
1079 3985 1331 4047 potuisset.
1360 3985 1611 4039 Victorius
1633 3995 1682 4032 et

662 4062 722 4110 Ρ.
748 4059 1001 4109 Manutius
1043 4062 1294 4122 invexere,
1330 4062 1465 4127 quod
1493 4062 1679 4125 partim

660 4155 850 4206 temper
887 4139 965 4189 bio
1009 4141 1293 4207 ponendum
1329 4158 1433 4191 esse
1474 4142 1678 4194 arbitra·

1768 3053 1918 3101 quum
1944 3052 2073 3101 eope
2097 3038 2149 3085 in
2177 3038 2297 3086 MSS
2315 3036 2444 3100 peirn
2466 3032 2803 3097 legntnr‚inde

1770 3116 2046 3180 profectum
2068 3132 2280 3164 errorem
2301 3112 2490 3178 partim
2516 3112 2803 3175 legentium.

1770 3199 1933 3262 Atque
1950 3197 2001 3247 h.
2022 3197 2056 3244 l.
2075 3196 2305 3261 privatim
2330 3190 2624 3257 significaret
2644 3208 2713 3238 ex
2730 3209 2802 3249 se,

1770 3277 1905 3326 Sulla
1954 3292 2055 3325 non
2100 3275 2362 3340 participe,
2406 3273 2543 3336 ipsos
2582 3271 2801 3334 deniqne

1771 3356 1903 3404 eolos
1961 3356 2272 3403 commisisse.
2323 3353 2553 3401 Ceterum
2610 3351 2800 3413 optime

1771 3435 2041 3499 explicatur
2059 3433 2269 3499 partim,
2316 3433 2384 3479 ita
2427 3441 2485 3478 ut
2524 3428 2669 3477 verba
2710 3429 2801 3477 iun

1768 3530 1878 3579 qun
1903 3513 2180 3572 adduntur,
2226 3512 2365 3560 nullo
2395 3509 2546 3558 modo
2580 3512 2679 3557 sint
2709 3525 2803 3557 ne·

1769 3594 1970 3662 cessaria
1986 3626 2001 3651 ‚
2043 3591 2130 3639 sed
2175 3602 2362 3640 tentum
2399 3590 2452 3636 iu
2481 3587 2799 3654 *audientium
2860 3612 2865 3615 -

1768 3672 1945 3721 enimin
1966 3669 2413 3735 subintelligantur.

1840 3760 1889 3808 4.
1915 3751 2087 3799 Placet
2108 3748 2274 3815 Igitur.
2296 3752 2510 3813 Oportet
2534 3748 2701 3812 igitur,
2737 3756 2804 3795 ut

1769 3830 1919 3878 multa
1962 3841 2215 3895 praetereat
2262 3830 2352 3895 qui
2395 3844 2551 3892 remp.
2592 3824 2810 3874 admini-

1770 3910 1922 3957 strat?
1954 3910 2073 3957 Nou
2104 3909 2176 3958 ita
2202 3924 2349 3958 une:
2387 3925 2553 3957 verum
2576 3908 2645 3954 iu
2663 3903 2811 3967 cogit

1769 3988 2047 4036 necessitas.

1843 4066 1891 4116 5.
1914 4068 1969 4113 Si
1986 4065 2194 4131 Jupiter.
2221 4065 2273 4112 Si
2300 4063 2419 4111 dem
2446 4060 2528 4108 ille
2547 4095 2562 4119 ,
2594 4059 2676 4107 cui
2700 4076 2809 4106 mu-

1768 4145 1900 4194 xim
1925 4145 2210 4196 attribuitur
2244 4155 2294 4192 et
2325 4140 2609 4202 clementia,
2634 4150 2685 4188 et
2712 4154 2808 4203 po-
