3044 4788
612 401 747 483 242
1201 355 1206 358 Α
1291 336 2065 461 ARGUMENTUM.

764 524 1059 606 Principio
1110 522 1433 602 gratulatur
1468 518 1767 598 judicibus
1809 531 2011 577 orator
2061 519 2136 577 de
2186 520 2580 594 accusatione,
2630 543 2749 601 qua

684 634 1026 702 conceptam
1069 640 1178 699 per
1225 638 1408 677 annos
1453 617 1655 676 decem
1698 616 1997 677 infamiam
2036 616 2390 695 judiciorum
2448 619 2587 678 licet
2634 620 2750 678 illis

683 722 910 791 eluere,
947 715 1021 776 ad
1063 714 1342 775 invidiam
1379 714 1536 772 enim
1568 714 1789 772 ordinis
1832 713 2111 772 senatorii
2162 713 2381 793 (penes
2415 735 2591 793 quem
2623 730 2745 775 tum

676 819 896 898 judicia
924 814 1113 894 erant)
1140 816 1389 874 maxime
1419 814 1742 892 pertinere,
1772 835 1848 872 ne
1877 833 2011 872 reus
2039 813 2299 873 omnium
2323 813 2444 891 jam
2470 814 2748 893 opinione

684 918 990 977 damnatus
1021 913 1389 986 absolvatur,
1427 934 1476 971 1.
1501 916 1743 972 Verrem
1781 911 1935 971 enim
1967 931 2199 971 omnem
2242 931 2403 990 spem
2445 911 2641 971 salutis
2684 912 2744 970 in

683 1034 786 1093 spe
812 1013 907 1072 vel
934 1010 1208 1071 eludendi
1231 1011 1321 1069 vel
1344 1008 1760 1097 corrumpendi
1786 1007 1993 1085 judicii
2027 1028 2274 1087 ponere,
2301 1029 2335 1067 a
2352 1053 2369 1081 ‚
2396 1010 2451 1068 3.
2474 1009 2599 1072 Etsi
2623 1008 2747 1066 vita

680 1111 806 1189 ejus
834 1122 922 1167 tot
947 1107 1101 1166 vitiis
1131 1106 1473 1185 flagitiisque
1505 1106 1773 1165 convicta
1808 1104 1913 1173 sit,
1956 1117 2024 1163 ut
2065 1124 2240 1164 nemo
2281 1124 2416 1163 eum
2448 1105 2640 1183 aliqua
2670 1125 2745 1163 ex

684 1220 852 1286 parte
876 1202 1190 1263 defendere
1213 1204 1421 1283 possit,
1448 1212 1482 1272 4
1502 1245 1519 1274 ,
1544 1202 1600 1260 5.

759 1307 909 1363 Tum
948 1314 1260 1359 narrantur
1290 1320 1395 1370 ea,
1431 1319 1563 1377 quae
1583 1302 1796 1355 Verres
1832 1295 2194 1355 machinatus
2234 1297 2309 1354 sit
2354 1310 2529 1374 atque
2568 1297 2742 1356 etiam

681 1422 834 1460 nunc
858 1401 1148 1471 moliatur,
1169 1410 1235 1456 ut
1260 1397 1436 1474 hujus
1460 1394 1728 1474 praetoris
1750 1393 2352 1473 horumquejudicum
2376 1397 2742 1456 severitatem

680 1497 951 1576 effugiat,
981 1509 1042 1554 et
1067 1506 1135 1552 ut
1161 1513 1254 1552 res
1283 1492 1367 1549 ita
1392 1489 1675 1559 ducatur,
1715 1502 1779 1546 ut
1817 1508 1973 1547 anno
2010 1491 2282 1569 proximo
2318 1491 2475 1570 apud
2505 1498 2589 1551 Μ.
2611 1497 2742 1550 Me-

684 1595 877 1654 tellum
906 1603 1217 1670 praetorem
1249 1585 1363 1645 sibi
1392 1586 1681 1644 faventem
1717 1604 1889 1644 causa
1923 1585 2169 1659 dicatur,
2198 1587 2365 1647 6-10.
2390 1590 2500 1648 Cui
2530 1589 2741 1647 rationi

679 1692 815 1749 satis
839 1699 1041 1747 astutae
1071 1696 1135 1743 ut
1161 1694 1463 1752 occurrat,
1504 1682 1817 1740 Hortensio
1846 1681 2179 1756 denuntiat,
2222 1704 2284 1742 se
2317 1684 2621 1744 consilium
2645 1706 2741 1742 ce-

678 1789 829 1867 pisse
873 1779 1293 1851 necessarium,
1347 1793 1411 1837 ut
1450 1792 1796 1857 perpetuam
1841 1779 2167 1838 orationem
2216 1781 2276 1839 in
2322 1781 2434 1840 alia
2476 1795 2739 1862 tempora

677 1895 962 1954 reservet,
988 1899 1144 1938 nunc
1180 1890 1374 1935 autem
1404 1880 1647 1935 Verrem
1687 1875 1930 1953 tabuliS‚
1961 1876 2233 1950 testibuS,
2272 1879 2515 1956 privatis
2540 1880 2738 1960 publi-

676 1983 875 2057 cisque
900 1975 1085 2034 literis
1108 1970 1666 2049 auctoritatibusque
1689 1985 1934 2031 accuset.
1960 1975 2260 2032 Hortensii
2286 1976 2571 2036 rationem
2594 1997 2737 2049 esse,

679 2091 744 2134 ut
771 2070 1089 2132 secundum
1120 2069 1290 2127 binos
1328 2068 1496 2127 ludos
1539 2068 1650 2127 sibi
1699 2068 2058 2147 respondere
2102 2072 2373 2150 incipiat,
2429 2093 2629 2145 suam,
2670 2088 2738 2132 ut

679 2190 844 2230 reum
888 2182 1021 2226 ante
1072 2167 1292 2245 primos
1338 2166 1505 2225 ludos
1552 2166 2058 2245 comperendinet,
2102 2168 2161 2225 h.
2198 2188 2250 2227 e.
2296 2189 2431 2228 eum
2476 2171 2535 2229 in
2580 2171 2736 2229 diem

673 2263 1058 2345 perendinum
1103 2261 1303 2321 adesse
1337 2261 1569 2339 jubeat,
1614 2261 1687 2321 ad
1729 2281 1960 2321 causam
2008 2264 2220 2323 iterum
2266 2265 2604 2339 dicendam,
2641 2288 2734 2325 ιι.

674 2362 932 2424 Omnino
960 2372 1152 2420 autem
1182 2358 1293 2419 sibi
1320 2358 1687 2437 propositum
1710 2379 1865 2433 esse,
1896 2380 2049 2420 anno
2079 2363 2381 2440 proximo,
2409 2383 2529 2442 quo
2552 2364 2734 2425 aedilis

676 2465 906 2521 futurus
945 2473 1097 2532 erat,
1135 2459 1204 2517 iis
1244 2456 1580 2519 hominibus
1627 2458 1929 2532 resistere,
1973 2479 2226 2537 quorum
2265 2461 2640 2539 improbitate
2672 2476 2732 2521 et

671 2558 914 2620 audacia
946 2555 1270 2616 senatorius
1299 2553 1447 2612 ordo
1474 2568 1775 2633 prematur
1816 2569 1874 2613 et
1914 2570 2193 2633 urgeatur
2228 2558 2463 2618 infamia
2483 2559 2731 2637 judicio-

668 2678 831 2728 rum,
868 2675 975 2726 η,
1012 2654 1101 2711 ι3.
1126 2657 1378 2711 Tantum
1423 2650 1654 2723 abesse,
1684 2664 1748 2710 ut
1798 2653 1858 2710 in
1905 2652 2021 2711 hoc
2069 2654 2199 2732 ipso
2238 2655 2464 2733 judicio
2510 2655 2728 2736 aliquid

671 2752 954 2812 committi
979 2749 1251 2828 patiatur,
1280 2747 1438 2825 quo'd
1469 2747 1679 2831 malam
1701 2748 2004 2807 hominum
2028 2751 2512 2811 existimationem
2546 2753 2618 2812 de
2646 2774 2730 2813 se·

670 2865 941 2910 natorum
957 2847 1193 2925 judiciis
1211 2889 1228 2918 ,
1259 2846 1712 2925 praesertimubi
1739 2846 1813 2906 de
1844 2850 2105 2926 pecuniis
2137 2851 2475 2929 repetundis
2506 2868 2727 2931 agatur,

668 2950 1012 3009 confirmare
1039 2947 1254 3025 possit,
1290 2952 1381 3012 14.
1406 2948 1705 3008 Postremo
1727 2944 1955 3023 judices
1982 2945 2058 3004 ad
2090 2950 2462 3009 severitatem
2490 2951 2734 3023 excitat,
2772 2954 2779 2965 '

673 3049 731 3105 in
762 3045 966 3125 primis
995 3057 1304 3123 praetorem
1334 3045 1431 3102 Μ’.
1456 3044 1710 3103 Acilium
1746 3042 2125 3103 Glabrionem
2160 3059 2360 3124 rogat,
2407 3062 2473 3107 ut
2510 3050 2572 3107 in
2614 3049 2726 3107 hoc

659 3143 884 3223 judicio
907 3162 1134 3200 causam
1159 3139 1513 3211 severitatis,
1544 3140 1888 3216 integritatis
1904 3185 1921 3213 ,
1949 3143 2117 3214 fidei,
2140 3144 2463 3222 religionis,
2494 3166 2725 3206 eausam

666 3242 920 3319 denique
968 3252 1198 3298 senatus
1227 3235 1526 3314 -suscipiat
1549 3277 1567 3305 ,
1623 3236 1826 3312 15-17.
1915 3242 2252 3318 Iterumque
2305 3241 2612 3302 denuntiat
2664 3264 2724 3302 se

667 3344 857 3418 prima
884 3337 1111 3395 actione
1139 3336 1252 3391 boc
1284 3344 1580 3402 acturum,
1616 3346 1680 3390 ut
1707 3334 1917 3394 omissa
1944 3350 2228 3414 perpetua
2264 3340 2555 3413 oratione,
2596 3338 2722 3398 bre-

666 3438 814 3494 viter
841 3433 1144 3512 explicatis
1171 3427 1540 3497 criminibus,
1568 3429 1791 3507 singula
1825 3432 2019 3490 statim
2048 3433 2498 3514 interrogando,
2540 3456 2718 3513 argu-

667 3534 874 3591 mentis
937 3544 1111 3608 atque
1169 3527 1434 3586 oratione
1494 3527 1683 3586 firmet
1705 3572 1723 3601 ,
1789 3528 1861 3585 ad
1917 3549 2101 3607 eaque
2160 3545 2329 3592 testes
2399 3555 2723 3595 accommo-

668 3629 792 3701 det,
825 3630 915 3686 18.

745 3724 959 3785 Habita
981 3736 1069 3782 est
1095 3723 1218 3782 haec
1246 3722 1434 3782 oratio
1465 3724 1527 3782 in
1558 3724 1687 3782 foro
1714 3722 1787 3783 ad
1816 3724 1994 3783 aedem
2024 3730 2307 3800 Castoris,
2335 3728 2543 3789 eodem
2566 3750 2717 3788 anno

659 3842 778 3902 quo
800 3821 1087 3900 superior,
1114 3822 1214 3879 M‘.
1235 3818 1554 3878 Glabrione
1589 3834 1873 3899 praetore‚
1913 3823 2008 3881 cui
2047 3837 2206 3885 sorte
2232 3825 2527 3905 obtigerat
2556 3847 2720 3907 quae-

662 3921 773 3979 stio
817 3919 892 3977 de
928 3916 1300 3996 repetundis,
1340 3931 1398 3975 et
1426 3918 1751 3977 lectissimis
1790 3940 1861 3978 ex
1902 3934 2106 3980 senatu
2128 3922 2447 4000 judicibus.
2472 3928 2721 3985 Senator

662 4032 852 4078 autem
893 4037 966 4075 ex
1000 4016 1114 4075 hoc
1141 4035 1294 4074 anno
1327 4028 1452 4075 erat
1480 4016 1716 4088 Cicero,
1746 4019 1967 4099 quippe
1996 4041 2172 4098 quem
2201 4043 2470 4083 censores
2497 4025 2719 4084 Gellius

660 4132 717 4177 et
755 4116 1076 4188 Lentulus,
1113 4115 1214 4193 qui
1261 4127 1380 4173 tum
1427 4128 1630 4190 erant,
1666 4116 1727 4174 in
1759 4131 2019 4176 senatum
2050 4120 2329 4196 legerant.
2376 4121 2487 4200 Agi
2524 4136 2717 4181 autem
