3044 4788
530 485 664 570 164
1161 477 1260 551 M.
1310 475 1387 548 T.
1442 473 2007 549 CICERONIS

517 609 787 696 abhinc
816 604 1213 677 triennium
1245 601 1527 671 Roscio.
1567 594 1814 688 Quid?
1854 596 2074 665 recita
2103 592 2312 660 istam
2338 593 2650 688 restipu-

420 710 426 715 ’
522 715 1171 792 lationemclarius.
1205 709 1549 796 Attende,
1577 730 1849 805 quaeso,
1876 709 2061 776 Piso.
2094 703 2445 773 Fannium
2472 703 2654 771 invi·
2737 757 2743 770 .

523 847 718 918 tum,
751 844 823 900 et
854 827 1000 897 huc
1030 839 1249 921 atque
1287 816 1461 892 illuc
1502 822 2126 915 tergiversantem,
2153 814 2650 883 testimonium

522 959 778 1015 contra
807 964 884 1010 se
913 937 1153 1008 dicere
1184 957 1389 1029 cogo,
1424 928 1623 1021 Quid
1650 930 1848 999 enim
1880 922 2324 1022 restipulatio
2357 921 2656 992 clamat?

521 1059 737 1146 Qnon
767 1076 811 1121 A
843 1056 1112 1121 Fmv‘lo
1142 1065 1571 1127 ABSTULERO,
1599 1062 1889 1110 PARTEM
1921 1057 2275 1107 nmmum
2310 1057 2481 1103 mun
2506 1038 2653 1102 Ro-

521 1189 675 1237 sc1o
709 1188 811 1233 ME
843 1175 1273 1232 sozomenum
1301 1175 1641 1223 sroumzo.
1667 1153 1819 1219 Tua
1849 1170 1990 1216 vox
2017 1158 2164 1231 est,
2189 1145 2434 1215 Fanni.
2455 1140 2655 1233 Quid

529 1291 607 1346 tu
633 1271 914 1345 auferre
936 1283 1145 1369 potes
1170 1290 1213 1337 a
1239 1264 1502 1349 Flavio,
1534 1265 1595 1331 si
1615 1258 1893 1331 Flavius
1923 1255 2104 1326 nihil
2132 1250 2434 1325 debet3?
2459 1250 2657 1342 Quid

527 1383 646 1453 hic
676 1403 897 1480 porro
931 1400 1131 1448 nunc
1157 1372 1646 1470 restipulatur,
1672 1366 1875 1464 quod
1906 1363 2340 1464 jampridem
2361 1367 2515 1461 ipse
2539 1388 2659 1433 ex-

527 1492 768 1590 egit4?
805 1487 984 1588 quid
1025 1509 1198 1558 vero
1234 1484 1515 1555 Flavius
1552 1477 1685 1550 tibi
1721 1477 2022 1549 daturus
2058 1492 2198 1564 est,
2236 1478 2366 1573 qui
2397 1476 2658 1546 Roscio

527 1628 746 1675 omne
764 1656 785 1687 ,
810 1596 1011 1697 quod
1045 1594 1333 1680 debuit,
1361 1588 1728 1662 dissolvit?
1759 1591 1989 1659 curin
2019 1612 2096 1657 re
2126 1601 2273 1657 tam
2303 1588 2562 1673 veteri,
2584 1586 2660 1654 in

528 1716 822 1811 negotio
847 1725 993 1780 tam
1020 1703 1354 1778 confecto
1373 1697 1427 1788 ⁵,
1445 1703 1520 1774 in
1541 1701 1882 1770 societate
1905 1695 2275 1782 dissoluta,
2302 1718 2491 1765 nova
2512 1693 2665 1764 haec

528 1823 978 1923 restipulatio
994 1811 1715 1912 interponiturPQuis
1734 1823 1843 1879 est
1862 1807 2086 1902 hujus
2102 1805 2664 1902 restipulationis

527 1928 931 2032 scriptor'ss?
996 1926 1242 1998 testis?
1293 1921 1607 1994 arbiter?
1657 1920 1874 2016 quis?
1926 1932 2041 2005 tu,
2068 1918 2268 1987 Piso.
2317 1919 2425 1985 Tu
2466 1916 2660 1984 enim

531 2049 619 2137 Q.
637 2044 977 2116 Roscium
1002 2060 1138 2135 pro
1166 2057 1418 2131 opera,
1436 2055 1573 2128 pro
1596 2028 1845 2099 labore
1866 2082 1885 2114 ,
1911 2026 2111 2124 quod
2135 2028 2467 2120 cognitor
2491 2020 2664 2093 fuis-

532 2171 642 2227 set
659 2207 679 2241 ,
711 2148 914 2250 quod
939 2145 1349 2217 vadimonia
1381 2140 1654 2212 obisset
1674 2193 1694 2225 ,
1721 2139 2015 2233 rogasti,
2051 2149 2135 2205 ut
2164 2136 2435 2204 Fannio
2463 2130 2668 2202 daret

533 2269 721 2338 H-S⁷
755 2282 1071 2343 cccrooo,
1106 2254 1243 2326 hac
1272 2244 1762 2334 conditione⁸‚
1795 2263 1914 2334 ut,
1946 2248 2000 2316 si
2038 2243 2219 2342 quid
2251 2243 2369 2313 ille
2397 2243 2668 2338 exegis-

535 2384 679 2448 set⁹
695 2399 737 2445 a
756 2371 1020 2456 Flavio,
1045 2379 1325 2465 partem
1358 2363 1515 2459 ejus
1540 2356 1913 2455 dimidiam
1933 2356 2196 2428 Roscio
2221 2351 2665 2425 dissolveret.

533 2488 809 2561 Satisne
843 2484 978 2553 ista
1003 2476 1451 2574 restipulatio
1486 2470 1725 2542 dicere
1755 2466 1885 2538 tibi
1915 2466 2206 2537 videtur
2225 2479 2506 2563 aperte,
2530 2468 2672 2535 Ro-

539 2599 771 2670 scium
797 2615 933 2691 pro
973 2614 1049 2660 se
1082 2583 1477 2658 decidisse?
1527 2584 1623 2651 At
1648 2581 1844 2649 enim
1877 2574 2179 2647 forsitan
2207 2575 2351 2646 hoc
2391 2573 2521 2645 tibi
2552 2599 2672 2646 ve-

540 2711 692 2780 niat
717 2709 793 2776 in
824 2715 1170 2783 mentem,
1189 2694 1681 2793 repromisisse
1708 2691 2062 2759 Fannium
2085 2689 2374 2772 Roscio,
2397 2688 2455 2755 si
2489 2683 2672 2781 quid

538 2847 581 2892 a
607 2819 846 2891 Flavio
874 2813 1259 2907 exegisset,
1285 2806 1441 2902 ejus
1465 2815 1744 2902 partem
1775 2797 2146 2869 dimidiam
2170 2823 2190 2883 ;
2218 2795 2343 2867 sed
2370 2798 2671 2865 omnino

541 2930 859 3024 exegisse
892 2920 1098 2992 nihil.
1129 2915 1370 3008 Quid?
1395 2930 1479 2985 tu
1512 2936 1664 2982 non
1698 2911 1970 2980 exitum
1998 2909 2495 2993 exactionisw,
2545 2904 2674 2977 sed

542 3040 834 3110 initium
866 3028 1442 3130 repromissionis
1475 3035 1798 3121 spectare
1831 3016 2096 3106 debes;
2137 3041 2376 3112 neque
2399 3070 2418 3105 ,
2456 3019 2518 3086 'si
2553 3017 2673 3086 ille

1650 3256 1918 3299 summam,
1958 3253 2106 3302 quam
2144 3237 2252 3300 ipse
2293 3252 2323 3283 a
2368 3236 2530 3286 Flavio
2563 3253 2673 3287 exe-

1651 3323 1812 3386 gisset,
1830 3319 1964 3368 daret
1979 3319 2001 3364 Ρ
2019 3316 2230 3380 corrigit
2246 3317 2416 3368 Lamb.
2434 3335 2675 3377 ceramon,

1651 3401 1685 3450 i.
1709 3416 1752 3448 c.
1778 3396 2057 3462 quindecim
2083 3395 2249 3443 millia.
2283 3398 2478 3445 Manut.
2505 3415 2674 3458 ccmo,

613 3262 666 3310 3.
720 3254 859 3304 Nihil
891 3252 1046 3301 debet.
1091 3250 1144 3297 si
1189 3259 1324 3297 tuam
1364 3258 1564 3309 quoque

546 3350 730 3406 partem
749 3334 934 3385 Roscio
957 3328 1198 3379 dissolvit.

618 3427 666 3474 4.
688 3414 883 3479 Exegit.
907 3408 1126 3460 Abstulit
1157 3420 1186 3453 a
1211 3400 1408 3459 Flavio,
1432 3404 1475 3449 si
1501 3401 1564 3449 de

547 3507 653 3546 tota
677 3513 730 3543 re
756 3490 958 3540 decidit.

621 3578 668 3624 5.
702 3576 820 3621 Tam
855 3566 1093 3633 conficto.
1123 3560 1338 3610 Omnino
1372 3557 1567 3606 absolu-

548 3669 621 3704 to.
657 3656 770 3701 Iam
806 3643 1096 3707 conjiciebat
1130 3643 1365 3688 Panem.
1388 3648 1439 3686 et
1461 3639 1568 3687 Gu-

538 3734 698 3785 lielm.

619 3814 672 3861 6.
707 3806 936 3872 δαίμων.
966 3803 1204 3853 Jctomm
1237 3812 1387 3862 opere
1412 3794 1491 3843 hin
1514 3796 1570 3843 iu
1608 3778 1611 3781 Α

546 3893 693 3942 rebus
735 3885 1019 3938 utebantur,
1064 3879 1151 3943 qui
1202 3876 1316 3924 ideo
1359 3873 1571 3922 scribere

549 3975 780 4021 dicuntur
798 3978 950 4030 quum
972 3967 1160 4008 cavent.

620 4069 672 4112 7.
713 4046 835 4101 Η-δ,
885 4050 982 4089 etc.
1045 4030 1327 4084 Sestertium
1374 4038 1570 4077 centum

545 4132 710 4182 millia.
739 4122 1056 4176 Manifestum
1076 4113 1268 4161 vitium.
1301 4108 1568 4173 Quomodo

541 4211 674 4262 euim
693 4205 903 4256 Roscius
922 4196 1109 4249 Fannio
1127 4207 1221 4258 pro
1239 4205 1386 4257 opera
1411 4200 1569 4238 totam

1653 3480 1820 3529 decem
1845 3477 2021 3527 mini».
2055 3478 2247 3525 Emeat.
2276 3492 2387 3525 1000
2403 3511 2418 3537 ,
2442 3479 2676 3542 quinqua·

1654 3560 1788 3624 ginta
1816 3557 1984 3607 minin.
2010 3556 2171 3605 Codd.
2200 3558 2371 3606 Oxou.
2397 3558 2470 3605 IV
2495 3557 2678 3606 habent

1652 3652 1852 3687 ccccm.
2052 3666 2057 3667 ν

1726 3718 1780 3765 8.
1810 3717 1918 3763 Hac
1944 3714 2240 3763 conditione.
2277 3717 2407 3779 Ergo
2440 3729 2564 3779 pura
2599 3729 2676 3762 rc-

1655 3795 1977 3861 promissione
2003 3807 2053 3844 et
2072 3793 2454 3859 restipulatione.

1728 3892 1777 3939 9.
1814 3874 2088 3940 Exegissee.
2124 3873 2417 3922 Abstulisset
2450 3888 2480 3919 a
2509 3870 2680 3921 Flavio

1655 3954 1846 4015 judicio
1873 3953 2037 4001 damni
2060 3953 2361 4014 injuriarum.

1735 4048 1811 4080 10.
1838 4031 2144 4081 Exactionis.
2176 4033 2494 4079 Hotomanno
2520 4030 2684 4094 legen-

1658 4111 1774 4160 dum
1799 4110 2058 4159 videbatur
2080 4110 2309 4159 actionis.
2339 4113 2523 4159 Verum
2546 4113 2684 4174 quod

1656 4190 1844 4240 monuit
1896 4190 2181 4250 Lambinus,
2209 4189 2372 4239 exitus
2414 4189 2686 4239 exactionis
