3044 4788
678 446 816 516 612
963 444 1422 516 APPENDIX
1471 449 1596 516 DE
1641 448 2026 516 JUDICIIS
2081 451 2522 549 PUBLICIS‚

678 568 802 631 bus
825 567 1082 630 fuerant
1102 582 1354 656 ereptae.
1395 567 1562 632 Nam
1588 568 1906 632 continuo
1930 567 2218 635 damnati
2247 571 2419 657 bona
2445 582 2817 645 sectoribus
2909 577 2926 592 ’

680 673 979 737 auctione
1002 671 1471 753 vendebantur,
1500 674 1617 761 qui
1635 673 1956 738 redactam
1975 675 2132 739 inde
2158 679 2498 765 pecuniam
2531 700 2823 767 quanto-

680 779 859 842 ribus
881 778 1085 844 aerarii
1110 793 1658 868 repraesentarent.
1687 778 2177 846 Animadversio
2211 799 2429 848 autem
2462 786 2680 850 statim
2707 811 2817 851 su·

681 884 996 965 mebatur,
1024 885 1148 948 nisi
1177 884 1260 948 ad
1281 883 1602 971 populum
1625 881 1963 947 damnatus
1989 904 2408 972 provocaret,
2429 906 2542 953 aut
2564 908 2816 977 praetor

680 990 871 1070 alius,
913 989 1044 1053 sive
1080 989 1307 1053 consul
1342 986 1789 1051 intercederet.
2392 1063 2403 1070 .

767 1097 905 1159 Reo
947 1094 1243 1158 absoluto
1293 1092 1426 1157 duo
1470 1093 2007 1180 relinquebantur
2034 1092 2309 1176 judicia,
2347 1096 2542 1159 ambo
2583 1116 2809 1164 contra

679 1215 1112 1264 accusatorem
1136 1198 1432 1265 instituta
1459 1222 1476 1265 ε
1504 1222 1715 1264 unum
1743 1198 2081 1263 calumniae
2101 1247 2123 1281 ,
2145 1199 2421 1265 alterum
2445 1206 2813 1289 praevan‘oe-

678 1306 890 1371 tionis.
908 1305 1261 1371 Calumniae
1278 1306 1360 1370 ab
1379 1306 1742 1372 adversario
1762 1304 2231 1394 postulabatur,
2250 1305 2302 1370 si
2316 1305 2547 1370 falsum
2565 1308 2800 1372 crimen

682 1435 831 1475 eum
848 1410 1142 1476 intulisse
1160 1428 1484 1477 constaret
1500 1435 1516 1475 τ
1538 1411 2075 1500 praevaricationis
2087 1435 2125 1475 a
2134 1412 2398 1500 publico
2411 1413 2805 1502 magistratu,

681 1518 732 1580 si
777 1539 927 1581 cum
975 1516 1314 1581 defensore
1348 1517 1733 1598 conmissa,
1794 1533 1859 1582 et
1896 1539 2044 1580 vera
2097 1517 2368 1581 crimina
2406 1518 2806 1583 occultasset.

677 1622 882 1686 Porro
929 1624 1264 1687 calumniae
1312 1646 1499 1713 poena
1538 1624 1660 1689 fuit
1693 1624 1872 1687 litera
1904 1623 1965 1686 K
1993 1623 2200 1687 fronti
2243 1624 2455 1687 inusta
2477 1671 2497 1705 ‚
2546 1645 2624 1687 ex
2676 1625 2810 1712 lege

679 1727 1019 1791 Remmia:
1054 1729 1585 1816 praevaxicationis
1627 1750 1701 1792 ea
1750 1750 1937 1816 poena
1983 1728 2137 1809 fuit,
2176 1750 2305 1815 qua
2346 1750 2494 1791 reus
2537 1728 2808 1792 affectus

680 1833 942 1913 fuisset,
983 1832 1036 1895 si
1068 1855 1205 1897 non
1238 1834 1463 1897 fuiss‘et
1499 1856 1619 1922 per
1649 1831 2238 1922 praevaricationem
2272 1832 2629 1896 absolutus.
2655 1834 2812 1896 Pra-

684 1955 858 2001 terea
910 1939 1164 2003 infamis
1212 1938 1403 2004 fiebat
1447 1940 1930 2026 praevaricator,
1997 1962 2120 2003 nec
2166 1938 2361 2002 alium
2418 1960 2807 2026 quemquam

683 2041 990 2136 deinceps
1020 2067 1320 2109 accusare
1356 2060 1631 2133 poterat.
1668 2045 1910 2136 Digest.
1945 2043 2056 2109 lib.
2084 2044 2357 2124 XLVII,
2388 2043 2487 2107 tit.
2522 2042 2624 2108 15.

2227 2226 2588 2290 Poncnmr.
