3044 4788
718 412 1108 481 ORATIO
1151 413 1360 482 PRO
1410 415 1478 480 S.
1531 416 1938 485 ROSCIO.
2255 446 2383 518 127

243 543 482 616 nesta,
497 528 752 618 cred0‚
768 533 841 600 in
864 530 1216 625 ejusmodi
1241 530 1462 605 domo
1482 559 1496 601 ε
1515 537 1571 603 si
1599 533 1859 606 domus
1884 535 2034 608 haec
2058 537 2392 615 habenda

251 655 373 710 est
403 643 686 737 potius»,
732 665 950 737 quam
1000 639 1289 712 officina
1335 647 1710 739 nequitiae,
1767 660 1843 716 et
1896 644 2391 723 deversorium

251 747 700 845 flagitiorum
743 753 1095 822 omnium.
1135 755 1296 849 Ipse
1328 779 1500 824 vero
1532 754 2151 852 quemadmodum
2199 785 2393 833 com·

245 861 491 955 posito
535 873 614 930 et
661 858 990 931 delibuto
1033 859 1344 960 capillo⁸
1379 867 1645 961 passim
1685 890 1818 964 per
1860 864 2100 940 forum
2137 872 2390 945 volitet

242 993 414 1039 cum
461 992 729 1065 magna
759 985 1040 1041 caterva
1081 986 1490 1069 togatorum
1507 984 1564 1062 9,
1602 975 1895 1066 videtis,
1930 978 2256 1073 judices;
2304 999 2386 1053 ut

241 1102 506 1149 omnes
535 1077 920 1178 despiciat3
954 1095 1036 1150 ut
1059 1080 1431 1154 hominem
1465 1107 1612 1180 prae
1644 1109 1719 1155 se
1752 1090 2117 1158 neminem
2142 1106 2389 1187 putet;

247 1203 332 1258 ut
351 1213 428 1259 se
458 1189 703 1260 solum
733 1188 1066 1276 beatum,
1093 1190 1327 1262 solum
1355 1206 1729 1288 potentem
1753 1208 1981 1291 putet.
2006 1199 2185 1287 Quae
2210 1225 2383 1270 vero

245 1297 557 1388 efficiat,
599 1314 674 1370 et
702 1325 867 1397 quae
900 1314 1226 1386 conetur,
1270 1303 1330 1372 si
1379 1301 1596 1372 velim
1639 1327 2200 1378 commemorare
2222 1362 2242 1394 ‚
2267 1334 2388 1392 ve-

247 1434 436 1496 reor,
462 1409 783 1506 judices,
808 1435 901 1482 ne
925 1413 1087 1508 quis
1107 1413 1512 1508 imperitior
1531 1415 1890 1483 existimet
1907 1467 1926 1501 ,
1950 1439 2064 1485 me
2095 1441 2378 1489 causam

246 1525 651 1596 nobilitatis
675 1529 1195 1623 victoriamque
1216 1528 1528 1597 voluisse
1558 1526 1814 1599 laedere
1846 1554 1860 1595 ε
1904 1535 2182 1602 tametsi
2214 1558 2376 1605 meo

245 1636 497 1728 jure¹⁰
527 1660 854 1733 possum,
878 1638 934 1706 si
963 1635 1144 1733 quid
1174 1639 1250 1706 in
1288 1636 1423 1708 hac
1448 1652 1652 1734 parte
1687 1636 1864 1707 mihi
1895 1663 2045 1708 non
2073 1640 2376 1737 placeat,

255 1750 679 1844 vituperare.
709 1750 875 1819 Non
903 1749 1098 1817 enim
1129 1772 1407 1834 vereor,
1432 1772 1526 1818 ne
1553 1751 1719 1845 quis
1745 1749 2062 1819 alienum
2091 1776 2206 1822 me
2226 1756 2380 1823 ani-

250 1880 452 1925 mum
485 1855 821 1927 habuisse
852 1880 895 1927 a
922 1881 1133 1928 causa
1168 1856 1566 1930 nobilitatis
1598 1861 1974 1929 existimet.

342 1971 624 2037 XLVII.
656 1970 908 2038 Sciunt
931 1970 980 2037 ii
999 2021 1018 2052 ‚
1046 1970 1175 2064 qui
1210 1993 1325 2039 me
1358 1982 1656 2054 norunt,
1682 1993 1823 2055 me,
1850 1993 1985 2065 pro
2015 1970 2372 2042 illa‘tenui

247 2072 679 2172 infirmaque
710 2091 913 2175 parte
935 2088 983 2165 ¹,
1014 2092 1484 2175 posteaquam
1517 2076 1593 2148 id
1615 2131 1635 2164 ‚
1665 2078 1868 2175 quod
1902 2084 2210 2152 maxime
2250 2107 2375 2154 vo-

245 2184 382 2273 lui,
407 2184 570 2256 fieri
603 2211 755 2256 non
791 2190 1057 2284 potuit,
1080 2203 1162 2258 ut
1189 2202 1774 2286 componeretur,
1806 2187 1880 2258 id
1906 2194 2213 2263 maxime
2240 2192 2369 2264 de-

243 2291 554 2384 fendisse
572 2305 630 2383 ²,
680 2310 764 2366 ut
807 2299 856 2365 ii
891 2301 1298 2385 vincerent,
1355 2300 1483 2394 qui
1533 2301 1886 2368 vicerunt.
1935 2304 2117 2390 Quis
2171 2306 2365 2373 enim

235 2421 413 2493 erat,
444 2409 577 2503 qui
610 2431 761 2476 non
788 2406 1098 2495 videret,
1124 2406 1604 2478 humilitatem
1624 2405 1652 2449 ³
1686 2431 1851 2477 cum
1892 2406 2237 2504 dignitate
2276 2413 2367 2484 de

234 2513 717 2612 amplitudine
772 2516 1249 2612 contendere?
1318 2520 1485 2606 Quo
1532 2520 1607 2586 in
1655 2520 2059 2586 certamine·
2101 2520 2363 2615 perditi

236 2628 413 2694 civis
439 2638 621 2711 erat,
650 2648 798 2695 non
828 2650 902 2696 se
936 2625 1029 2696 ad
1062 2650 1186 2697 eos
1207 2628 1537 2723 jungere,
1566 2625 1835 2722 quibus
1871 2628 2363 2703 incolumibus

234 2749 306 2804 et
343 2734 543 2804 domi
586 2734 927 2832 dignitas,
970 2752 1045 2807 et
1072 2735 1246 2808 foris
1271 2740 1659 2807 auctoritas
1691 2739 2142 2808 retineretur.
2180 2743 2359 2831 Quae

234 2844 553 2940 perfecta
589 2870 780 2933 esse,
821 2861 892 2917 et
930 2872 1144 2917 suum
1194 2851 1460 2945 cuique
1496 2848 1853 2919 honorem
1877 2900 1896 2934 ,
1943 2862 2015 2918 et
2055 2849 2359 2945 gradum

237 2954 598 3026 redditum
616 3010 636 3043 ,
663 2955 942 3053 gaudeo
958 3012 976 3045 ‚
992 2957 1272 3052 judices
1289 3013 1309 3044 ‚
1334 2956 1947 3053 vehementerque
1974 2957 2213 3048 laetor3
2242 2987 2361 3032 ea-

234 3089 378 3160 que
412 3070 658 3137 omnia
693 3066 995 3138 deorum
1027 3068 1434 3154 voluntate,
1474 3064 1717 3136 studio
1754 3068 2007 3163 populi
2046 3075 2363 3160 romani,

302 3275 350 3321 8.
378 3273 607 3320 Delibuto
634 3272 830 3336 capillo.
856 3272 938 3320 Ad
971 3273 1115 3333 hujus
1146 3273 1246 3320 loci
1334 3289 1431 3320 ωε
1456 3289 1513 3319 ac
1542 3271 1753 3334 tempori
1781 3271 1929 3319 servit
1961 3271 2163 3332 Cicero,
2201 3291 2352 3337 quum

232 3353 606 3415 explicationem
636 3352 837 3407 faciunt,
851 3367 959 3414 quoe
983 3350 1129 3397 habet
1153 3352 1247 3398 Ur·
1333 3363 1500 3399 contra
1529 3365 1705 3413 magno
1733 3366 1923 3414 semper
1949 3350 2114 3398 studio
2140 3355 2351 3402 Marium

230 3432 360 3478 sinus
384 3431 450 3479 ad
475 3432 725 3481 ciacconii
743 3430 1005 3477 triclinium
1020 3463 1035 3488 ‚
1058 3446 1110 3492 p.
1130 3433 1187 3478 13
1198 3445 1246 3477 a.
1334 3430 1397 3478 sit
1423 3440 1766 3494 prosequutus.

296 3528 349 3573 9.
379 3514 424 3559 T
416 3523 691 3575 agasonem.
710 3510 902 3561 Civium
920 3525 1250 3567 romanorum,
1403 3511 1608 3557 XLVII.
1644 3524 1692 3555 1.
1730 3506 2034 3574 Infirmaque
2056 3521 2221 3572 parte.
2257 3514 2352 3563 Pro

226 3604 438 3650 quorum
475 3600 587 3653 toga
624 3599 727 3637 erat
757 3590 971 3653 propriu.
1001 3591 1114 3651 Quo
1141 3604 1243 3637 uno
1327 3587 1410 3635 illa
1445 3587 1623 3635 virium
1659 3604 1869 3634 mearum
1910 3586 2219 3654 infirmitate,
2259 3610 2349 3658 pro

229 3670 373 3716 verbo
401 3669 634 3717 etliberti
649 3670 1000 3732 arrogantiam,
1025 3680 1077 3717 et
1092 3668 1243 3716 clien-
1328 3683 1541 3715 mearum
1584 3683 1737 3730 opum
1789 3667 2038 3716 tenuitate.
2085 3670 2214 3718 Male
2251 3673 2348 3722 hoc

229 3748 342 3795 tim
396 3748 638 3809 abjectam
683 3750 964 3797 servitutem
1024 3748 1242 3811 designat
1327 3746 1556 3794 retulerat
1602 3748 1811 3796 Hotom.
1834 3745 1899 3793 ad
1923 3747 2099 3806 Marii,
2148 3750 2351 3815 Cinna,

228 3839 404 3876 orator.
1329 3825 1566 3876 carbonis
1590 3835 1769 3889 partes.

294 3922 372 3954 ro.
409 3908 526 3953 Meo
548 3905 675 3969 jure.
703 3905 855 3967 Quod
880 3904 994 3953 satis
1019 3915 1236 3964 constat,
1400 3921 1445 3953 α.
1471 3902 1770 3969 Defendisse.
1800 3904 1948 3953 Omni
1970 3909 2349 3972 asseveratione,

226 3998 295 4029 ne
317 3994 484 4047 portes
507 3984 728 4031 Sullanus
767 3998 958 4048 semper
981 3995 1239 4047 squatum
1324 3984 1483 4050 palam
1499 3985 1774 4047 probando,
1786 3984 2004 4049 optando
2016 3988 2343 4039 contendisse.

228 4060 387 4112 suisne:
414 4062 552 4127 quod
577 4065 682 4127 ipse
702 4062 1008 4111 Sullanarum
1027 4064 1239 4127 partium
1325 4099 1341 4117 .
1397 4065 1450 4113 3.
1499 4064 1852 4113 Humilitatem.
1900 4064 2123 4114 Plebeios
2173 4083 2345 4132 nempe

227 4140 308 4187 tim
336 4143 513 4192 fautor.
546 4145 778 4193 Ceterum
798 4142 891 4190 hac
917 4143 968 4191 in
1006 4159 1059 4191 re
1082 4158 1237 4191 caunae
1326 4159 1436 4191 cum
1459 4142 1704 4192 nobilibus
1723 4143 1783 4192 de
1799 4145 2019 4207 potentia
2037 4147 2351 4196 contendere.
