3044 4788
843 376 1229 444 ORATIO
1281 376 1487 443 pao·
1531 374 1619 462 Q.
1671 371 2078 441 aosclo.
2401 366 2526 463 167

500 497 651 564 XV.
704 499 967 566 Utrum
1004 495 1229 568 dicis?
1259 498 1518 568 Luscio
1557 508 1629 566 et
1664 492 1998 578 Manilio,
2034 515 2127 562 an
2164 504 2239 561 et
2274 489 2533 561 Cluvio

395 627 546 674 non
591 604 1279 704 esseycredendum?
1320 605 1610 678 Planius
1650 617 1869 701 atque
1919 602 2237 699 apertius
2273 599 2528 671 dicam.

394 716 658 783 Utrum
696 716 1000 788 Luscius
1049 732 1124 788 et
1169 717 1509 789 Manilius
1546 715 1728 787 nihil
1776 712 1867 786 de
1916 718 2068 783 H-S
2117 735 2401 784 cccmoo
2444 736 2533 782 ex

394 820 653 895 Cluvio
671 822 1096 897 audierunt?
1117 851 1211 898 an
1239 827 1537 900 Cluvius
1563 822 1820 897 falsum
1852 824 2115 895 Luscio
2143 836 2215 893 et
2232 820 2532 892 Manilio

392 929 619 1002 dixit?
650 937 804 1006 Hoc
840 959 976 1032 ego
1004 935 1204 1024 1000,
1236 936 1478 1008 soluto
1506 951 1581 1006 et
1608 936 1860 1032 quieto
1899 958 2058 1007 sum
2100 933 2386 1020 animo;
2422 946 2530 1016 et,

392 1064 745 1136 quorsum
791 1044 1065 1116 recidat
1105 1069 1540 1143 responsum
1585 1059 1794 1114 tuum
1826 1097 1847 1130 ,
1898 1069 2047 1114 non
2096 1066 2533 1140 magnopere

391 1148 668 1222 laboro.
724 1153 1176 1228 Firmissimis
1235 1156 1430 1225 enim
1473 1168 1547 1226 et
1591 1155 2054 1225 sanctissimis
2101 1152 2531 1225 testimoniis

389 1259 713 1330 virorum
756 1264 1205 1359 optimorum
1252 1289 1465 1336 causa
1501 1265 1741 1335 Roscii
1785 1264 2232 1334 communita
2274 1275 2401 1334 est.
2458 1262 2531 1333 Si

384 1370 536 1465 jam
573 1369 707 1442 tibi
733 1370 1210 1446 deliberatum
1244 1389 1393 1462 est,
1431 1373 1702 1472 quibus
1737 1372 2041 1470 abroges
2068 1371 2287 1443 fidem
2310 1372 2529 1467 juris-

384 1480 711 1574 jurandi,
746 1485 1127 1580 responde.
1187 1486 1485 1558 Manilio
1530 1500 1602 1557 et
1644 1485 1902 1555 Luscio
1936 1506 2150 1579 negas
2187 1506 2339 1553 esse
2375 1506 2533 1552 cre-

392 1587 758 1662 dendum?
782 1590 933 1680 dic,
964 1594 1150 1666 aude
1180 1623 1196 1665 ε
1230 1609 1338 1668 est
1363 1610 1505 1666 tuae
1539 1593 2008 1666 contumaciae
2029 1645 2047 1677 ,
2076 1593 2532 1687 arrogantiae,

390 1701 697 1797 vitaeque
733 1704 1082 1775 universae
1122 1729 1286 1776 vox.
1342 1703 1590 1796 Quid?
1645 1714 2049 1799 exspectas,
2102 1722 2318 1795 quam
2361 1723 2532 1770 mox

391 1835 527 1909 ego
564 1813 906 1904 Luscium
941 1827 1013 1885 et
1055 1814 1434 1886 Manilium
1471 1814 1704 1885 dicam
1730 1864 1749 1896 ,
1784 1809 2079 1897 ordine,
2120 1832 2276 1881 esse
2320 1831 2530 1878 sena-

389 1935 615 2008 tores;
667 1935 914 2008 aetate,
959 1923 1266 2022 grandes
1303 1936 1518 2010 natu;
1583 1934 1878 2008 natura,
1929 1933 2216 1992 sanctos
2253 1932 2326 1989 et
2361 1918 2525 1988 reli-

387 2030 670 2126 giosos;
702 2033 928 2129 copiis
954 2038 1060 2104 rei
1093 2030 1456 2105 familiaris
1475 2088 1495 2121 ,
1525 2033 1925 2131 locupletes
1953 2045 2030 2102 et
2056 2029 2531 2127 pecuniosos?

395 2164 548 2212 non
585 2138 878 2228 faciam3
916 2142 1094 2213 nihil
1131 2144 1310 2215 mihi
1345 2143 1717 2220 detraham
1742 2154 1760 2186 ¹
1784 2196 1802 2229 ,
1835 2165 2064 2239 quum
2099 2141 2234 2211 illis
2270 2152 2531 2210 exactae

387 2249 619 2328 aetatis
665 2252 1107 2323 severissime
1144 2251 1495 2338 fructum,
1541 2277 1760 2349 quem
1800 2265 2267 2337 meruerunt,
2316 2250 2530 2321 retri-

393 2358 619 2431 buam
661 2387 677 2430 z
717 2361 942 2457 magis
978 2386 1138 2434 mea
1173 2362 1652 2437 adolescentia
1691 2361 1968 2458 indiget
2005 2360 2298 2432 illorum
2336 2359 2531 2432 bona

387 2471 951 2559 existimatione,
978 2497 1197 2569 quam
1235 2473 1526 2549 illorum
1563 2473 2009 2544 severissima
2046 2485 2377 2541 senectus
2410 2470 2532 2541 de-

387 2578 650 2651 siderat
686 2606 919 2653 meam
952 2582 1260 2656 laudem.
1290 2585 1452 2656 Tibi
1490 2610 1701 2673 vero,
1725 2588 1887 2655 Piso
1907 2637 1926 2671 ,
1959 2581 2086 2653 diu
2122 2580 2527 2652 deliberan-

385 2687 559 2761 dum
608 2705 681 2762 et
729 2694 1390 2790 concoquendum²
1446 2711 1593 2783 est,
1634 2708 1879 2766 utrum
1926 2695 2168 2791 potius
2219 2689 2528 2767 Chaereae

386 2800 704 2896 injurato
723 2806 821 2873 =in
860 2828 987 2874 sua
1031 2804 1195 2891 lite,
1248 2831 1341 2876 an
1385 2806 1687 2876 Manilio
1729 2819 1802 2875 et
1847 2803 2107 2874 Luscio
2150 2801 2404 2897 juratis
2449 2804 2527 2871 in

385 2910 619 2983 alieno
650 2912 1233 3008 judiciocredas.
1276 2916 1667 3012 Reliquum
1707 2930 1814 2985 est
1841 2969 1860 3002 ,
1905 2928 1987 2984 ut
2030 2913 2363 2985 Cluvium
2399 2909 2529 2982 fal·

383 3046 543 3092 sum
577 3022 839 3095 dixisse
877 3025 1139 3095 Luscio
1177 3041 1249 3096 et
1291 3025 1591 3096 Manilio
1630 3024 2064 3096 contendat:
2103 3023 2306 3121 quod
2342 3024 2401 3093 si
2431 3020 2524 3093 fa·

381 3130 514 3219 cit,
554 3157 698 3229 qua
743 3133 1201 3232 impudentia
1238 3150 1381 3223 est,
1431 3159 1696 3207 eumne
1744 3149 2000 3206 testem
2047 3132 2523 3231 improbabit,

378 3312 621 3372 ejusdem,
642 3315 860 3363 meminit
883 3317 989 3367 Cic.
1013 3317 1074 3365 sd
1100 3321 1203 3366 Att.
1218 3319 1307 3377 VI,
1338 3334 1365 3365 a
1387 3335 1401 3375 ς

376 3391 537 3448 xm,
570 3391 656 3445 46.

449 3469 566 3516 XV.
593 3469 941 3521 momeliam.
965 3476 1144 3523 Sensus
1165 3485 1262 3524 est:
1283 3475 1400 3523 Non

376 3545 499 3594 mihi
522 3544 628 3611 ipse
653 3547 877 3607 nocebo,
912 3554 1049 3613 quod
1087 3554 1320 3613 facerem,
1358 3557 1398 3602 si

376 3635 566 3672 tantum
592 3624 712 3672 mihi
748 3640 1012 3686 sumerem,
1047 3642 1099 3679 ut
1131 3633 1265 3680 viros
1300 3643 1397 3680 tam

373 3703 580 3766 grandes
606 3714 742 3762 natu,
769 3714 865 3751 tam
899 3720 1066 3768 graves
1090 3709 1289 3759 landate
1313 3728 1397 3758 eo-

357 3798 535 3844 ·nsrer,
574 3793 623 3830 et
662 3782 724 3829 de
763 3781 959 3829 illorum
995 3800 1160 3836 exacta
1199 3790 1396 3838 severis-

372 3863 492 3911 sime
531 3873 671 3911 aetnte
693 3896 709 3921 ,
763 3861 1049 3910 adolescens
1094 3882 1185 3928 ego
1206 3904 1222 3927 ,
1264 3869 1395 3917 nulla

373 3942 662 3990 auctoritate
703 3940 937 4006 preditus
968 3942 1208 4001 judicium
1239 3962 1394 3995 meum

374 4021 752 4085 interponerem.
780 4021 890 4068 Hoc
917 4020 1031 4067 loco
1059 4022 1214 4070 utitur
1239 4026 1401 4073 Ferra-

375 4102 470 4148 tins
505 4112 561 4150 ut
599 4101 872 4162 Juniooem,
900 4117 1045 4166 quam
1073 4102 1222 4167 vulgo
1248 4105 1399 4152 credi-

1492 3329 1590 3375 tur,
1629 3317 1848 3366 Tnllinm
1897 3316 2022 3364 hane
2071 3331 2262 3363 causam
2310 3314 2524 3362 oravisse

1489 3397 1827 3445 demonstret:
1867 3396 1947 3443 cui
1986 3394 2250 3443 subscribit
2284 3396 2521 3442 Garaton.
2588 3432 2593 3443 .

1487 3491 1648 3540 neque
1692 3487 1833 3540 putat
1882 3493 1938 3524 ea
1992 3475 2230 3525 modestia
2275 3474 2520 3520 dicturum

1487 3554 1635 3603 fnisse
1669 3556 1954 3619 praetorium
1984 3553 2297 3602 candidatum
2323 3569 2336 3600 z
2360 3563 2411 3601 et
2439 3551 2521 3600 ille

1488 3631 1682 3681 dicendi
1711 3634 1887 3681 rationi
1915 3632 2212 3681 contrariam
2234 3632 2520 3679 inVerrinis

1484 3712 1734 3761 audaciam
1763 3713 2003 3777 opponit;
2050 3713 2236 3761 oblitus
2269 3728 2383 3759 sane
2418 3712 2522 3775 pri-

1485 3803 1642 3839 vatam
1668 3792 1749 3839 hic
1775 3807 1965 3839 cansam
1996 3792 2072 3855 agi
2089 3825 2104 3851 ,
2126 3807 2236 3855 qnae
2275 3801 2405 3839 tanta
2431 3807 2517 3837 au-

1483 3872 1723 3918 ctoritate
1751 3887 1853 3918 non
1893 3881 2045 3934 egeat.

1559 3965 1607 3996 a.
1648 3949 1726 3997 Sic
1761 3949 1881 3999 editi
1923 3961 1972 3998 et
2010 3949 2179 4013 scripti
2213 3948 2343 3997 libri.
2385 3950 2517 3995 Grae-

1487 4028 1597 4076 vius
1646 4038 1806 4075 tamen
1860 4028 1997 4075 malit
2050 4029 2380 4093 coquendum,
2409 4026 2515 4072 sine

1490 4123 1631 4155 causa
1648 4142 1663 4165 ‚
1695 4119 1749 4155 ut
1776 4109 1958 4156 Ernest.
1980 4109 2033 4156 in
2054 4108 2203 4158 Clsve
2223 4107 2386 4155 multis
2403 4116 2516 4169 pro-
