3044 4788
720 409 1091 476 ORATIO
1144 409 1343 476 PRO
1394 410 1461 475 S.
1514 412 1916 480 ROSCIO.
2290 439 2380 511 79

242 527 449 625 gata⁶
480 542 705 625 atque
732 527 1060 626 perdita?
1086 554 1403 626 quorum
1430 544 1508 599 tu
1530 531 1709 601 nihil
1735 535 1808 601 in
1832 536 1991 602 Sex.
2020 538 2384 619 Roscium,

244 666 339 711 ne
368 638 769 735 objiciendi
800 638 1096 734 quidem
1126 664 1373 727 causa,
1406 643 1796 712 contulisti.

334 755 523 819 XIV.
572 754 856 819 Patrem
885 749 1153 820 occidit
1183 755 1337 820 Sex.
1374 754 1697 822 Roscius,
1723 755 1864 842 Qui
1901 752 2167 824 homo?
2189 754 2380 825 Ado-

238 860 685 930 lescentulus
728 874 1156 956 corruptu3‚
1209 875 1283 931 et
1316 859 1408 930 ab
1442 858 1865 937 hominibus
1906 882 2220 958 nequam
2268 868 2380 933 in-

239 968 553 1038 ductus?
575 974 825 1038 Annos
849 984 1061 1038 natus
1093 972 1355 1065 magis¹
1393 970 1892 1066 quadraginta.
1909 976 2149 1043 ‘Vetus
2181 974 2382 1044 vide-

240 1081 405 1150 licet
433 1082 773 1166 sicariuS,
805 1077 1028 1149 homo
1054 1079 1326 1165 audax,
1358 1096 1431 1151 et
1462 1105 1647 1178 saepe
1681 1085 1755 1150 in
1789 1080 1979 1153 caede
2017 1085 2386 1155 versatus?

240 1195 326 1260 At
348 1189 495 1260 hoc
517 1189 612 1259 ab
631 1205 1046 1260 accusatore
1066 1215 1158 1261 ne
1187 1190 1328 1262 dici
1356 1191 1659 1287 quidem
1682 1191 2002 1262 audistis.
2033 1200 2384 1265 Luxuries

242 1304 464 1395 igitur
494 1300 871 1371 hominem
900 1304 1243 1371 nimirum
1262 1356 1280 1387 ‚
1312 1315 1385 1371 et
1407 1306 1565 1371 aeris
1592 1303 1807 1372 alieni
1837 1304 2287 1399 magnitude,
2311 1322 2385 1377 et

241 1411 619 1483 indomitae
648 1416 871 1483 animi
903 1412 1331 1510 cupiditates
1355 1412 1446 1483 ad
1475 1411 1617 1483 hoc
1646 1414 1878 1483 scelus
1906 1417 2378 1511 impulerunt.

244 1527 358 1592 De
387 1523 671 1593 luxuria
702 1526 1037 1621 purgavit
1084 1527 1425 1607 Eruciu5‚
1465 1548 1696 1618 quum
1732 1521 1914 1592 dixit
1950 1522 2148 1593 hunc
2180 1550 2271 1595 ne
2305 1528 2378 1594 in

250 1633 639 1701 convivio²
674 1631 969 1728 quidem
1005 1633 1155 1702 ullo
1194 1630 1344 1703 fere
1382 1631 1791 1703 interfuisse
1827 1659 1842 1700 :
1897 1633 2082 1702 nihil
2134 1650 2379 1705 autem

254 1763 603 1836 umquam
623 1740 911 1812 debuit:
938 1742 1368 1839 cupiditates
1393 1766 1610 1838 porro
1628 1767 1789 1838 quae
1808 1757 2118 1839 possunt
2140 1768 2292 1813 esse
2307 1747 2382 1813 in

249 1876 364 1933 eo,
378 1853 533 1946 qui,
550 1867 629 1921 ut
650 1854 803 1948 ipse
826 1867 1201 1923 accusator
1221 1850 1514 1947 objecit,
1533 1855 1680 1921 ruri
1712 1878 1997 1950 semper
2024 1852 2387 1939 habitarit,

248 1976 318 2030 et
348 1964 421 2029 in
457 1985 633 2056 agro
660 1960 968 2030 colendo
997 1961 1296 2029 vixerit?
1332 1963 1666 2056 quae'vita
1694 1965 2002 2032 maxime
2032 1961 2392 2058 disjuncta

246 2087 353 2141 est
380 2095 424 2140 a
452 2069 882 2167 cupiditate,
910 2083 982 2139 et
1006 2094 1173 2139 cum
1207 2068 1448 2141 officio
1479 2071 1888 2166 conjuncta.

338 2184 525 2271 Quae
575 2205 688 2250 res
725 2182 943 2275 igitur
977 2194 1257 2250 tantum
1303 2183 1524 2250 istum
1566 2162 1885 2250 furorem
1932 2184 2086 2249 Sex.
2121 2184 2382 2251 Roscio

244 2287 563 2387 objecit3
585 2291 615 2358 Ρ
639 2293 863 2375 Patri,
890 2293 1167 2385 inquit,
1191 2314 1340 2361 non
1370 2289 1719 2388 placebat.
1750 2293 1938 2360 Patri
1975 2316 2122 2360 non
2151 2291 2385 2388 place-

243 2403 415 2475 bat?
450 2406 696 2492 Quam
723 2400 819 2472 ob
849 2402 1182 2496 causam?
1207 2426 1496 2473 necesse
1517 2417 1627 2471 est
1651 2405 1871 2487 enim,
1897 2425 2053 2471 eam
2083 2427 2379 2500 quoque

239 2515 546 2607 justam,
603 2527 678 2582 et
721 2535 1090 2607 magnam,
1133 2526 1204 2582 et
1244 2515 1698 2609 perspicuam
1742 2509 1984 2581 fuisse.
2043 2517 2259 2596 Nam,
2302 2530 2385 2582 ut

246 2623 423 2695 illud
482 2620 912 2693 incredibile
968 2636 1112 2706 est,
1172 2637 1478 2692 mortem
1530 2620 1846 2692 oblatam
1898 2647 2049 2692 esse
2103 2626 2287 2719 patri
2341 2648 2382 2692 a

248 2732 397 2803 filio
428 2739 586 2805 sine
612 2734 940 2831 plurimis
964 2749 1037 2803 et
1064 2735 1389 2803 maximis
1415 2735 1683 2817 causis;
1710 2736 1811 2803 sic
1835 2732 1975 2802 hoc
1998 2735 2385 2803 verisimile

253 2867 395 2912 non
430 2858 576 2928 est,
610 2842 783 2912 odio
816 2840 1031 2913 fuisse
1064 2846 1345 2939 parenti
1379 2841 1610 2912 filium
1642 2846 1797 2912 sine
1831 2846 2061 2913 causis
2092 2843 2378 2928 multis,

251 2968 324 3023 et
350 2956 661 3049 magnis,
690 2967 761 3024 et
799 2954 1235 3025 necessariiS.

350 3067 621 3133 Rursus
640 3066 861 3158 igitur
882 3062 1138 3133 eodem
1170 3078 1636 3151 revertamur,
1668 3078 1740 3133 et
1763 3085 2193 3160 quaeramus‚
2222 3092 2381 3161 quae

256 3186 452 3242 tanta
482 3176 653 3242 vitia
679 3171 951 3244 fuerint
981 3177 1055 3242 in
1088 3175 1310 3242 unico
1329 3177 1357 3224 4
1383 3171 1559 3254 filio,
1588 3197 1810 3270 quare
1845 3177 1902 3243 is
1935 3177 2113 3270 patri
2148 3174 2385 3270 displi-

252 3298 468 3353 ceret.
508 3289 594 3354 At
629 3287 1095 3381 perspicuum
1130 3300 1235 3355 est
1258 3340 1276 3371 ‚
1327 3284 1611 3354 nullum
1645 3282 1882 3353 fuisse.
1920 3290 2138 3353 Pater.
2169 3287 2386 3378 igitur

320 3504 368 3552 6.
400 3503 692 3572 Prqfiigata.
726 3504 967 3553 Deducta.
1010 3506 1083 3552 De
1118 3504 1271 3553 verbo
1433 3521 1482 3552 α.
1504 3506 1566 3550 In
1594 3504 1826 3552 convivio.
1852 3507 1928 3553 De
1954 3506 2287 3554 Romanorum
2310 3508 2382 3553 in-

244 3584 519 3650 profligare
567 3583 893 3630 consulendus
938 3590 1005 3632 A.
1051 3579 1240 3632 Gellius
1256 3619 1270 3642 ‚
1362 3585 1694 3647 temperantia,
1716 3584 1826 3631 vide
1844 3584 2025 3633 Athen.
2045 3587 2134 3633 lv.

250 3666 365 3721 XV,
393 3665 443 3711 5.
1436 3665 1483 3711 3.
1512 3662 1716 3727 Obsece‘e.
1744 3666 1781 3710 1.
1801 3681 1844 3711 e.
1869 3664 2049 3723 injecit.
2074 3664 2155 3712 sic
2190 3667 2248 3713 Τ.
2278 3667 2385 3714 Liv.

316 3741 459 3790 xlv,
486 3757 530 3788 1.
554 3741 735 3806 Magis.
748 3743 832 3788 Sic
850 3742 997 3792 latine
1017 3741 1115 3790 dici
1132 3753 1274 3804 negat
1362 3744 1566 3801 xxm,
1602 3745 1652 3790 8.
1693 3739 1775 3791 Sic
1811 3753 2055 3791 «mortem
2093 3744 2303 3792 offerre»
2332 3747 2384 3793 in

250 3823 417 3870 θην.
437 3820 541 3868 Cur
561 3832 723 3883 neget,
742 3823 929 3870 nescio.
949 3823 1124 3887 Neque
1145 3826 1272 3871 enim
1361 3822 1527 3869 Vatia.

248 3902 409 3965 uagis
437 3912 585 3946 natus
610 3901 819 3965 intellig.
841 3912 940 3960 est,
970 3903 1056 3950 sed
1083 3918 1274 3950 «annos
1436 3909 1489 3955 4.
1518 3899 1688 3948 Unico.
1712 3900 1911 3948 Pondus
1931 3912 2003 3949 est
2019 3902 2116 3951 hoe
2139 3903 2191 3950 in
2213 3903 2381 3952 verbo.

248 3993 388 4028 natus
423 3982 582 4044 magis
614 3998 760 4044 quam
802 3984 891 4029 xl.
913 4002 956 4028 n.
987 3981 1123 4030 Idem
1159 3983 1209 4030 h.
1233 3971 1285 4030 l.'
1362 3982 1569 4030 Necesse
1621 3990 1695 4027 est
1740 3983 1868 4028 enim
1915 3982 2128 4045 ingentia
2180 3983 2278 4030 sint
2331 3984 2384 4027 in

250 4074 386 4108 tonat
415 4077 477 4108 ae
503 4061 717 4125 amplius
743 4077 910 4124 quam.
946 4065 1008 4111 Et
1035 4061 1095 4110 de
1120 4076 1275 4124 quan·
1362 4061 1510 4107 unico
1536 4059 1642 4108 mio
1669 4061 1812 4117 vitia,
1830 4071 1887 4107 ut
1912 4072 2167 4124 parentum
2185 4076 2384 4108 suorum

253 4139 387 4188 nitate
405 4150 686 4203 usurpatur,
703 4151 759 4187 ut
777 4155 904 4205 sepe
914 4142 1041 4205 plus,
1051 4141 1274 4204 amplius.
1364 4140 1415 4186 in
1437 4140 1609 4187 odium
1635 4139 1869 4186 incurrat.
