<?xml version="1.0" encoding="UTF-8"?>
<!DOCTYPE html PUBLIC "-//W3C//DTD XHTML 1.0 Transitional//EN"
    "http://www.w3.org/TR/xhtml1/DTD/xhtml1-transitional.dtd">
<html xmlns="http://www.w3.org/1999/xhtml" xml:lang="en" lang="en">
 <head>
  <title>
</title>
<meta http-equiv="Content-Type" content="text/html;charset=utf-8" />
  <meta name='ocr-system' content='tesseract 3.04.00' />
  <meta name='ocr-capabilities' content='ocr_page ocr_carea ocr_par ocr_line ocrx_word'/>
</head>
<body>
  <div class='ocr_page' id='page_1' title='image "./mtciceronisquae09lemagoog/mtciceronisquae09lemagoog_0099.png"; bbox 0 0 3044 4788; ppageno 0'>
   <div class='ocr_carea' id='block_1_1' title="bbox 221 447 2357 486">
    <p class='ocr_par' dir='ltr' id='par_1_1' title="bbox 221 447 2357 486">
     <span class='ocr_line' id='line_1_1' title="bbox 221 447 2357 486; baseline 0.002 -6"><span class='ocrx_word' id='word_1_1' title='bbox 221 447 2357 486; x_wconf 47' lang='lat' dir='ltr'><strong>mmmmmwwmmmmssssmmmmmmmssss</strong></span> 
     </span>
    </p>
   </div>
   <div class='ocr_carea' id='block_1_2' title="bbox 728 622 1859 729">
    <p class='ocr_par' dir='ltr' id='par_1_2' title="bbox 728 622 1859 729">
     <span class='ocr_line' id='line_1_2' title="bbox 728 622 1859 729; baseline 0.003 -5"><span class='ocrx_word' id='word_1_2' title='bbox 728 622 1859 729; x_wconf 88' lang='lat' dir='ltr'><strong>ARGUMENTUM.</strong></span> 
     </span>
    </p>
   </div>
   <div class='ocr_carea' id='block_1_3' title="bbox 219 826 2382 4212">
    <p class='ocr_par' dir='ltr' id='par_1_3' title="bbox 219 826 2362 1392">
     <span class='ocr_line' id='line_1_3' title="bbox 219 826 2359 908; baseline 0.004 -24"><span class='ocrx_word' id='word_1_3' title='bbox 219 832 416 901; x_wconf 87' lang='lat' dir='ltr'><strong>Quum</strong></span> <span class='ocrx_word' id='word_1_4' title='bbox 446 826 851 906; x_wconf 87' lang='lat' dir='ltr'><strong>proscribendi</strong></span> <span class='ocrx_word' id='word_1_5' title='bbox 890 828 1064 887; x_wconf 84' lang='lat' dir='ltr'><strong>finem</strong></span> <span class='ocrx_word' id='word_1_6' title='bbox 1105 833 1168 887; x_wconf 93' lang='lat' dir='ltr'><strong>L.</strong></span> <span class='ocrx_word' id='word_1_7' title='bbox 1201 829 1362 888; x_wconf 88' lang='lat' dir='ltr'><strong>Sulla</strong></span> <span class='ocrx_word' id='word_1_8' title='bbox 1390 830 1652 889; x_wconf 80' lang='lat' dir='ltr'><strong>kalendis</strong></span> <span class='ocrx_word' id='word_1_9' title='bbox 1691 830 1870 908; x_wconf 91' lang='lat' dir='ltr'><strong>juniis</strong></span> <span class='ocrx_word' id='word_1_10' title='bbox 1916 833 2053 890; x_wconf 89' lang='lat' dir='ltr'><strong>anni</strong></span> <span class='ocrx_word' id='word_1_11' title='bbox 2093 834 2208 905; x_wconf 79' lang='lat'><strong>672</strong></span> <span class='ocrx_word' id='word_1_12' title='bbox 2251 833 2359 892; x_wconf 93' lang='lat' dir='ltr'><strong>de-</strong></span> 
     </span>
     <span class='ocr_line' id='line_1_4' title="bbox 296 924 2361 1006; baseline 0.004 -24"><span class='ocrx_word' id='word_1_13' title='bbox 296 925 652 997; x_wconf 85' lang='lat' dir='ltr'><strong>nuntiasset;</strong></span> <span class='ocrx_word' id='word_1_14' title='bbox 689 924 1004 1005; x_wconf 83' lang='lat' dir='ltr'>septembri</span> <span class='ocrx_word' id='word_1_15' title='bbox 1029 946 1225 985; x_wconf 92' lang='lat' dir='ltr'><strong>mense</strong></span> <span class='ocrx_word' id='word_1_16' title='bbox 1252 928 1606 1006; x_wconf 85' lang='lat' dir='ltr'><strong>insequenti,</strong></span> <span class='ocrx_word' id='word_1_17' title='bbox 1649 932 1709 989; x_wconf 88' lang='lat' dir='ltr'><strong>S.</strong></span> <span class='ocrx_word' id='word_1_18' title='bbox 1736 929 1982 988; x_wconf 86' lang='lat' dir='ltr'><strong>Roscius</strong></span> <span class='ocrx_word' id='word_1_19' title='bbox 2018 931 2361 1002; x_wconf 82' lang='lat' dir='ltr'><strong>Amerinus,</strong></span> 
     </span>
     <span class='ocr_line' id='line_1_5' title="bbox 301 1008 2362 1102; baseline 0.003 -23"><span class='ocrx_word' id='word_1_20' title='bbox 301 1021 460 1083; x_wconf 87' lang='lat' dir='ltr'><strong>illius</strong></span> <span class='ocrx_word' id='word_1_21' title='bbox 489 1041 669 1100; x_wconf 90' lang='lat' dir='ltr'><strong>quem</strong></span> <span class='ocrx_word' id='word_1_22' title='bbox 699 1022 961 1082; x_wconf 87' lang='lat' dir='ltr'><strong>defendit</strong></span> <span class='ocrx_word' id='word_1_23' title='bbox 985 1023 1222 1096; x_wconf 89' lang='lat' dir='ltr'><strong>Cicer0,</strong></span> <span class='ocrx_word' id='word_1_24' title='bbox 1243 1036 1427 1102; x_wconf 86' lang='lat' dir='ltr'><strong>pater,</strong></span> <span class='ocrx_word' id='word_1_25' title='bbox 1461 1037 1638 1085; x_wconf 88' lang='lat' dir='ltr'><strong>noctu</strong></span> <span class='ocrx_word' id='word_1_26' title='bbox 1665 1023 1894 1084; x_wconf 88' lang='lat' dir='ltr'><strong>rediens</strong></span> <span class='ocrx_word' id='word_1_27' title='bbox 1921 1046 1955 1083; x_wconf 87' lang='lat' dir='ltr'><strong>a</strong></span> <span class='ocrx_word' id='word_1_28' title='bbox 1983 1046 2145 1084; x_wconf 86' lang='lat' dir='ltr'><strong>coena</strong></span> <span class='ocrx_word' id='word_1_29' title='bbox 2169 1008 2362 1085; x_wconf 82' lang='lat' dir='ltr'><strong>inter-</strong></span> 
     </span>
     <span class='ocr_line' id='line_1_6' title="bbox 300 1119 2355 1201; baseline 0.003 -26"><span class='ocrx_word' id='word_1_30' title='bbox 300 1119 486 1178; x_wconf 83' lang='lat' dir='ltr'><strong>fectus</strong></span> <span class='ocrx_word' id='word_1_31' title='bbox 523 1132 631 1183; x_wconf 81' lang='lat' dir='ltr'><strong>est.</strong></span> <span class='ocrx_word' id='word_1_32' title='bbox 667 1125 714 1174; x_wconf 80' lang='grc' dir='ltr'><strong>Α</strong></span> <span class='ocrx_word' id='word_1_33' title='bbox 753 1138 871 1197; x_wconf 89' lang='lat' dir='ltr'><strong>quo</strong></span> <span class='ocrx_word' id='word_1_34' title='bbox 911 1119 1231 1178; x_wconf 87' lang='lat' dir='ltr'><strong>incertum:</strong></span> <span class='ocrx_word' id='word_1_35' title='bbox 1275 1120 1375 1178; x_wconf 81' lang='lat' dir='ltr'><strong>sed</strong></span> <span class='ocrx_word' id='word_1_36' title='bbox 1413 1140 1603 1199; x_wconf 89' lang='lat' dir='ltr'><strong>neque</strong></span> <span class='ocrx_word' id='word_1_37' title='bbox 1644 1122 2006 1201; x_wconf 89' lang='lat' dir='ltr'><strong>proscriptus</strong></span> <span class='ocrx_word' id='word_1_38' title='bbox 2051 1136 2204 1195; x_wconf 89' lang='lat' dir='ltr'><strong>erat,</strong></span> <span class='ocrx_word' id='word_1_39' title='bbox 2247 1143 2355 1181; x_wconf 90' lang='lat' dir='ltr'><strong>nec</strong></span> 
     </span>
     <span class='ocr_line' id='line_1_7' title="bbox 297 1216 2358 1296; baseline 0.002 -22"><span class='ocrx_word' id='word_1_40' title='bbox 297 1235 424 1274; x_wconf 88' lang='lat' dir='ltr'><strong>esse</strong></span> <span class='ocrx_word' id='word_1_41' title='bbox 465 1230 731 1295; x_wconf 86' lang='lat' dir='ltr'><strong>poterat,</strong></span> <span class='ocrx_word' id='word_1_42' title='bbox 774 1219 995 1296; x_wconf 90' lang='lat' dir='ltr'><strong>quippe</strong></span> <span class='ocrx_word' id='word_1_43' title='bbox 1028 1218 1131 1294; x_wconf 91' lang='lat' dir='ltr'><strong>qui</strong></span> <span class='ocrx_word' id='word_1_44' title='bbox 1173 1216 1491 1277; x_wconf 82' lang='lat' dir='ltr'><strong>nobilitatis</strong></span> <span class='ocrx_word' id='word_1_45' title='bbox 1533 1219 1749 1289; x_wconf 79' lang='lat' dir='ltr'><strong>fautor,</strong></span> <span class='ocrx_word' id='word_1_46' title='bbox 1782 1231 1841 1276; x_wconf 93' lang='lat' dir='ltr'><strong>et</strong></span> <span class='ocrx_word' id='word_1_47' title='bbox 1864 1219 2264 1294; x_wconf 87' lang='lat' dir='ltr'><strong>Metellorum,</strong></span> <span class='ocrx_word' id='word_1_48' title='bbox 2290 1240 2358 1279; x_wconf 88' lang='lat' dir='ltr'><strong>ac</strong></span> 
     </span>
     <span class='ocr_line' id='line_1_8' title="bbox 304 1312 2167 1392; baseline 0.002 -21"><span class='ocrx_word' id='word_1_49' title='bbox 304 1312 651 1391; x_wconf 87' lang='lat' dir='ltr'><strong>Scipionum</strong></span> <span class='ocrx_word' id='word_1_50' title='bbox 676 1313 895 1382; x_wconf 84' lang='lat' dir='ltr'><strong>amicus</strong></span> <span class='ocrx_word' id='word_1_51' title='bbox 916 1356 934 1385; x_wconf 93' lang='lat'><strong>,</strong></span> <span class='ocrx_word' id='word_1_52' title='bbox 956 1313 1117 1371; x_wconf 90' lang='lat' dir='ltr'><strong>omni</strong></span> <span class='ocrx_word' id='word_1_53' title='bbox 1138 1332 1250 1392; x_wconf 91' lang='lat' dir='ltr'><strong>ope</strong></span> <span class='ocrx_word' id='word_1_54' title='bbox 1279 1313 1548 1374; x_wconf 86' lang='lat' dir='ltr'><strong>Sullanos</strong></span> <span class='ocrx_word' id='word_1_55' title='bbox 1573 1334 1803 1392; x_wconf 86' lang='lat' dir='ltr'><strong>semper</strong></span> <span class='ocrx_word' id='word_1_56' title='bbox 1835 1314 2167 1391; x_wconf 87' lang='lat' dir='ltr'><strong>adjuvisset.</strong></span> 
     </span>
    </p>

    <p class='ocr_par' dir='ltr' id='par_1_4' title="bbox 302 1411 2373 2149">
     <span class='ocr_line' id='line_1_9' title="bbox 382 1411 2364 1491; baseline 0.002 -21"><span class='ocrx_word' id='word_1_57' title='bbox 382 1415 567 1470; x_wconf 85' lang='lat' dir='ltr'><strong>Erant</strong></span> <span class='ocrx_word' id='word_1_58' title='bbox 606 1425 799 1470; x_wconf 87' lang='lat' dir='ltr'><strong>autem</strong></span> <span class='ocrx_word' id='word_1_59' title='bbox 839 1411 894 1470; x_wconf 87' lang='lat' dir='ltr'><strong>ci</strong></span> <span class='ocrx_word' id='word_1_60' title='bbox 931 1424 1154 1471; x_wconf 87' lang='lat' dir='ltr'><strong>veteres</strong></span> <span class='ocrx_word' id='word_1_61' title='bbox 1202 1412 1516 1471; x_wconf 85' lang='lat' dir='ltr'><strong>inimicitiae</strong></span> <span class='ocrx_word' id='word_1_62' title='bbox 1564 1432 1697 1470; x_wconf 91' lang='lat' dir='ltr'><strong>cum</strong></span> <span class='ocrx_word' id='word_1_63' title='bbox 1744 1412 2089 1491; x_wconf 84' lang='lat' dir='ltr'><strong>propinquis</strong></span> <span class='ocrx_word' id='word_1_64' title='bbox 2133 1413 2364 1473; x_wconf 85' lang='lat' dir='ltr'><strong>duobus</strong></span> 
     </span>
     <span class='ocr_line' id='line_1_10' title="bbox 302 1508 2368 1589; baseline 0 -20"><span class='ocrx_word' id='word_1_65' title='bbox 302 1508 535 1581; x_wconf 71' lang='lat' dir='ltr'><strong>Rosciis</strong></span> <span class='ocrx_word' id='word_1_66' title='bbox 553 1551 571 1577; x_wconf 89' lang='lat'><strong>,</strong></span> <span class='ocrx_word' id='word_1_67' title='bbox 592 1510 876 1588; x_wconf 79' lang='lat' dir='ltr'><strong>Capitone</strong></span> <span class='ocrx_word' id='word_1_68' title='bbox 904 1522 963 1568; x_wconf 89' lang='lat' dir='ltr'><strong>et</strong></span> <span class='ocrx_word' id='word_1_69' title='bbox 989 1515 1204 1589; x_wconf 86' lang='lat' dir='ltr'><strong>Magno</strong></span> <span class='ocrx_word' id='word_1_70' title='bbox 1220 1553 1238 1582; x_wconf 92' lang='lat'><strong>,</strong></span> <span class='ocrx_word' id='word_1_71' title='bbox 1266 1509 1369 1588; x_wconf 89' lang='lat' dir='ltr'><strong>qui</strong></span> <span class='ocrx_word' id='word_1_72' title='bbox 1397 1509 1589 1568; x_wconf 83' lang='lat' dir='ltr'><strong>statim</strong></span> <span class='ocrx_word' id='word_1_73' title='bbox 1606 1553 1622 1583; x_wconf 92' lang='lat'><strong>,</strong></span> <span class='ocrx_word' id='word_1_74' title='bbox 1652 1510 1711 1567; x_wconf 90' lang='lat' dir='ltr'><strong>in</strong></span> <span class='ocrx_word' id='word_1_75' title='bbox 1741 1510 1865 1587; x_wconf 90' lang='lat' dir='ltr'><strong>ejus</strong></span> <span class='ocrx_word' id='word_1_76' title='bbox 1891 1508 2045 1569; x_wconf 88' lang='lat' dir='ltr'><strong>bona</strong></span> <span class='ocrx_word' id='word_1_77' title='bbox 2077 1511 2229 1569; x_wconf 84' lang='lat' dir='ltr'><strong>facto</strong></span> <span class='ocrx_word' id='word_1_78' title='bbox 2258 1512 2368 1570; x_wconf 89' lang='lat' dir='ltr'><strong>im-</strong></span> 
     </span>
     <span class='ocr_line' id='line_1_11' title="bbox 313 1606 2373 1686; baseline 0.001 -23"><span class='ocrx_word' id='word_1_79' title='bbox 313 1619 487 1683; x_wconf 83' lang='lat' dir='ltr'><strong>petu,</strong></span> <span class='ocrx_word' id='word_1_80' title='bbox 512 1606 683 1666; x_wconf 82' lang='lat' dir='ltr'><strong>filium</strong></span> <span class='ocrx_word' id='word_1_81' title='bbox 713 1607 839 1685; x_wconf 84' lang='lat' dir='ltr'><strong>ejus</strong></span> <span class='ocrx_word' id='word_1_82' title='bbox 864 1612 924 1668; x_wconf 88' lang='lat' dir='ltr'><strong>S.</strong></span> <span class='ocrx_word' id='word_1_83' title='bbox 945 1609 1218 1668; x_wconf 89' lang='lat' dir='ltr'><strong>Roscium</strong></span> <span class='ocrx_word' id='word_1_84' title='bbox 1246 1607 1467 1668; x_wconf 89' lang='lat' dir='ltr'><strong>nudum</strong></span> <span class='ocrx_word' id='word_1_85' title='bbox 1504 1628 1538 1666; x_wconf 91' lang='lat' dir='ltr'><strong>e</strong></span> <span class='ocrx_word' id='word_1_86' title='bbox 1569 1609 1825 1686; x_wconf 89' lang='lat' dir='ltr'><strong>paternis</strong></span> <span class='ocrx_word' id='word_1_87' title='bbox 1847 1607 2078 1686; x_wconf 82' lang='lat' dir='ltr'><strong>praediis</strong></span> <span class='ocrx_word' id='word_1_88' title='bbox 2108 1608 2373 1685; x_wconf 88' lang='lat' dir='ltr'><strong>ejiciunt;</strong></span> 
     </span>
     <span class='ocr_line' id='line_1_12' title="bbox 315 1703 2373 1783; baseline 0.001 -23"><span class='ocrx_word' id='word_1_89' title='bbox 315 1715 378 1761; x_wconf 88' lang='lat' dir='ltr'><strong>et</strong></span> <span class='ocrx_word' id='word_1_90' title='bbox 406 1715 475 1767; x_wconf 83' lang='lat' dir='ltr'><strong>ut</strong></span> <span class='ocrx_word' id='word_1_91' title='bbox 508 1722 569 1761; x_wconf 87' lang='lat' dir='ltr'><strong>se</strong></span> <span class='ocrx_word' id='word_1_92' title='bbox 596 1704 940 1782; x_wconf 79' lang='lat' dir='ltr'><strong>potentioris</strong></span> <span class='ocrx_word' id='word_1_93' title='bbox 969 1705 1217 1763; x_wconf 90' lang='lat' dir='ltr'><strong>nominis</strong></span> <span class='ocrx_word' id='word_1_94' title='bbox 1261 1703 1468 1764; x_wconf 87' lang='lat' dir='ltr'><strong>umbra</strong></span> <span class='ocrx_word' id='word_1_95' title='bbox 1502 1717 1843 1783; x_wconf 82' lang='lat' dir='ltr'><strong>protegant,</strong></span> <span class='ocrx_word' id='word_1_96' title='bbox 1883 1704 2212 1763; x_wconf 83' lang='lat' dir='ltr'><strong>societatem</strong></span> <span class='ocrx_word' id='word_1_97' title='bbox 2234 1726 2373 1763; x_wconf 79' lang='lat' dir='ltr'><strong>‚cum</strong></span> 
     </span>
     <span class='ocr_line' id='line_1_13' title="bbox 311 1800 2368 1880; baseline -0 -20"><span class='ocrx_word' id='word_1_98' title='bbox 311 1804 379 1871; x_wconf 74' lang='lat' dir='ltr'><strong>L.</strong></span> <span class='ocrx_word' id='word_1_99' title='bbox 401 1800 574 1860; x_wconf 70' lang='lat' dir='ltr'><strong>Sullae</strong></span> <span class='ocrx_word' id='word_1_100' title='bbox 596 1800 809 1861; x_wconf 88' lang='lat' dir='ltr'><strong>liberto</strong></span> <span class='ocrx_word' id='word_1_101' title='bbox 831 1802 1242 1880; x_wconf 89' lang='lat' dir='ltr'><strong>gratiosissimo</strong></span> <span class='ocrx_word' id='word_1_102' title='bbox 1263 1801 1647 1880; x_wconf 85' lang='lat' dir='ltr'><strong>Chrysogono</strong></span> <span class='ocrx_word' id='word_1_103' title='bbox 1671 1801 1906 1873; x_wconf 89' lang='lat' dir='ltr'><strong>ineunt,</strong></span> <span class='ocrx_word' id='word_1_104' title='bbox 1950 1800 2053 1878; x_wconf 90' lang='lat' dir='ltr'><strong>qui</strong></span> <span class='ocrx_word' id='word_1_105' title='bbox 2083 1805 2143 1859; x_wconf 87' lang='lat' dir='ltr'><strong>S.</strong></span> <span class='ocrx_word' id='word_1_106' title='bbox 2170 1802 2368 1860; x_wconf 85' lang='lat' dir='ltr'><strong>Roscii</strong></span> 
     </span>
     <span class='ocr_line' id='line_1_14' title="bbox 306 1895 2370 1982; baseline 0 -26"><span class='ocrx_word' id='word_1_107' title='bbox 306 1896 597 1956; x_wconf 78' lang='lat' dir='ltr'><strong>interfecti</strong></span> <span class='ocrx_word' id='word_1_108' title='bbox 630 1899 910 1971; x_wconf 88' lang='lat' dir='ltr'><strong>fortunas,</strong></span> <span class='ocrx_word' id='word_1_109' title='bbox 939 1918 1069 1975; x_wconf 85' lang='lat' dir='ltr'><strong>quae</strong></span> <span class='ocrx_word' id='word_1_110' title='bbox 1094 1911 1258 1957; x_wconf 89' lang='lat' dir='ltr'><strong>erant</strong></span> <span class='ocrx_word' id='word_1_111' title='bbox 1284 1898 1541 1976; x_wconf 81' lang='lat' dir='ltr'><strong>sexagies</strong></span> <span class='ocrx_word' id='word_1_112' title='bbox 1568 1910 1808 1956; x_wconf 83' lang='lat' dir='ltr'><strong>centena</strong></span> <span class='ocrx_word' id='word_1_113' title='bbox 1837 1895 2018 1956; x_wconf 89' lang='lat' dir='ltr'><strong>millia</strong></span> <span class='ocrx_word' id='word_1_114' title='bbox 2049 1897 2370 1982; x_wconf 78' lang='lat' dir='ltr'><strong>sestertium</strong></span> 
     </span>
     <span class='ocr_line' id='line_1_15' title="bbox 304 1990 2373 2073; baseline 0.001 -23"><span class='ocrx_word' id='word_1_115' title='bbox 304 1992 651 2070; x_wconf 80' lang='lat' dir='ltr'><strong>(1,a3o,ooo</strong></span> <span class='ocrx_word' id='word_1_116' title='bbox 678 1994 808 2073; x_wconf 87' lang='lat' dir='ltr'><strong>fr.),</strong></span> <span class='ocrx_word' id='word_1_117' title='bbox 838 1993 1069 2053; x_wconf 87' lang='lat' dir='ltr'><strong>duobus</strong></span> <span class='ocrx_word' id='word_1_118' title='bbox 1096 1993 1356 2053; x_wconf 91' lang='lat' dir='ltr'><strong>millibus</strong></span> <span class='ocrx_word' id='word_1_119' title='bbox 1378 1993 1701 2053; x_wconf 85' lang='lat' dir='ltr'><strong>sestertium</strong></span> <span class='ocrx_word' id='word_1_120' title='bbox 1725 1992 1863 2072; x_wconf 70' lang='lat'>(4¹0</span> <span class='ocrx_word' id='word_1_121' title='bbox 1886 1990 1979 2071; x_wconf 89' lang='lat' dir='ltr'><strong>fr.)</strong></span> <span class='ocrx_word' id='word_1_122' title='bbox 2002 1993 2112 2052; x_wconf 90' lang='lat' dir='ltr'><strong>sibi</strong></span> <span class='ocrx_word' id='word_1_123' title='bbox 2135 2014 2169 2053; x_wconf 85' lang='lat' dir='ltr'><strong>a</strong></span> <span class='ocrx_word' id='word_1_124' title='bbox 2191 1993 2373 2054; x_wconf 87' lang='lat' dir='ltr'><strong>dicta-</strong></span> 
     </span>
     <span class='ocr_line' id='line_1_16' title="bbox 307 2090 1014 2171; baseline 0.003 -24"><span class='ocrx_word' id='word_1_125' title='bbox 307 2104 434 2149; x_wconf 87' lang='lat' dir='ltr'><strong>tore</strong></span> <span class='ocrx_word' id='word_1_126' title='bbox 456 2090 813 2171; x_wconf 79' lang='lat' dir='ltr'><strong>addicendas</strong></span> <span class='ocrx_word' id='word_1_127' title='bbox 834 2104 1014 2149; x_wconf 87' lang='lat' dir='ltr'><strong>curat.</strong></span> 
     </span>
    </p>

    <p class='ocr_par' dir='ltr' id='par_1_5' title="bbox 305 2190 2376 3141">
     <span class='ocr_line' id='line_1_17' title="bbox 382 2190 2371 2268; baseline 0.002 -23"><span class='ocrx_word' id='word_1_128' title='bbox 382 2193 584 2262; x_wconf 86' lang='lat' dir='ltr'><strong>Quum</strong></span> <span class='ocrx_word' id='word_1_129' title='bbox 607 2201 802 2246; x_wconf 88' lang='lat' dir='ltr'><strong>autem</strong></span> <span class='ocrx_word' id='word_1_130' title='bbox 826 2202 1182 2258; x_wconf 86' lang='lat' dir='ltr'><strong>vererentur,</strong></span> <span class='ocrx_word' id='word_1_131' title='bbox 1210 2211 1286 2249; x_wconf 90' lang='lat' dir='ltr'><strong>ne</strong></span> <span class='ocrx_word' id='word_1_132' title='bbox 1314 2190 1551 2267; x_wconf 88' lang='lat' dir='ltr'><strong>quando</strong></span> <span class='ocrx_word' id='word_1_133' title='bbox 1595 2192 1651 2248; x_wconf 91' lang='lat' dir='ltr'><strong>S.</strong></span> <span class='ocrx_word' id='word_1_134' title='bbox 1696 2190 1892 2248; x_wconf 84' lang='lat' dir='ltr'><strong>Roscii</strong></span> <span class='ocrx_word' id='word_1_135' title='bbox 1939 2190 2139 2251; x_wconf 87' lang='lat' dir='ltr'><strong>filius</strong></span> <span class='ocrx_word' id='word_1_136' title='bbox 2126 2191 2371 2268; x_wconf 85' lang='lat' dir='ltr'><strong>iniquis-</strong></span> 
     </span>
     <span class='ocr_line' id='line_1_18' title="bbox 305 2286 2365 2366; baseline 0.001 -22"><span class='ocrx_word' id='word_1_137' title='bbox 305 2286 447 2344; x_wconf 88' lang='lat' dir='ltr'><strong>sime</strong></span> <span class='ocrx_word' id='word_1_138' title='bbox 486 2297 758 2363; x_wconf 87' lang='lat' dir='ltr'><strong>ereptum</strong></span> <span class='ocrx_word' id='word_1_139' title='bbox 801 2286 1211 2364; x_wconf 88' lang='lat' dir='ltr'><strong>patrimonium</strong></span> <span class='ocrx_word' id='word_1_140' title='bbox 1249 2298 1572 2366; x_wconf 88' lang='lat' dir='ltr'><strong>repeteret,</strong></span> <span class='ocrx_word' id='word_1_141' title='bbox 1611 2306 1718 2344; x_wconf 88' lang='lat' dir='ltr'><strong>nec</strong></span> <span class='ocrx_word' id='word_1_142' title='bbox 1762 2307 1833 2345; x_wconf 91' lang='lat' dir='ltr'><strong>eo</strong></span> <span class='ocrx_word' id='word_1_143' title='bbox 1875 2288 2209 2365; x_wconf 87' lang='lat' dir='ltr'><strong>superstite,</strong></span> <span class='ocrx_word' id='word_1_144' title='bbox 2251 2301 2365 2346; x_wconf 80' lang='lat' dir='ltr'><strong>tam</strong></span> 
     </span>
     <span class='ocr_line' id='line_1_19' title="bbox 305 2381 2372 2464; baseline 0 -22"><span class='ocrx_word' id='word_1_145' title='bbox 305 2383 518 2462; x_wconf 85' lang='lat' dir='ltr'><strong>opimis</strong></span> <span class='ocrx_word' id='word_1_146' title='bbox 550 2383 753 2463; x_wconf 86' lang='lat' dir='ltr'><strong>spoliis</strong></span> <span class='ocrx_word' id='word_1_147' title='bbox 779 2404 978 2444; x_wconf 90' lang='lat' dir='ltr'><strong>secure</strong></span> <span class='ocrx_word' id='word_1_148' title='bbox 1012 2384 1126 2444; x_wconf 86' lang='lat' dir='ltr'><strong>frui</strong></span> <span class='ocrx_word' id='word_1_149' title='bbox 1155 2397 1423 2464; x_wconf 87' lang='lat' dir='ltr'><strong>possent,</strong></span> <span class='ocrx_word' id='word_1_150' title='bbox 1466 2381 1701 2444; x_wconf 87' lang='lat' dir='ltr'><strong>insidias</strong></span> <span class='ocrx_word' id='word_1_151' title='bbox 1732 2383 1923 2463; x_wconf 89' lang='lat' dir='ltr'><strong>primo</strong></span> <span class='ocrx_word' id='word_1_152' title='bbox 1953 2384 2077 2462; x_wconf 85' lang='lat' dir='ltr'><strong>ejus</strong></span> <span class='ocrx_word' id='word_1_153' title='bbox 2103 2384 2235 2443; x_wconf 82' lang='lat' dir='ltr'><strong>vitae</strong></span> <span class='ocrx_word' id='word_1_154' title='bbox 2263 2405 2372 2463; x_wconf 92' lang='lat' dir='ltr'><strong>pa—</strong></span> 
     </span>
     <span class='ocr_line' id='line_1_20' title="bbox 307 2481 2370 2559; baseline 0 -20"><span class='ocrx_word' id='word_1_155' title='bbox 307 2499 436 2539; x_wconf 90' lang='lat' dir='ltr'><strong>rare</strong></span> <span class='ocrx_word' id='word_1_156' title='bbox 480 2494 816 2559; x_wconf 88' lang='lat' dir='ltr'><strong>coeperunt;</strong></span> <span class='ocrx_word' id='word_1_157' title='bbox 865 2500 996 2558; x_wconf 81' lang='lat' dir='ltr'><strong>quae</strong></span> <span class='ocrx_word' id='word_1_158' title='bbox 1037 2500 1217 2558; x_wconf 87' lang='lat' dir='ltr'><strong>quum</strong></span> <span class='ocrx_word' id='word_1_159' title='bbox 1268 2501 1387 2539; x_wconf 89' lang='lat' dir='ltr'><strong>non</strong></span> <span class='ocrx_word' id='word_1_160' title='bbox 1432 2481 1878 2559; x_wconf 86' lang='lat' dir='ltr'><strong>processissent,</strong></span> <span class='ocrx_word' id='word_1_161' title='bbox 1920 2494 1978 2539; x_wconf 87' lang='lat' dir='ltr'><strong>et</strong></span> <span class='ocrx_word' id='word_1_162' title='bbox 2016 2485 2078 2542; x_wconf 89' lang='lat' dir='ltr'><strong>S.</strong></span> <span class='ocrx_word' id='word_1_163' title='bbox 2123 2482 2370 2540; x_wconf 86' lang='lat' dir='ltr'><strong>Roscius</strong></span> 
     </span>
     <span class='ocr_line' id='line_1_21' title="bbox 310 2576 2376 2656; baseline -0 -20"><span class='ocrx_word' id='word_1_164' title='bbox 310 2582 508 2636; x_wconf 81' lang='lat' dir='ltr'><strong>Romae</strong></span> <span class='ocrx_word' id='word_1_165' title='bbox 530 2577 692 2655; x_wconf 82' lang='lat' dir='ltr'><strong>apud</strong></span> <span class='ocrx_word' id='word_1_166' title='bbox 718 2578 985 2636; x_wconf 83' lang='lat' dir='ltr'><strong>Metellos</strong></span> <span class='ocrx_word' id='word_1_167' title='bbox 1021 2577 1370 2649; x_wconf 80' lang='lat' dir='ltr'><strong>tutissimum</strong></span> <span class='ocrx_word' id='word_1_168' title='bbox 1399 2576 1646 2636; x_wconf 88' lang='lat' dir='ltr'><strong>haberet</strong></span> <span class='ocrx_word' id='word_1_169' title='bbox 1674 2578 2032 2656; x_wconf 82' lang='lat' dir='ltr'><strong>perfugium,</strong></span> <span class='ocrx_word' id='word_1_170' title='bbox 2077 2590 2213 2636; x_wconf 89' lang='lat' dir='ltr'><strong>tunc</strong></span> <span class='ocrx_word' id='word_1_171' title='bbox 2247 2579 2376 2655; x_wconf 86' lang='lat' dir='ltr'><strong>ple-</strong></span> 
     </span>
     <span class='ocr_line' id='line_1_22' title="bbox 310 2674 2374 2746; baseline 0 -15"><span class='ocrx_word' id='word_1_172' title='bbox 310 2693 445 2732; x_wconf 87' lang='lat' dir='ltr'><strong>num</strong></span> <span class='ocrx_word' id='word_1_173' title='bbox 470 2675 708 2733; x_wconf 89' lang='lat' dir='ltr'><strong>sceleris</strong></span> <span class='ocrx_word' id='word_1_174' title='bbox 742 2675 945 2734; x_wconf 87' lang='lat' dir='ltr'><strong>ineunt</strong></span> <span class='ocrx_word' id='word_1_175' title='bbox 980 2676 1321 2746; x_wconf 89' lang='lat' dir='ltr'><strong>eonsilium,</strong></span> <span class='ocrx_word' id='word_1_176' title='bbox 1365 2688 1423 2733; x_wconf 91' lang='lat' dir='ltr'><strong>et</strong></span> <span class='ocrx_word' id='word_1_177' title='bbox 1450 2688 1841 2733; x_wconf 86' lang='lat' dir='ltr'><strong>accusatorem</strong></span> <span class='ocrx_word' id='word_1_178' title='bbox 1871 2674 2196 2733; x_wconf 88' lang='lat' dir='ltr'><strong>subornant</strong></span> <span class='ocrx_word' id='word_1_179' title='bbox 2210 2679 2374 2734; x_wconf 73' lang='lat' dir='ltr'><strong>,Eru-</strong></span> 
     </span>
     <span class='ocr_line' id='line_1_23' title="bbox 308 2773 2371 2852; baseline 0 -22"><span class='ocrx_word' id='word_1_180' title='bbox 308 2774 455 2832; x_wconf 82' lang='lat' dir='ltr'><strong>cium</strong></span> <span class='ocrx_word' id='word_1_181' title='bbox 491 2773 833 2852; x_wconf 89' lang='lat' dir='ltr'><strong>quemdam,</strong></span> <span class='ocrx_word' id='word_1_182' title='bbox 861 2774 963 2851; x_wconf 92' lang='lat' dir='ltr'><strong>qui</strong></span> <span class='ocrx_word' id='word_1_183' title='bbox 996 2777 1052 2833; x_wconf 91' lang='lat' dir='ltr'><strong>S.</strong></span> <span class='ocrx_word' id='word_1_184' title='bbox 1081 2775 1277 2834; x_wconf 85' lang='lat' dir='ltr'><strong>Roscii</strong></span> <span class='ocrx_word' id='word_1_185' title='bbox 1306 2792 1519 2832; x_wconf 89' lang='lat' dir='ltr'><strong>nomen</strong></span> <span class='ocrx_word' id='word_1_186' title='bbox 1551 2773 1626 2831; x_wconf 92' lang='lat' dir='ltr'><strong>de</strong></span> <span class='ocrx_word' id='word_1_187' title='bbox 1665 2773 1981 2852; x_wconf 83' lang='lat' dir='ltr'><strong>parricidio</strong></span> <span class='ocrx_word' id='word_1_188' title='bbox 2011 2773 2250 2831; x_wconf 83' lang='lat' dir='ltr'><strong>deferat.</strong></span> <span class='ocrx_word' id='word_1_189' title='bbox 2298 2777 2371 2832; x_wconf 89' lang='lat' dir='ltr'><strong>Et</strong></span> 
     </span>
     <span class='ocr_line' id='line_1_24' title="bbox 312 2870 2373 2949; baseline 0 -21"><span class='ocrx_word' id='word_1_190' title='bbox 312 2872 416 2929; x_wconf 86' lang='lat' dir='ltr'><strong>iste</strong></span> <span class='ocrx_word' id='word_1_191' title='bbox 438 2871 681 2949; x_wconf 87' lang='lat' dir='ltr'><strong>quidem</strong></span> <span class='ocrx_word' id='word_1_192' title='bbox 710 2871 869 2931; x_wconf 93' lang='lat' dir='ltr'><strong>illum</strong></span> <span class='ocrx_word' id='word_1_193' title='bbox 898 2872 978 2930; x_wconf 87' lang='lat' dir='ltr'><strong>ita</strong></span> <span class='ocrx_word' id='word_1_194' title='bbox 1002 2872 1325 2944; x_wconf 85' lang='lat' dir='ltr'><strong>accusavit,</strong></span> <span class='ocrx_word' id='word_1_195' title='bbox 1367 2884 1433 2929; x_wconf 88' lang='lat' dir='ltr'><strong>ut</strong></span> <span class='ocrx_word' id='word_1_196' title='bbox 1454 2871 1673 2929; x_wconf 91' lang='lat' dir='ltr'><strong>diceret</strong></span> <span class='ocrx_word' id='word_1_197' title='bbox 1690 2890 1918 2929; x_wconf 86' lang='lat' dir='ltr'><strong>causam</strong></span> <span class='ocrx_word' id='word_1_198' title='bbox 1948 2870 2002 2928; x_wconf 91' lang='lat' dir='ltr'><strong>ei</strong></span> <span class='ocrx_word' id='word_1_199' title='bbox 2026 2870 2373 2949; x_wconf 90' lang='lat' dir='ltr'><strong>suscipiendi</strong></span> 
     </span>
     <span class='ocr_line' id='line_1_25' title="bbox 314 2967 2375 3047; baseline 0 -21"><span class='ocrx_word' id='word_1_200' title='bbox 314 2968 576 3027; x_wconf 83' lang='lat' dir='ltr'><strong>maleficii</strong></span> <span class='ocrx_word' id='word_1_201' title='bbox 604 2969 780 3027; x_wconf 87' lang='lat' dir='ltr'><strong>fuisse</strong></span> <span class='ocrx_word' id='word_1_202' title='bbox 803 2968 1004 3028; x_wconf 89' lang='lat' dir='ltr'><strong>odium</strong></span> <span class='ocrx_word' id='word_1_203' title='bbox 1036 2971 1250 3047; x_wconf 88' lang='lat' dir='ltr'><strong>patris,</strong></span> <span class='ocrx_word' id='word_1_204' title='bbox 1290 2968 1393 3045; x_wconf 91' lang='lat' dir='ltr'><strong>qui</strong></span> <span class='ocrx_word' id='word_1_205' title='bbox 1425 2968 1607 3026; x_wconf 88' lang='lat' dir='ltr'><strong>filium</strong></span> <span class='ocrx_word' id='word_1_206' title='bbox 1626 2969 1686 3025; x_wconf 90' lang='lat' dir='ltr'><strong>in</strong></span> <span class='ocrx_word' id='word_1_207' title='bbox 1724 2968 1940 3027; x_wconf 82' lang='lat' dir='ltr'><strong>rustica</strong></span> <span class='ocrx_word' id='word_1_208' title='bbox 1969 2967 2188 3047; x_wconf 83' lang='lat' dir='ltr'><strong>praedia</strong></span> <span class='ocrx_word' id='word_1_209' title='bbox 2222 2970 2375 3028; x_wconf 89' lang='lat' dir='ltr'><strong>rele-</strong></span> 
     </span>
     <span class='ocr_line' id='line_1_26' title="bbox 315 3065 1522 3141; baseline 0 -18"><span class='ocrx_word' id='word_1_210' title='bbox 315 3077 507 3141; x_wconf 81' lang='lat' dir='ltr'><strong>garat,</strong></span> <span class='ocrx_word' id='word_1_211' title='bbox 538 3079 599 3124; x_wconf 87' lang='lat' dir='ltr'><strong>et</strong></span> <span class='ocrx_word' id='word_1_212' title='bbox 635 3065 808 3125; x_wconf 86' lang='lat' dir='ltr'><strong>etiam</strong></span> <span class='ocrx_word' id='word_1_213' title='bbox 836 3066 1197 3125; x_wconf 83' lang='lat' dir='ltr'><strong>exheredare</strong></span> <span class='ocrx_word' id='word_1_214' title='bbox 1223 3078 1522 3124; x_wconf 86' lang='lat' dir='ltr'><strong>statuerat.</strong></span> 
     </span>
    </p>

    <p class='ocr_par' dir='ltr' id='par_1_6' title="bbox 309 3139 2382 4212">
     <span class='ocr_line' id='line_1_27' title="bbox 394 3139 2375 3241; baseline -0.001 -21"><span class='ocrx_word' id='word_1_215' title='bbox 394 3163 498 3220; x_wconf 76' lang='lat' dir='ltr'><strong>nis</strong></span> <span class='ocrx_word' id='word_1_216' title='bbox 526 3161 871 3221; x_wconf 79' lang='lat' dir='ltr'><strong>adversariis</strong></span> <span class='ocrx_word' id='word_1_217' title='bbox 896 3161 1062 3221; x_wconf 83' lang='lat' dir='ltr'><strong>brevi</strong></span> <span class='ocrx_word' id='word_1_218' title='bbox 1088 3182 1401 3241; x_wconf 86' lang='lat' dir='ltr'><strong>oppressus</strong></span> <span class='ocrx_word' id='word_1_219' title='bbox 1433 3167 1491 3222; x_wconf 92' lang='lat' dir='ltr'><strong>S.</strong></span> <span class='ocrx_word' id='word_1_220' title='bbox 1520 3139 1786 3233; x_wconf 80' lang='lat' dir='ltr'><strong>Roscius,</strong></span> <span class='ocrx_word' id='word_1_221' title='bbox 1816 3162 1903 3219; x_wconf 90' lang='lat' dir='ltr'><strong>vir</strong></span> <span class='ocrx_word' id='word_1_222' title='bbox 1931 3163 2214 3230; x_wconf 83' lang='lat' dir='ltr'><strong>rusticus,</strong></span> <span class='ocrx_word' id='word_1_223' title='bbox 2240 3163 2375 3220; x_wconf 88' lang='lat' dir='ltr'><strong>fuis-</strong></span> 
     </span>
     <span class='ocr_line' id='line_1_28' title="bbox 315 3256 2379 3335; baseline -0.001 -19"><span class='ocrx_word' id='word_1_224' title='bbox 315 3272 442 3316; x_wconf 84' lang='lat' dir='ltr'><strong>set:</strong></span> <span class='ocrx_word' id='word_1_225' title='bbox 477 3260 740 3335; x_wconf 84' lang='lat' dir='ltr'><strong>quamvis</strong></span> <span class='ocrx_word' id='word_1_226' title='bbox 767 3259 925 3317; x_wconf 91' lang='lat' dir='ltr'><strong>enim</strong></span> <span class='ocrx_word' id='word_1_227' title='bbox 968 3258 1023 3316; x_wconf 90' lang='lat' dir='ltr'><strong>ei</strong></span> <span class='ocrx_word' id='word_1_228' title='bbox 1066 3258 1323 3317; x_wconf 82' lang='lat' dir='ltr'><strong>faverent</strong></span> <span class='ocrx_word' id='word_1_229' title='bbox 1355 3256 1703 3317; x_wconf 85' lang='lat' dir='ltr'><strong>nobilissimi</strong></span> <span class='ocrx_word' id='word_1_230' title='bbox 1734 3257 1845 3314; x_wconf 88' lang='lat' dir='ltr'><strong>viri</strong></span> <span class='ocrx_word' id='word_1_231' title='bbox 1883 3256 2104 3318; x_wconf 85' lang='lat' dir='ltr'><strong>Metelli</strong></span> <span class='ocrx_word' id='word_1_232' title='bbox 2155 3276 2238 3315; x_wconf 92' lang='lat' dir='ltr'><strong>ac</strong></span> <span class='ocrx_word' id='word_1_233' title='bbox 2262 3258 2379 3314; x_wconf 81' lang='lat' dir='ltr'><strong>Sci-</strong></span> 
     </span>
     <span class='ocr_line' id='line_1_29' title="bbox 315 3352 2375 3433; baseline -0.001 -21"><span class='ocrx_word' id='word_1_234' title='bbox 315 3354 556 3432; x_wconf 87' lang='lat' dir='ltr'><strong>piones,</strong></span> <span class='ocrx_word' id='word_1_235' title='bbox 582 3354 883 3414; x_wconf 84' lang='lat' dir='ltr'><strong>dictatoris</strong></span> <span class='ocrx_word' id='word_1_236' title='bbox 908 3368 1069 3413; x_wconf 88' lang='lat' dir='ltr'><strong>metu</strong></span> <span class='ocrx_word' id='word_1_237' title='bbox 1089 3353 1165 3413; x_wconf 85' lang='lat' dir='ltr'><strong>ab</strong></span> <span class='ocrx_word' id='word_1_238' title='bbox 1189 3354 1287 3414; x_wconf 90' lang='lat' dir='ltr'><strong>illa</strong></span> <span class='ocrx_word' id='word_1_239' title='bbox 1312 3353 1682 3433; x_wconf 86' lang='lat' dir='ltr'><strong>suscipienda</strong></span> <span class='ocrx_word' id='word_1_240' title='bbox 1708 3374 1879 3412; x_wconf 87' lang='lat' dir='ltr'><strong>cansa</strong></span> <span class='ocrx_word' id='word_1_241' title='bbox 1908 3352 2375 3425; x_wconf 87' lang='lat' dir='ltr'><strong>deterrebantur,</strong></span> 
     </span>
     <span class='ocr_line' id='line_1_30' title="bbox 314 3451 2374 3529; baseline 0 -20"><span class='ocrx_word' id='word_1_242' title='bbox 314 3452 371 3509; x_wconf 89' lang='lat' dir='ltr'><strong>in</strong></span> <span class='ocrx_word' id='word_1_243' title='bbox 396 3470 517 3529; x_wconf 86' lang='lat' dir='ltr'><strong>qua</strong></span> <span class='ocrx_word' id='word_1_244' title='bbox 542 3464 601 3509; x_wconf 86' lang='lat' dir='ltr'><strong>et</strong></span> <span class='ocrx_word' id='word_1_245' title='bbox 620 3452 960 3511; x_wconf 88' lang='lat' dir='ltr'><strong>sicariorum</strong></span> <span class='ocrx_word' id='word_1_246' title='bbox 991 3451 1229 3512; x_wconf 88' lang='lat' dir='ltr'><strong>audacia</strong></span> <span class='ocrx_word' id='word_1_247' title='bbox 1253 3465 1311 3510; x_wconf 90' lang='lat' dir='ltr'><strong>et</strong></span> <span class='ocrx_word' id='word_1_248' title='bbox 1333 3451 1578 3529; x_wconf 84' lang='lat' dir='ltr'><strong>reipubl.</strong></span> <span class='ocrx_word' id='word_1_249' title='bbox 1602 3453 1750 3510; x_wconf 85' lang='lat' dir='ltr'><strong>mala</strong></span> <span class='ocrx_word' id='word_1_250' title='bbox 1778 3464 1976 3510; x_wconf 82' lang='lat' dir='ltr'><strong>essent</strong></span> <span class='ocrx_word' id='word_1_251' title='bbox 1993 3451 2374 3529; x_wconf 87' lang='lat' dir='ltr'><strong>deploranda.</strong></span> 
     </span>
     <span class='ocr_line' id='line_1_31' title="bbox 311 3546 2374 3627; baseline -0.001 -20"><span class='ocrx_word' id='word_1_252' title='bbox 311 3546 595 3607; x_wconf 78' lang='lat' dir='ltr'><strong>Terrebat</strong></span> <span class='ocrx_word' id='word_1_253' title='bbox 622 3550 686 3606; x_wconf 89' lang='lat' dir='ltr'><strong>in</strong></span> <span class='ocrx_word' id='word_1_254' title='bbox 725 3549 928 3627; x_wconf 83' lang='lat' dir='ltr'><strong>primis</strong></span> <span class='ocrx_word' id='word_1_255' title='bbox 955 3548 1368 3626; x_wconf 84' lang='lat' dir='ltr'><strong>Chrysogonus</strong></span> <span class='ocrx_word' id='word_1_256' title='bbox 1397 3547 1493 3606; x_wconf 90' lang='lat' dir='ltr'><strong>ille</strong></span> <span class='ocrx_word' id='word_1_257' title='bbox 1526 3546 1740 3606; x_wconf 75' lang='lat' dir='ltr'><strong>«homo</strong></span> <span class='ocrx_word' id='word_1_258' title='bbox 1763 3569 1796 3606; x_wconf 90' lang='lat' dir='ltr'><strong>e</strong></span> <span class='ocrx_word' id='word_1_259' title='bbox 1820 3561 2067 3618; x_wconf 84' lang='lat' dir='ltr'><strong>catasta,</strong></span> <span class='ocrx_word' id='word_1_260' title='bbox 2096 3548 2374 3625; x_wconf 84' lang='lat' dir='ltr'><strong>sanguine</strong></span> 
     </span>
     <span class='ocr_line' id='line_1_32' title="bbox 313 3642 2377 3724; baseline -0.001 -21"><span class='ocrx_word' id='word_1_261' title='bbox 313 3644 606 3719; x_wconf 88' lang='lat' dir='ltr'><strong>Quiritum</strong></span> <span class='ocrx_word' id='word_1_262' title='bbox 640 3657 699 3703; x_wconf 87' lang='lat' dir='ltr'><strong>et</strong></span> <span class='ocrx_word' id='word_1_263' title='bbox 732 3645 1225 3724; x_wconf 82' lang='lat' dir='ltr'><strong>proscriptionum</strong></span> <span class='ocrx_word' id='word_1_264' title='bbox 1250 3645 1480 3703; x_wconf 74' lang='lat' dir='ltr'><strong>licentia</strong></span> <span class='ocrx_word' id='word_1_265' title='bbox 1508 3642 1724 3703; x_wconf 86' lang='lat' dir='ltr'><strong>ditatus</strong></span> <span class='ocrx_word' id='word_1_266' title='bbox 1745 3670 1790 3716; x_wconf 67' lang='lat' dir='ltr'><strong>n,</strong></span> <span class='ocrx_word' id='word_1_267' title='bbox 1821 3645 1966 3702; x_wconf 90' lang='lat' dir='ltr'><strong>Plin.</strong></span> <span class='ocrx_word' id='word_1_268' title='bbox 1992 3648 2238 3716; x_wconf 86' lang='lat' dir='ltr'><strong>XXXV,</strong></span> <span class='ocrx_word' id='word_1_269' title='bbox 2273 3645 2377 3712; x_wconf 75' lang='lat'><strong>183</strong></span> 
     </span>
     <span class='ocr_line' id='line_1_33' title="bbox 310 3739 2377 3821; baseline -0 -22"><span class='ocrx_word' id='word_1_270' title='bbox 310 3742 411 3818; x_wconf 89' lang='lat' dir='ltr'><strong>qui</strong></span> <span class='ocrx_word' id='word_1_271' title='bbox 456 3742 636 3803; x_wconf 81' lang='lat' dir='ltr'><strong>Suuae</strong></span> <span class='ocrx_word' id='word_1_272' title='bbox 667 3743 855 3820; x_wconf 88' lang='lat' dir='ltr'><strong>gratia</strong></span> <span class='ocrx_word' id='word_1_273' title='bbox 889 3741 964 3802; x_wconf 88' lang='lat' dir='ltr'><strong>ad</strong></span> <span class='ocrx_word' id='word_1_274' title='bbox 1003 3743 1371 3812; x_wconf 87' lang='lat' dir='ltr'><strong>inimicorum</strong></span> <span class='ocrx_word' id='word_1_275' title='bbox 1401 3761 1602 3800; x_wconf 89' lang='lat' dir='ltr'><strong>necem</strong></span> <span class='ocrx_word' id='word_1_276' title='bbox 1640 3741 1803 3800; x_wconf 87' lang='lat' dir='ltr'><strong>abuti</strong></span> <span class='ocrx_word' id='word_1_277' title='bbox 1844 3761 2015 3821; x_wconf 88' lang='lat' dir='ltr'><strong>posse</strong></span> <span class='ocrx_word' id='word_1_278' title='bbox 2052 3739 2377 3800; x_wconf 85' lang='lat' dir='ltr'><strong>videbatur.</strong></span> 
     </span>
     <span class='ocr_line' id='line_1_34' title="bbox 310 3836 2380 3918; baseline -0.001 -20"><span class='ocrx_word' id='word_1_279' title='bbox 310 3838 421 3898; x_wconf 89' lang='lat' dir='ltr'><strong>Sed</strong></span> <span class='ocrx_word' id='word_1_280' title='bbox 452 3839 672 3898; x_wconf 84' lang='lat' dir='ltr'><strong>exstitit</strong></span> <span class='ocrx_word' id='word_1_281' title='bbox 694 3840 952 3912; x_wconf 86' lang='lat' dir='ltr'><strong>Tullius,</strong></span> <span class='ocrx_word' id='word_1_282' title='bbox 979 3841 1080 3918; x_wconf 91' lang='lat' dir='ltr'><strong>qui</strong></span> <span class='ocrx_word' id='word_1_283' title='bbox 1110 3853 1195 3898; x_wconf 89' lang='lat' dir='ltr'><strong>tot</strong></span> <span class='ocrx_word' id='word_1_284' title='bbox 1220 3839 1546 3898; x_wconf 88' lang='lat' dir='ltr'><strong>inimicitias</strong></span> <span class='ocrx_word' id='word_1_285' title='bbox 1587 3842 1879 3917; x_wconf 85' lang='lat' dir='ltr'><strong>suscipere</strong></span> <span class='ocrx_word' id='word_1_286' title='bbox 1920 3859 2036 3897; x_wconf 87' lang='lat' dir='ltr'><strong>non</strong></span> <span class='ocrx_word' id='word_1_287' title='bbox 2078 3836 2380 3909; x_wconf 78' lang='lat' dir='ltr'><strong>dubitanS,</strong></span> 
     </span>
     <span class='ocr_line' id='line_1_35' title="bbox 310 3935 2381 4020; baseline -0.001 -28"><span class='ocrx_word' id='word_1_288' title='bbox 310 3955 427 3994; x_wconf 89' lang='lat' dir='ltr'><strong>non</strong></span> <span class='ocrx_word' id='word_1_289' title='bbox 456 3936 686 3995; x_wconf 88' lang='lat' dir='ltr'><strong>minore</strong></span> <span class='ocrx_word' id='word_1_290' title='bbox 714 3937 910 3995; x_wconf 85' lang='lat' dir='ltr'><strong>animo</strong></span> <span class='ocrx_word' id='word_1_291' title='bbox 943 3957 1119 4015; x_wconf 89' lang='lat' dir='ltr'><strong>quam</strong></span> <span class='ocrx_word' id='word_1_292' title='bbox 1158 3935 1393 4014; x_wconf 82' lang='lat' dir='ltr'><strong>ingenio</strong></span> <span class='ocrx_word' id='word_1_293' title='bbox 1414 3936 1702 4020; x_wconf 81' lang='lat' dir='ltr'><strong>jacentem</strong></span> <span class='ocrx_word' id='word_1_294' title='bbox 1735 3956 1896 3995; x_wconf 90' lang='lat' dir='ltr'><strong>reum</strong></span> <span class='ocrx_word' id='word_1_295' title='bbox 1924 3935 2125 3997; x_wconf 80' lang='lat' dir='ltr'><strong>erexit.</strong></span> <span class='ocrx_word' id='word_1_296' title='bbox 2167 3938 2381 3993; x_wconf 88' lang='lat' dir='ltr'><strong>Noster</strong></span> 
     </span>
     <span class='ocr_line' id='line_1_36' title="bbox 309 4033 2381 4112; baseline -0.001 -22"><span class='ocrx_word' id='word_1_297' title='bbox 309 4033 407 4112; x_wconf 85' lang='lat' dir='ltr'><strong>ille</strong></span> <span class='ocrx_word' id='word_1_298' title='bbox 442 4033 692 4110; x_wconf 81' lang='lat' dir='ltr'><strong>juvenili</strong></span> <span class='ocrx_word' id='word_1_299' title='bbox 743 4035 927 4092; x_wconf 88' lang='lat' dir='ltr'><strong>elatus</strong></span> <span class='ocrx_word' id='word_1_300' title='bbox 972 4035 1250 4106; x_wconf 88' lang='lat' dir='ltr'><strong>audacia,</strong></span> <span class='ocrx_word' id='word_1_301' title='bbox 1279 4035 1493 4112; x_wconf 88' lang='lat' dir='ltr'><strong>illaque</strong></span> <span class='ocrx_word' id='word_1_302' title='bbox 1537 4036 1765 4093; x_wconf 84' lang='lat' dir='ltr'><strong>fervens</strong></span> <span class='ocrx_word' id='word_1_303' title='bbox 1807 4033 2235 4111; x_wconf 84' lang='lat' dir='ltr'><strong>indignatione,</strong></span> <span class='ocrx_word' id='word_1_304' title='bbox 2264 4051 2381 4108; x_wconf 86' lang='lat' dir='ltr'><strong>qua</strong></span> 
     </span>
     <span class='ocr_line' id='line_1_37' title="bbox 310 4127 2382 4212; baseline -0.002 -23"><span class='ocrx_word' id='word_1_305' title='bbox 310 4127 458 4190; x_wconf 87' lang='lat' dir='ltr'><strong>benc</strong></span> <span class='ocrx_word' id='word_1_306' title='bbox 488 4145 693 4190; x_wconf 83' lang='lat' dir='ltr'><strong>natum</strong></span> <span class='ocrx_word' id='word_1_307' title='bbox 730 4146 934 4210; x_wconf 88' lang='lat' dir='ltr'><strong>pectus</strong></span> <span class='ocrx_word' id='word_1_308' title='bbox 967 4134 1038 4192; x_wconf 88' lang='lat' dir='ltr'><strong>ad</strong></span> <span class='ocrx_word' id='word_1_309' title='bbox 1080 4153 1285 4212; x_wconf 88' lang='lat' dir='ltr'><strong>magna</strong></span> <span class='ocrx_word' id='word_1_310' title='bbox 1310 4133 1654 4211; x_wconf 85' lang='lat' dir='ltr'><strong>impellitur,</strong></span> <span class='ocrx_word' id='word_1_311' title='bbox 1684 4153 1866 4211; x_wconf 86' lang='lat' dir='ltr'><strong>quum</strong></span> <span class='ocrx_word' id='word_1_312' title='bbox 1906 4143 2163 4190; x_wconf 84' lang='lat' dir='ltr'><strong>tacerent</strong></span> <span class='ocrx_word' id='word_1_313' title='bbox 2203 4128 2382 4186; x_wconf 81' lang='lat' dir='ltr'><strong>ceteri</strong></span> 
     </span>
    </p>
   </div>
  </div>
 </body>
</html>
