3044 4788
609 463 716 531 IN
765 461 1199 529 VERREM
1239 461 1454 528 ACT.
1500 462 1623 544 11,
1671 462 1866 529 LIB.
1918 461 2022 530 II.
2238 458 2384 546 415

241 590 329 678 Q.
376 583 635 657 Catulo
671 580 983 652 fundum
1020 582 1396 653 restituere
1420 633 1440 668 ‚
1485 595 1615 650 aut
1646 579 2133 652 condemnare
2173 605 2377 665 eum,

244 721 466 793 quem
503 719 655 764 non
692 692 1072 791 oporteat?
1112 689 1663 787 Ejusdemmodi
1705 705 1942 761 totum
1971 691 2093 786 jus
2128 708 2383 790 praeto·

242 813 430 877 rium
450 860 471 891 ‚
501 801 1024 900 ejusdemmodi
1047 802 1285 872 omnis
1319 826 1435 871 res
1460 800 1837 897 judiciaria
1863 797 1999 871 fuit
2026 804 2104 872 in
2141 802 2377 873 Sicilia

242 943 372 1014 per
407 917 836 999 triennium,
861 917 1085 983 Verre
1129 925 1455 1008 praetore.
1501 914 1808 982 Decreta
1857 909 2252 1005 ejusmodi:
2300 915 2376 982 St

132 1094 137 1099 .
242 1038 435 1099 now-³
474 1050 770 1112 ACCIPIT,
786 1047 981 1108 ouon
1007 1047 1098 1093 ΤΕ
1136 1046 1407 1092 DEBERE
1436 1041 1640 1110 1>th5,
1673 1045 2006 1109 Accusns3
2044 1046 2107 1095 st
2145 1046 2376 1109 ΡΕΤιτ,

244 1163 495 1209 υυοΑε.
526 1142 601 1208 C.
617 1134 971 1207 Fuficium
1009 1132 1177 1204 duci
1198 1131 1411 1227 jussit
1443 1134 1825 1231 petitorem
1845 1187 1864 1220 ‚
1905 1136 1985 1204 L.
2013 1135 2337 1206 Suetium
2359 1188 2381 1215 ‚

240 1254 319 1318 L.
348 1244 720 1318 Racilium.
765 1243 1038 1315 Judicia
1078 1242 1496 1338 hujusmodi
1534 1269 1549 1311 ε
1586 1244 1729 1333 Qui
1781 1245 2048 1316 cives¹⁰
2094 1245 2379 1315 romani

241 1373 479 1445 erant,
515 1358 575 1427 si
615 1353 834 1425 Siculi
877 1368 1118 1424 essent
1144 1407 1163 1438 ‚
1209 1374 1438 1448 quum
1484 1352 1763 1424 Siculos
1800 1377 2057 1424 eorum
2096 1353 2380 1451 legibus

242 1468 396 1538 dari
438 1478 858 1564 oporteret3
918 1465 1047 1559 qui
1101 1460 1354 1550 Siculi,
1419 1466 1477 1532 si
1537 1464 1727 1533 cives
1779 1468 2059 1534 romani
2115 1479 2374 1536 essent.

242 1582 557 1662 Verum,
608 1589 689 1646 ut
729 1588 970 1643 totum
1013 1597 1244 1670 genus
1281 1571 1861 1669 complectamini
1890 1572 2378 1666 judiciorum;

244 1688 445 1783 prius
461 1686 619 1779 jura
641 1683 1075 1769 Siculorum,
1094 1680 1357 1752 deiude
1376 1683 1582 1753 istius
1597 1683 1918 1756 instituta
1939 1689 2377 1781 cognoscite.

343 1799 534 1866 XIII.
564 1794 780 1866 Siculi
806 1792 948 1864 hoc
972 1793 1135 1887 jure
1169 1805 1375 1875 sunt,
1394 1806 1477 1862 ut
1498 1846 1519 1877 ‚
1549 1790 1751 1888 quod
1790 1792 1961 1863 civis
1989 1818 2156 1865 cum
2185 1800 2375 1867 cive¹

242 1921 442 2004 agat,
478 1905 676 1977 domi
714 1917 940 1976 certet
973 1905 1119 1975 suis
1153 1900 1468 1999 legibus;
1505 1902 1708 1999 quod
1746 1903 2028 1974 Siculus
2069 1929 2235 1976 cum
2273 1910 2381 1978 Si-

243 2018 410 2089 culo
452 2043 607 2088 non
657 2013 988 2111 ejusdem·
1027 2013 1369 2099 civitatis,
1410 2025 1495 2082 ut
1536 2011 1628 2082 de
1673 2037 1762 2083 eo
1806 2028 2071 2110 praetor
2105 2013 2384 2109 judices

243 2155 331 2201 ex
358 2134 430 2199 P.
460 2126 729 2225 Rupilii
747 2136 775 2168 ²
815 2123 1107 2195 decreto
1129 2176 1148 2211 ,
1193 2121 1397 2219 quod
1424 2126 1483 2193 is
1514 2120 1605 2192 de
1634 2121 1885 2193 decent
1908 2120 1937 2167 ³
1974 2122 2380 2221 legatorum

241 2360 333 2408 dne
356 2357 485 2408 idem
504 2354 737 2406 Servilius
757 2369 901 2419 quem
926 2352 1168 2400 damnare
1191 2359 1263 2399 tn·

241 2456 353 2487 men
380 2454 477 2486 nort
503 2433 781 2499 oportebat,
809 2444 979 2498 utpote
1007 2430 1077 2478 rei
1101 2429 1271 2476 domi·—

243 2535 379 2566 num.
405 2514 556 2579 Quod
580 2525 738 2562 tamen
759 2513 917 2560 fecere
951 2525 1145 2559 necesse
1172 2507 1262 2555 erit

235 2597 397 2661 iudici
410 2630 427 2655 ‚
455 2593 665 2642 formula
682 2610 709 2641 a
739 2601 944 2654 praetore
962 2590 1071 2637 data
1091 2589 1158 2634 ita
1177 2585 1264 2634 ed-

241 2678 437 2725 strict0.
459 2676 539 2722 Sic
559 2689 652 2720 noc
667 2668 939 2719 exVoorda
962 2670 1016 2716 in
1040 2667 1260 2715 Lection.

240 2756 458 2805 Tnlliau.
501 2754 900 2816 interpretamur,
943 2747 1076 2812 apud
1118 2762 1265 2809 quem

243 2839 384 2901 plura
413 2834 540 2882 vide.
574 2833 747 2888 Gaius,
772 2832 864 2891 IV,
901 2829 999 2890 39,
1034 2835 1116 2883 44.
1143 2825 1267 2872 Vin-

242 2919 355 2966 niue
390 2916 454 2965 ad
489 2918 512 2963 1
554 2916 629 2963 tit.
662 2912 724 2960 de
751 2908 906 2974 act-S
943 2910 1027 2966 31,
1068 2909 1131 2964 3,
1169 2917 1264 2955 etc.

241 2999 402 3047 Aliter
423 2998 768 3058 interpretatur
792 2989 1076 3038 Manutius:
1103 2986 1267 3035 Iudex

243 3088 449 3142 cogetur
474 3085 557 3124 aut
577 3072 904 3123 condemnare
928 3068 992 3128 Q.
1008 3065 1234 3115 Catulum
1250 3100 1267 3127 ,

241 3173 391 3220 quem
431 3153 752 3204 condemnere
794 3165 898 3198 non
940 3155 1168 3211 oporteat
1203 3161 1266 3193 ex

244 3235 452 3285 formula
479 3233 726 3299 putoris,
750 3229 804 3278 id
817 3226 1065 3289 jubentis,
1089 3239 1193 3273 non
1211 3235 1267 3273 ut

243 3315 471 3377 Catulus,
505 3313 592 3362 ced
630 3322 683 3360 ut
711 3309 942 3359 Serviliue
977 3305 1268 3355 condemna·

241 3408 395 3446 retur.
462 3394 762 3443 Alterutrum
823 3387 974 3452 igitur
1044 3384 1268 3450 peccabit

240 3476 479 3525 octavius
496 3471 673 3537 judex,
700 3482 783 3517 aut
809 3466 1062 3517 servilium
1087 3466 1268 3526 injuste

244 3552 593 3603 condemnabit
607 3585 623 3610 ‚
662 3550 774 3612 quia
814 3546 1073 3596 formulam
1099 3561 1268 3610 oeque·

245 3648 355 3690 tnr;
380 3643 464 3680 aut
482 3629 706 3679 Catulum
721 3661 737 3686 ‚
760 3639 931 3676 contre
946 3642 1093 3690 quem
1115 3641 1267 3689 opor-

244 3723 377 3772 tent,
408 3709 524 3772 quia
557 3707 774 3756 discedet
813 3721 841 3753 ι
883 3704 1105 3754 formula.
1141 3707 1266 3767 Quoe

242 3791 391 3841 nobie
424 3788 584 3836 minus
610 3785 725 3835 felix
750 3784 943 3833 videtur
973 3784 1266 3847 explicatio,

242 3887 406 3935 neqne
439 3884 552 3916 cnm
578 3865 800 3915 sot-muln
824 3880 972 3913 neum
1000 3865 1263 3913 coneentit.

316 3967 365 4014 9.
384 3948 439 3998 Si
452 3963 569 3995 non.
589 3945 752 3996 Jubeo
776 3960 804 3992 ι
831 3942 1054 3993 debitore
1079 3954 1268 3992 tantum

240 4031 467 4094 accipere
512 4024 832 4081 creditorem,
881 4037 984 4070 non
1033 4033 1269 4085 quantum

243 4109 340 4156 sibi
367 4107 533 4157 deberi
563 4104 713 4164 dicit,
747 4101 833 4151 ced
861 4113 1100 4165 quantum
1134 4100 1270 4150 debi-

245 4199 327 4235 tot·
351 4189 454 4253 ipse
478 4183 789 4247 dictat-Quod
814 4183 856 4232 ei
884 4180 1007 4232 nolit
1034 4197 1268 4231 summam

1350 2364 1456 2397 eam
1478 2347 1699 2412 accipere
1721 2347 1934 2398 creditor
1957 2364 2051 2415 pro
2077 2350 2222 2416 plene
2244 2353 2381 2402 eolu-

1351 2428 1503 2489 tione,
1515 2443 1713 2475 accuses
1732 2444 1871 2486 eum3
1897 2427 1937 2474 ei
1959 2430 2083 2492 petit
2101 2431 2210 2493 plue
2230 2448 2377 2495 quatu

1352 2507 1532 2555 debere
1555 2506 1694 2565 dicis,
1713 2505 1863 2553 ducas
1883 2523 1996 2554 eum
2013 2508 2066 2554 in
2091 2509 2379 2561 vincula.—

1351 2589 1484 2635 Loco
1524 2584 1681 2649 petit,
1731 2585 1952 2633 Lambin.
1987 2586 2149 2635 Graev.
2179 2589 2378 2652 petitur.

1350 2666 1598 2723 Nunnius,
1611 2665 1813 2729 petitor.
1835 2665 1935 2713 Alii
1952 2701 1967 2725 ,
1991 2667 2201 2730 patitur.

1428 2761 1505 2794 to.
1547 2746 1643 2809 Qui
1679 2745 1823 2794 cim.
1858 2746 2114 2794 Dabantur
2156 2748 2350 2808 indices
2365 2784 2380 2808 ,

1352 2825 1440 2890 qui
1465 2825 1597 2872 cives
1622 2826 1811 2872 romani
1850 2835 2013 2885 erant,
2050 2825 2092 2873 ei
2120 2827 2271 2877 Siculi
2307 2831 2376 2877 rei

1352 2916 1539 2964 essent,
1555 2914 1604 2951 et
1627 2904 1734 2952 vice
1757 2919 1916 2962 vern-13
1941 2897 2094 2969 qnu‘m
2112 2917 2283 2955 contra
2302 2909 2377 2957 Si-

1354 2985 1492 3034 culos
1516 3000 1545 3032 ι
1573 2985 1772 3044 Siculis,
1803 2986 2051 3033 Romanoa
2077 3001 2105 3033 ι
2144 2987 2381 3036 Romanis

1349 3064 1557 3127 judicari
1586 3063 1667 3111 lex
1682 3064 1892 3125 juberet.
1923 3064 2103 3113 Semne
2127 3078 2202 3115 eet
2231 3085 2378 3133 expe-

1355 3143 1486 3192 ditus
1499 3177 1515 3202 ‚
1537 3144 1577 3190 ei
1603 3142 2027 3207 subintelligantur
2043 3144 2129 3194 rei.

1425 3224 1573 3271 xm.
1603 3238 1647 3272 1.
1676 3222 1909 3272 Priscian.
1942 3239 2054 3287 pag.
2090 3225 2218 3285 766,
2256 3227 2376 3277 edit.

1353 3302 1551 3351 Putsch.
1571 3302 1719 3350 habet
1742 3300 1849 3351 civi.
1875 3305 1909 3352 J
1913 3305 2000 3349 .V.
2022 3306 2075 3351 1..

1428 3399 1480 3431 2.
1504 3384 1557 3430 P.
1584 3380 1776 3446 Rupilii.
1793 3384 1840 3430 Is
1859 3398 1921 3430 ex
1938 3382 2201 3445 publicano
2222 3384 2380 3434 sactus

1354 3461 1530 3509 consul
1557 3464 1617 3511 A.
1632 3463 1693 3511 U.
1715 3463 1814 3509 621
1839 3463 1893 3511 in
1919 3463 2082 3511 Sicilia
2112 3479 2224 3511 cnm
2249 3466 2378 3530 fngi-

1354 3543 1468 3590 tivis
1503 3540 1796 3599 debellavit3
1841 3553 1890 3591 et
1941 3543 2104 3600 servili
2150 3546 2380 3595 confecto

1350 3621 1509 3681 bello,
1531 3621 1743 3670 Siciliam
1766 3624 2022 3676 constitnit
2047 3624 2379 3686 tic-decretum

1353 3702 1519 3761 dedit,
1545 3700 1816 3749 secundnm
1840 3702 1979 3765 qnod
2005 3703 2314 3754 ordinaretur
2330 3718 2381 3756 et

1351 3782 1782 3834 administraretur.
1811 3782 1952 3833 Verr.
1991 3785 2079 3840 lv,
2123 3785 2209 3834 50.
2249 3786 2378 3835 ven.

1353 3858 1460 3913 Pet.
1498 3864 1574 3921 11,
1616 3877 1700 3923 ¹7·

1426 3943 1475 3990 3.
1494 3943 1672 3989 Decem
1688 3941 1973 4006 legatorum.
1992 3943 2227 3991 Romani·
2245 3945 2383 3994 insti-

1356 4033 1513 4070 tutum
1551 4032 1654 4069 erat
1697 4030 1776 4079 nt,
1800 4037 1953 4085 quum
1990 4023 2042 4069 in
2087 4032 2379 4085 potestatem

1354 4101 1652 4164 redegissent
1709 4101 2012 4163 provinciam
2033 4135 2048 4157 ‚
2098 4100 2267 4150 decem
2317 4119 2379 4151 eo

1356 4183 1662 4229 mitterentur
1683 4179 1828 4242 legati
1840 4213 1857 4241 ,
1875 4179 1962 4243 qui
1987 4195 2082 4229 une
2100 4196 2214 4230 cum
2235 4183 2380 4247 impe·
