3044 4788
574 421 713 507 248
1209 425 1305 492 M.
1358 424 2081 508 T.,CICERO.NIS
2158 417 2168 426 ’

573 540 819 612 multis
850 543 1018 613 satis
1044 565 1198 614 esse
1230 541 1494 639 possit3
1535 540 1712 611 nihil
1747 564 1898 611 esse
1929 555 2078 611 tam
2116 554 2444 611 sanctum
2466 595 2485 628 ,
2516 542 2723 638 quod

571 677 720 722 non
741 650 1029 736 violari,
1057 651 1238 721 nihil
1267 665 1414 720 tam
1441 651 1806 720 munitum
1824 646 1877 737 ⁵,
1901 648 2103 747 quod
2133 674 2289 721 non
2315 653 2720 747 expugnari
2820 664 2825 667 ’

573 763 883 858 pecunia
926 764 1174 859 possit.
1235 758 1457 852 Quod
1493 760 1580 847 si,
1621 785 1843 856 quam
1889 760 2124 830 audax
2169 775 2280 832 est
2318 760 2410 831 ad
2448 786 2720 832 conan-

575 871 753 941 dum
775 925 796 957 ,
841 886 987 942 tam
1025 886 1210 942 esset
1246 866 1653 942 obscurus⁶
1690 871 1765 940 in
1794 869 2109 968 agend03
2138 867 2441 941 fortasse
2478 870 2721 968 aliqua

573 982 652 1049 in
686 1005 765 1051 re
804 1006 940 1052 nos
979 979 1368 1078 aliquando
1399 977 2069 1058 fefellisset.Verum
2105 980 2248 1052 boc
2284 981 2523 1053 adhuc
2552 1007 2716 1079 per-

572 1088 954 1161 commode
1003 1090 1230 1179 cadit,
1270 1089 1472 1189 quod
1517 1114 1689 1161 cum
1736 1089 2142 1162 incredibili
2197 1093 2357 1188 ejus
2417 1092 2719 1164 audacia

575 1198 954 1297 singularis
1000 1199 1296 1272 stultitia
1340 1201 1733 1297 conjuncta
1777 1216 1901 1272 est.
1948 1205 2131 1272 Nam
2181 1215 2263 1272 ut
2301 1218 2594 1300 aper-tus
2639 1205 2718 1272 in

471 1332 476 1338 ·
575 1310 1049 1407 corripiendis
1078 1311 1405 1409 pecuniis
1440 1309 1612 1398 fuit,
1639 1311 1739 1381 sic
1774 1313 1851 1382 in
1889 1337 2016 1410 spe
2048 1313 2570 1411 corrumpendi
2601 1314 2718 1409 ju-

576 1418 741 1489 dicii
769 1422 1141 1518 perspicua
1168 1445 1296 1493 sua
1328 1421 1629 1492 consilia
1665 1437 2110 1520 conatusque
2142 1421 2486 1494 omnibus
2516 1421 2707 1494 fecit.

576 1531 843 1620 Semel,
885 1534 1019 1615 ait,
1074 1558 1151 1604 se
1190 1537 1268 1604 in
1310 1532 1456 1602 vita
1504 1532 2000 1629 pertimuisse,
2044 1548 2235 1620 tum,
2285 1560 2514 1631 quum
2569 1536 2719 1632 pri·-

577 1666 776 1711 mum
819 1656 1029 1715 reus?
1065 1669 1105 1715 a
1130 1668 1247 1714 me
1275 1641 1505 1713 factus
1539 1642 1626 1713 sit
1660 1669 1676 1711 ε
1721 1643 1961 1739 quod,
2001 1670 2235 1742 quum
2273 1669 2313 1715 e
2344 1646 2719 1741 provincia

574 1775 827 1823 recens
863 1748 1087 1840 esset,
1137 1750 1550 1848 invidiaque
1597 1765 1668 1821 et
1713 1749 2005 1824 infamia
2044 1779 2197 1825 non
2240 1757 2549 1842 recenti,
2592 1754 2719 1825 sed

576 1859 858 1934 vetere⁸
890 1888 970 1935 ac
990 1862 1336 1932 diuturna
1355 1859 1706 1958 flagraret,
1732 1875 1890 1931 tum
1911 1850 2371 1958 adjudicium
2394 1887 2719 1933 corrum-

579 1973 905 2068 pendum
950 1986 1237 2069 tempus
1283 1970 1654 2042 alienum9
1704 1968 2132 2044 offenderet.
2188 1976 2444 2068 Itaque
2486 1996 2717 2068 quum

581 2105 715 2177 ego
762 2080 1033 2152 diem¹⁰
1063 2083 1137 2151 in
1176 2082 1483 2152 Siciliam
1532 2080 1948 2177 inquirendi
1980 2085 2444 2180 perexiguam
2483 2097 2722 2180 postu-

581 2229 677 2277 bus
693 2231 1043 2291 communicem
1062 2232 1239 2289 horum
1248 2235 1379 2282 euim
1387 2232 1607 2284 omnium

584 2309 792 2357 maxime
808 2320 891 2357 aut
906 2310 968 2358 sd
988 2311 1209 2376 gloriam,
1230 2325 1317 2362 aut
1338 2314 1401 2361 ad
1428 2312 1608 2361 utilita-

1694 2231 1910 2298 incoepts
1935 2233 1999 2281 ab
2025 2233 2167 2282 istius
2195 2241 2450 2296 quaesturae
2477 2242 2723 2297 tempore,

1694 2327 1783 2375 per
1827 2314 2090 2360 continuos
2144 2310 2514 2376 quatuordecim
2568 2326 2723 2359 annos

587 2397 685 2438 tem
729 2389 960 2441 intererat
974 2427 989 2451 ,
1028 2393 1214 2455 judicis
1262 2396 1458 2443 minime
1497 2410 1606 2443 eor÷

587 2470 769 2534 rumpi.
797 2473 847 2518 Si
875 2472 1005 2520 enim
1027 2474 1082 2519 in
1122 2490 1333 2522 errorem
1357 2472 1610 2524 Hortensii

587 2549 772 2598 artibus
783 2550 975 2611 judices
986 2552 1177 2600 inducti
1191 2554 1395 2621 fuissent
1407 2587 1422 2611 ‚
1447 2568 1611 2616 quum-

585 2630 661 2678 vis
674 2646 776 2677 non
791 2632 995 2694 pecunia
1012 2633 1273 2689 tentati,sd
1285 2632 1609 2680 differendum

583 2709 821 2770 judicium
836 2745 852 2769 ,
884 2726 987 2758 non
1015 2721 1177 2760 tamen
1203 2711 1337 2775 apud
1369 2712 1609 2775 populum

586 2789 917 2853 corruptionis
956 2790 1131 2837 famam
1169 2790 1416 2850 vitabant,
1451 2808 1612 2855 neque

583 2867 719 2915 illm
757 2867 888 2931 apud
928 2867 1090 2917 bonos
1123 2871 1303 2930 iustam
1346 2871 1613 2933 invidiam,

591 2945 730 3009 quod
757 2942 894 2992 reum
920 2948 1316 2997 nocentissimum
1343 2950 1407 2999 ad
1430 2961 1611 2999 certam

586 3035 877 3088 turpemque
909 3024 1270 3093 absolutionem
1301 3029 1611 3078 dimisissent.

661 3105 712 3152 5.
734 3102 990 3151 Mum‘eum.
1019 3106 1253 3156 Alludere
1276 3108 1472 3156 videtur
1496 3125 1609 3156 ors-

589 3197 670 3233 tor
698 3183 760 3231 sd
790 3184 976 3232 dictum
996 3185 1121 3233 illud
1143 3188 1361 3251 Philippi
1385 3188 1614 3236 Macedo-

590 3263 667 3311 nis
685 3277 698 3312 τ
718 3284 743 3305 κ
757 3265 945 3312 nullum
963 3282 1066 3313 esse
1084 3267 1321 3331 oppidum
1343 3277 1437 3313 tam
1456 3269 1614 3314 muni-

591 3352 696 3388 tum
731 3345 868 3406 quod
906 3360 1009 3390 non
1045 3356 1431 3407 expugnaretur,
1460 3347 1612 3396 modo

593 3422 770 3468 asellus
801 3436 921 3469 suro
959 3432 1165 3470 onustus
1197 3436 1364 3487 posset
1403 3424 1456 3472 in
1489 3427 1613 3475 illud

593 3498 855 3546 ascendere
868 3518 909 3545 ι.
939 3501 1045 3547 Au.
1075 3501 1124 3556 1,
1168 3502 1250 3549 16.
1274 3503 1418 3552 Cous.
1446 3504 1613 3556 locum

597 3574 801 3623 similem
824 3577 1141 3628 Demosthen.
1165 3579 1216 3626 in
1234 3580 1495 3636 'rheam-iu.

666 3656 717 3702 6.
738 3654 991 3705 Obscurus.
1006 3658 1270 3707 occultans
1281 3677 1366 3710 sus
1382 3663 1615 3716 facinora.

595 3734 676 3783 Sic
703 3736 876 3782 Horat.
894 3736 1051 3801 Epist.
1069 3741 1119 3799 1,
1150 3731 1244 3789 18':
1287 3763 1309 3785 ι
1331 3742 1617 3812 plerumque

595 3813 846 3862 modestus
878 3817 1102 3881 Occupat
1135 3819 1332 3869 obscuri
1370 3827 1580 3886 speciem
1600 3860 1616 3887 ,

597 3896 867 3941 taciturnus
892 3895 1052 3943 acerbi
1076 3918 1117 3946 a.

671 3988 718 4032 7.
738 3974 877 4021 Reus.
910 3976 954 4022 A
974 3991 1052 4023 me
1078 3993 1256 4026 nomen
1280 3979 1383 4039 ejus
1408 3979 1472 4025 sd
1497 3994 1618 4042 prae-

598 4064 754 4100 torem
779 4062 851 4099 est
873 4052 1104 4102 delutum.

1695 2392 1872 2440 mansit
1899 2392 1962 2441 ad
1988 2392 2115 2446 henc-
2147 2390 2296 2439 diem.

1769 2488 1821 2534 9.
1834 2473 2076 2522 Alienum.
2095 2470 2366 2519 Adversum
2380 2504 2396 2529 ,
2408 2470 2721 2527 contrarium,

1698 2543 1809 2613 quia
1833 2568 1944 2600 reus
1965 2568 1991 2599 a
2018 2568 2096 2598 me
2112 2551 2270 2598 factus
2292 2561 2419 2597 esset
2438 2564 2452 2597 :
2470 2564 2572 2612 quo
2590 2561 2723 2597 acto-

1695 2645 1769 2688 re,
1784 2646 1886 2678 non
1904 2641 2005 2678 erat
2026 2629 2162 2694 quod
2183 2629 2236 2676 in
2255 2628 2438 2676 divitiis
2457 2630 2558 2676 suis
2574 2627 2720 2676 ullam

1699 2710 2154 2773 spemcollocaret3
2184 2708 2299 2772 qnia
2334 2717 2445 2754 ante
2474 2717 2572 2754 tam
2596 2723 2725 2754 seve·

1697 2804 1806 2835 rum
1830 2788 2043 2836 tribunal
2060 2786 2336 2845 sistebatur,
2354 2786 2492 2849 quod
2507 2786 2717 2853 pecunis

1699 2882 1799 2915 non
1820 2869 2066 2932 corrumpi
2084 2876 2264 2931 posset.

1776 2961 1855 2995 ιο.
1886 2946 2042 2995 Diem.
2092 2944 2209 2993 Dies
2258 2942 2469 2992 femineo
2520 2959 2693 3007 genere
2708 2979 2725 3004 ,

1698 3035 1889 3090 tempus
1911 3024 2176 3090 significat,
2198 3025 2361 3087 inquit
2380 3023 2652 3077 Asconins3
2671 3034 2723 3070 st

1699 3105 1803 3152 dies
1842 3104 2071 3153 horarum
2113 3104 2373 3152 duodecim
2422 3100 2612 3165 generis
2653 3113 2725 3149 est

1699 3186 1970 3234 masculini.
1991 3189 2145 3235 Porro
2165 3185 2269 3232 dies
2293 3185 2357 3232 nd
2382 3181 2727 3247 inquirendum

1698 3265 1969 3330 postulavit
2001 3265 2175 3313 Cicero
2211 3273 2407 3311 centnm
2446 3273 2496 3309 et
2537 3260 2723 3307 decem.

1701 3343 1896 3409 Quibus
1933 3346 1980 3392 ei
2015 3343 2168 3399 datis,
2203 3341 2374 3389 Verris
2400 3340 2543 3387 amici
2571 3355 2725 3402 quum

1700 3426 1884 3472 vellent
1916 3437 2111 3470 causam
2145 3420 2284 3469 istius
2328 3420 2380 3467 in
2429 3434 2610 3467 sunum
2655 3434 2728 3465 se-

1700 3516 1925 3568 quentem
1962 3501 2271 3565 protrahere,
2308 3515 2411 3563 quo
2434 3513 2566 3546 anno
2603 3514 2728 3562 prae·

1702 3593 1779 3631 tor
1797 3585 1989 3631 sununs
2004 3590 2129 3629 esset
2145 3581 2217 3627 M.
2230 3579 2479 3636 Metellus,
2503 3576 2727 3626 consulis

1702 3664 1864 3718 frater,
1880 3660 2046 3707 Verris
2071 3659 2388 3727 amicissimus
2409 3655 2544 3718 (infr.
2566 3672 2675 3720 cap.
2698 3671 2725 3715 7

1703 3752 1751 3790 et
1767 3743 1836 3809 8),
1849 3739 2178 3787 subornarunt
2190 3738 2446 3803 Rupilium
2457 3735 2728 3801 quemdam,

1703 3821 1806 3867 sive
1831 3818 2077 3883 Oppium,
2104 3817 2190 3884 qui
2224 3830 2495 3867 senatorem
2512 3849 2527 3873 ,
2566 3815 2730 3862 nescio

1704 3917 1875 3964 quem,
1903 3916 2037 3947 reum
2065 3901 2273 3960 faceret,
2303 3908 2352 3946 et
2391 3895 2730 3944 tantummodo

1705 3990 1902 4027 centnm
1933 3990 1984 4027 et
2010 3989 2124 4026 octo
2148 3979 2251 4025 dies
2278 3975 2563 4041 postularet.
2595 3977 2656 4021 ln
2677 3990 2730 4021 ea

1713 4060 1891 4107 malitis
1914 4058 2011 4106 hoe
2039 4068 2140 4106 erat
2160 4057 2228 4104 eis
2264 4053 2512 4125 commodi
2535 4068 2548 4101 ε
2578 4053 2731 4116 Rupi-

670 4133 717 4179 8.
754 4134 955 4191 Vetere,
986 4133 1166 4193 invidia
1187 4147 1235 4183 ee
1253 4134 1478 4200 iffame‘a.
1501 4139 1624 4200 Quae
1714 4138 1808 4188 lius
1842 4137 2058 4198 scilicet,
2101 4137 2288 4184 ratione
2328 4135 2561 4198 temporis
2597 4131 2734 4197 quod
