3044 4788
753 456 1144 524 ORATIO
1194 454 1399 524 PRO
1452 453 1518 522 S.
1558 455 1974 525 ROSCIO.
2298 453 2413 526 13·

307 577 710 654 commodis
754 577 974 649 dicit:
1017 591 1259 674 rogat,
1311 589 1619 673 oratque
1654 592 1725 647 te
1751 632 1772 665 ,
1812 576 2319 673 chrysogone,
2376 584 2432 650 si
2514 616 2525 629 ·

304 691 477 762 nihil
511 690 608 761 de
642 693 871 789 patris
900 686 1211 759 fortunis
1241 688 1700 786 amplissimis
1733 690 1807 757 in
1836 711 2041 758 suam
2071 713 2224 759 rem
2255 713 2431 758 con-

298 803 547 887 vertit3
571 802 630 870 si
661 799 957 871 nullassin
984 821 1061 868 re
1083 811 1156 868 te
1177 794 1566 886 fraudavit3
1589 798 1647 868 si
1673 796 1805 868 tibi
1832 800 2109 895 optima
2132 796 2278 868 fide
2307 823 2435 869 sua

292 914 545 983 omnia
579 912 963 996 concessit,
994 910 1534 997 annumeravit,
1558 907 1949 1007 appendit3
1975 911 2034 979 si
2061 910 2397 979 vestitum
2415 961 2435 996 ,

292 1046 447 1118 quo
475 1023 634 1118 ipse
657 1030 891 1089 tectus
910 1017 1623 1115 erat,'annulumque
1647 1016 1739 1089 de
1762 1016 1988 1114 digito
2003 1014 2034 1060 ⁵
2060 1043 2274 1089 suum
2300 1018 2436 1089 tibi

296 1128 632 1216 tradidit3
662 1129 720 1198 si
747 1152 835 1197 ex
864 1125 1208 1198 omnibus
1235 1126 1457 1198 rebus
1484 1151 1560 1198 se
1583 1130 1824 1226 ipsum
1852 1127 2132 1199 nudum
2152 1182 2173 1216 ,
2194 1147 2437 1226 neque

293 1253 642 1338 praeterea
671 1235 1076 1334 quidquam
1118 1238 1442 1335 excepit3
1491 1251 1576 1307 ut
1605 1233 1790 1308 sibi⁶
1822 1260 1954 1336 per
1984 1252 2057 1310 te
2089 1239 2299 1310 liceat
2328 1243 2437 1309 in-

296 1351 596 1420 nocenti
629 1349 1035 1417 amicorum
1061 1344 1328 1444 opibus
1355 1349 1577 1416 vitam
1612 1349 1687 1416 in
1718 1360 2029 1443 egesmte
2060 1346 2346 1445 degere.

394 1465 476 1531 L.
505 1456 779 1529 Praedia
804 1481 963 1528 mea
992 1470 1076 1527 tu
1101 1456 1428 1556 possides
1457 1481 1475 1525 z
1524 1478 1660 1554 ego
1681 1456 1917 1529 aliena
1948 1458 2434 1530 misericordia

301 1572 516 1653 viv03
562 1565 922 1654 concedo,
976 1579 1051 1637 et
1091 1565 1295 1663 quod
1334 1569 1623 1638 animus
1657 1591 1912 1664 aequus
1952 1581 2061 1639 est
2085 1621 2106 1655 ,
2149 1580 2223 1639 et
2264 1573 2437 1667 quia

310 1700 602 1748 necesse
644 1691 750 1748 est
785 1701 803 1744 ε
836 1699 996 1747 mea
1028 1674 1291 1747 domus
1333 1675 1466 1747 tibi
1499 1690 1733 1775 patet,
1785 1676 1964 1747 mihi
2009 1677 2247 1749 clausa
2286 1694 2440 1768 est;

307 1785 513 1858 fero:
548 1784 817 1857 familia
848 1811 1006 1857 mea
1046 1790 1355 1856 maxima
1385 1789 1646 1874 uteriS,
1691 1810 1828 1883 ego
1862 1811 2151 1858 servum
2199 1787 2437 1860 habeo

259 1907 264 1912 ’
303 1896 630 1984 nullum3
656 1898 918 1993 patior,
954 1909 1028 1966 et
1059 1893 1443 1967 ferendum
1470 1912 1674 1995 put0.
1710 1895 1907 1988 Quid
1940 1901 2046 1969 vis
2082 1899 2440 1996 amplius?

298 2005 481 2103 quid
515 2006 921 2102 insequeris
940 2001 986 2084 Ρ,
1013 2004 1195 2102 quid
1227 2007 1652 2104 oppugnas?
1683 2031 1829 2104 qua
1858 2011 1936 2077 in
1970 2033 2047 2078 re
2080 2023 2281 2080 tuam
2320 2034 2443 2080 vo·

301 2118 663 2187 luntatem
690 2113 849 2186 laedi
872 2133 914 2184 a
947 2138 1063 2185 me
1090 2117 1346 2213 putas?
1369 2113 1514 2188 Ubi
1544 2107 2122 2189 tuis'commodis
2152 2116 2442 2189 officio?

297 2225 483 2323 quid
517 2223 652 2296 tibi
685 2222 938 2294 obsto?
962 2227 1035 2295 Si
1067 2225 1469 2322 spoliorum
1498 2237 1748 2297 causa¹
1782 2228 1891 2296 vis
1913 2225 2287 2298 hominem
2320 2253 2442 2299 oc-
2539 2226 2545 2233 “

300 2335 579 2423 cidere,
610 2334 971 2433 spoliasti:
1004 2333 1188 2433 quid
1237 2337 1495 2433 quaeris
1531 2337 1888 2436 amplius?
1936 2340 2008 2408 si
2033 2341 2441 2411 inimicitia-²

300 2470 508 2533 rum3
563 2468 729 2541 quae
777 2458 950 2514 sunt
985 2440 1118 2517 tibi
1175 2448 1567 2537 inimicitiae
1612 2469 1782 2517 cum
1836 2471 1926 2517 eo
1946 2501 1966 2536 ,
2016 2450 2226 2544 cujus
2273 2466 2441 2522 ante

305 2552 571 2651 praedia
594 2552 977 2651 possedisti
992 2607 1010 2641 ,
1034 2574 1256 2651 quam
1287 2558 1530 2654 ipsum
1558 2558 1932 2654 cognosti?
1955 2557 2082 2628 Sin
2106 2563 2369 2630 metuis
2384 2572 2439 2642 ²3

307 2663 402 2733 ab
423 2688 606 2735 eone
624 2664 902 2761 aliquid
930 2669 1191 2736 metuis
1208 2719 1228 2754 ,
1255 2691 1476 2763 quem
1499 2666 1701 2739 vides
1724 2670 1964 2765 ipsum
1990 2666 2083 2737 ab
2111 2692 2265 2738 sese
2289 2683 2436 2739 tam

305 2789 624 2846 atrocem
674 2776 1014 2875 injuriam
1052 2777 1478 2875 propulsare
1514 2800 1679 2873 ‘non
1725 2775 1982 2873 posse?
2029 2779 2198 2863 Sin,
2234 2777 2435 2874 quod
2468 2809 2473 2814 ·

307 2883 527 2972 bona,
550 2907 717 2982 quae
740 2886 978 2954 Roscii
1000 2882 1335 2971 fuerunt,
1352 2898 1477 2955 tua
1504 2882 1690 2955 facta
1716 2898 1890 2954 sunt
1905 2938 1924 2972 ,
1951 2883 2223 2956 idcirco
2241 2885 2442 2957 hunc

382 3070 430 3115 5.
449 3068 528 3115 De
550 3064 726 3131 digito.
753 3068 892 3115 Hanc
921 3065 1191 3129 elegantem
1221 3081 1330 3113 eor·

309 3146 602 3204 rectionem,
629 3160 739 3209 quae
762 3143 986 3193 Lambini
1011 3154 1112 3202 est,
1138 3143 1332 3207 sequuti

1417 3065 1624 3130 gebatur
1647 3085 1671 3109 ι
1690 3080 1745 3112 os
1764 3081 1904 3113 suum
1922 3064 2014 3113 tibi
2032 3062 2234 3115 tradidit
2247 3090 2292 3127 n,
2309 3068 2440 3115 unde

1417 3144 1521 3192 erui
1549 3142 1805 3192 commoda
1822 3143 2087 3208 explicatio
2105 3158 2208 3191 nou
2227 3157 2436 3208 poterat.

310 3235 423 3272 sunt
461 3239 650 3272 omnes.
689 3227 846 3272 Porro
882 3222 1226 3286 intelligendus
1258 3232 1335 3270 est

308 3320 484 3352 aux-em
525 3301 737 3350 annulus
780 3316 924 3366 quem
966 3299 1334 3366 locupletissimi

310 3384 529 3431 {uehunt
544 3417 560 3443 ,
592 3391 650 3428 ut
676 3382 728 3429 S.
753 3380 991 3438 nondun
1017 3380 1150 3428 hunc
1175 3379 1336 3443 Chry·

309 3476 508 3525 segeno
520 3459 933 3525 mdidigquippe
952 3474 1097 3523 quem
1110 3458 1336 3506 omnihus

311 3539 522 3587 fortunis
577 3552 802 3595 eversus,
857 3552 963 3586 non
1000 3537 1104 3598 jem
1152 3547 1335 3601 gesna-e

310 3627 490 3683 ponet.
548 3616 732 3664 Similia
775 3616 996 3680 exemplu
1035 3617 1090 3663 in
1129 3617 1271 3664 verr.
1310 3619 1335 3663 1

308 3697 545 3745 invenies.
566 3697 794 3745 ceum
819 3695 996 3743 frma-n
1027 3694 1189 3742 turbat
1220 3696 1332 3743 Mn-

307 3779 658 3839 mtqumm
677 3774 884 3822 remum
902 3783 1091 3822 tantum
1107 3790 1135 3821 a
1151 3774 1335 3822 Roscio

310 3853 489 3919 gestari
520 3855 739 3918 potuine
763 3854 996 3901 annulum
1019 3853 1151 3901 dieat
1167 3885 1184 3911 ‚
1219 3853 1336 3916 quin

307 3949 417 3981 non
443 3946 594 3996 eques
610 3948 735 3981 rom.
753 3943 875 3981 erat.
899 3933 967 3980 Ut
984 3932 1113 3980 enim
1140 3933 1336 3981 Cicero-

309 4028 425 4061 nem
459 4014 679 4070 mittam,
714 4011 933 4060 Isidorus
974 4022 1138 4076 aperte
1179 4011 1333 4059 dicit:

309 4092 536 4139 -annulo
557 4106 706 4139 auno
729 4090 872 4139 liberi
896 4090 1175 4149 meh-ntur,
1193 4089 1337 4137 llber-

315 4169 408 4217 tini
427 4180 684 4235 argenteo,
710 4170 836 4219 servi
863 4170 1022 4220 fureo
1037 4192 1079 4218 ιι.
1102 4169 1233 4219 Olim
1264 4168 1335 4217 le-

1418 3222 1722 3286 Verburgius
1751 3222 2031 3271 emendarat
2073 3244 2098 3263 α
2111 3223 2440 3287 annulumque

1420 3301 1559 3350 dedit
1574 3335 1589 3360 ,
1607 3313 1691 3349 rus
1724 3314 1864 3348 sunm
1892 3301 1985 3349 tibi
2010 3299 2280 3358 tradidit»,
2304 3303 2441 3365 quod

1418 3380 1565 3428 unice
1582 3379 1759 3444 probat
1779 3382 1904 3429 Otto
1921 3412 1938 3440 ,
1972 3378 2195 3443 quamvis
2217 3379 2339 3427 illud
2359 3397 2443 3429 rus

1420 3468 1537 3522 post
1553 3459 1782 3507 vestitum
1807 3470 1859 3506 et
1883 3457 2121 3505 annulum
2143 3458 2260 3506 satis
2281 3457 2434 3524 idape-

1420 3538 1536 3596 rite‚
1580 3538 1763 3586 nedum
1805 3552 1979 3603 perum
2021 3537 2235 3585 oratorie
2281 3539 2435 3588 collo·

1421 3627 1574 3664 cetur.

1491 3696 1543 3741 6.
1592 3695 1659 3742 Ue
1695 3692 1802 3743 sibi.
1847 3696 2035 3757 Repete
2077 3711 2107 3741 e
2159 3696 2399 3760 superiori
2421 3711 2434 3744 ε

1421 3782 1625 3837 erogat,
1647 3783 1852 3836 oratque
1872 3784 1922 3821 te
1938 3792 1979 3821 Ι.

1494 3855 1552 3899 L.
1583 3867 1627 3898 ι.
1662 3850 1940 3916 Spalim-um
1957 3867 2126 3901 causa.
2153 3852 2261 3900 Jnm
2282 3840 2447 3919 loqui·

1423 3942 1506 3978 tm·
1526 3945 1590 3978 ex
1616 3946 1825 3995 persona
1851 3946 1937 3979 aa
1960 3931 2158 3980 Cicero.

1415 4048 1418 4051 -
1494 4026 1550 4062 ι.
1577 4010 1663 4060 sin
1690 4012 1874 4061 metuis.
1903 4012 1982 4060 Ne
2006 4011 2168 4075 eliqua
2197 4012 2250 4059 in
2278 4028 2330 4059 re
2355 4027 2444 4058 no-

1424 4103 1631 4140 ceat.-—
1650 4098 1824 4141 Frene.
1848 4109 1869 4138 1
1893 4106 1907 4141 z
1942 4091 2044 4139 «ab
2079 4106 2139 4138 eo
2172 4107 2233 4138 ne
2258 4089 2444 4153 aliquid

1423 4183 1609 4221 metuas
1629 4192 1671 4221 ι.
1699 4172 1845 4235 Vulg.
1869 4170 2007 4219 abest
2031 4169 2261 4235 al'iqtu'd.x
2356 4206 2357 4211 ,

2141 4278 2208 4346 9.
