3044 4788
632 383 772 465 412
1274 388 1374 454 M.
1416 387 1494 452 T.
1549 376 2112 453 CICERONIS

631 527 889 574 manus
925 519 1049 576 tua
1087 505 1524 604 putabatur3
1561 504 1825 576 cohors
1863 518 2014 575 tota
2047 503 2169 575 illa
2207 517 2368 593 tua,
2409 531 2582 603 quae
2614 507 2798 605 plus

632 613 802 693 mali
836 615 1084 686 Siciliae
1116 614 1352 702 dedit,
1389 640 1612 711 quam
1646 615 1705 684 si
1741 628 2032 684 centum
2070 613 2402 685 cohortes
2427 614 2794 712 fugitivo-

630 708 843 793 rffm⁸
871 724 1200 814 fuissent,
1229 740 1352 795 tua
1377 749 1637 796 manus
1660 728 1812 795 sine
1841 729 2330 796 controversia
2349 722 2503 795 fuit.
2535 726 2792 816 Quid-

628 833 805 929 quid
850 832 941 904 ab
984 834 1248 905 horum
1291 835 1640 932 quopiam
1684 848 1976 931 captum
2028 848 2172 922 est,
2218 835 2292 905 id
2336 861 2487 905 non
2539 836 2789 908 modo

629 941 761 1013 tibi
787 941 1035 1014 datum
1054 998 1073 1031 ,
1102 943 1228 1015 sed
1261 959 1385 1014 tua
1411 969 1634 1016 manu
1660 958 2122 1015 numeratum
2144 944 2452 1039 judicari
2472 970 2786 1017 necesse

630 1067 758 1124 est.
804 1057 1020 1142 Nam,
1046 1057 1105 1125 si
1155 1054 1341 1126 hauc
1381 1053 1883 1127 defensionem
1920 1054 2353 1153 probabitis,
2389 1060 2615 1127 «Non
2645 1083 2781 1129 ac-

624 1192 659 1227 «
689 1165 878 1260 cepit
913 1168 1103 1260 ipse3
1128 1195 1163 1230 ι)
1196 1165 1362 1237 licet
1398 1166 1646 1236 omnia
1683 1164 1774 1236 de
1813 1166 2141 1263 pecuniis
2178 1167 2609 1262 repetundis
2644 1171 2775 1263 ju-

622 1271 811 1344 dicia
855 1273 1138 1345 tollatis.
1179 1278 1409 1346 Nemo
1456 1298 1802 1370 umquam
1845 1288 1990 1344 tam
2033 1298 2243 1360 reuS,
2299 1288 2446 1344 tam
2492 1299 2777 1346 nocens

627 1382 1050 1471 adducetur,
1091 1386 1218 1482 qui
1252 1386 1386 1457 ista
1421 1382 1841 1454 defensione
1868 1406 2020 1453 non
2050 1385 2278 1481 possit
2307 1385 2435 1453 uti.
2473 1385 2773 1454 Etenim

625 1518 858 1590 quum
884 1499 1146 1567 Verres
1182 1510 1462 1584 utatur3
1492 1494 1657 1591 quis
1684 1493 1821 1564 erit
1861 1518 2211 1589 umquam
2253 1493 2570 1590 posthac,
2596 1519 2770 1565 reus

622 1618 770 1676 tam
808 1605 1171 1704 perditus,
1214 1607 1343 1702 qui
1378 1629 1529 1674 non
1566 1602 1658 1674 ad
1688 1606 1775 1694 Q.
1808 1603 2031 1673 Mucii
2057 1612 2089 1658 9
2119 1604 2613 1673 innocentiam
2647 1628 2768 1673 re-

623 1713 920 1804 feratur,
949 1718 1006 1788 si
1031 1739 1199 1787 cum
1228 1716 1366 1786 isto
1401 1712 1859 1785 conferatur?
1891 1715 2148 1809 Neque
2181 1736 2384 1782 nunc
2403 1726 2554 1782 tam
2585 1712 2768 1782 mihi

622 1827 742 1897 isti
765 1832 1061 1897 Verrem
1088 1824 1481 1896 defendere
1508 1823 1869 1911 videntur,
1900 1847 2118 1919 quam
2150 1824 2227 1891 in
2257 1823 2488 1891 Verre
2517 1819 2768 1891 defen-

623 1937 845 2008 sionis
889 1950 1163 2007 tentare
1198 1936 1554 2009 rationem
1576 1946 1659 2004 ¹⁰¹.
1702 1938 1865 2024 Qua
1903 1932 1994 2003 de
2031 1957 2111 2003 re
2138 1986 2156 2019 ,
2201 1929 2519 2026 judicas,
2555 1929 2763 2001 vobis

623 2070 1065 2142 magnopere
1109 2043 1636 2144 providendum
1684 2058 1790 2114 est
1835 2070 1852 2111 :-
1895 2046 2210 2140 pertinet
2245 2040 2388 2111 hoc
2426 2038 2517 2110 ad
2566 2064 2761 2110 sum-

622 2181 816 2227 mam
849 2154 1302 2252 reipublicae,
1338 2170 1410 2227 et
1453 2154 1546 2226 ad
1588 2156 2191 2226 existimationem
2229 2149 2502 2223 ordinis
2527 2160 2616 2234 ¹¹,
2647 2175 2760 2220 sa—

621 2267 997 2362 lutemque
1025 2268 1410 2338 sociorum.
1444 2268 1516 2365 Si
1541 2268 1736 2337 enim
1769 2265 2199 2334 innocentes
2221 2261 2610 2339 existimari
2638 2285 2762 2329 vo-

619 2375 898 2465 lumus,
931 2403 1079 2449 nou
1107 2378 1343 2451 solum
1376 2402 1511 2448 nos
1534 2374 1980 2451 abstinentes
2003 2426 2023 2461 ,
2057 2370 2183 2446 sed
2221 2374 2438 2443 etiam
2472 2386 2759 2443 nostros

619 2487 920 2558 comites
959 2503 1293 2586 praestare
1333 2486 1706 2560 debemus.

714 2601 833 2668 XI.
906 2601 1231 2669 Primum
1291 2598 1622 2668 omnium
1677 2620 1899 2693 opera
1960 2593 2204 2665 danda
2252 2606 2424 2680 est¹,
2494 2608 2579 2664 ut
2634 2618 2756 2664 eos

616 2706 1001 2779 nobiscum
1041 2707 1423 2795 ducamus,
1457 2708 1587 2804 qui
1628 2720 1888 2777 nostroe
1932 2705 2139 2776 famae
2181 2707 2542 2802 capitique
2587 2729 2755 2775 con·

621 2814 859 2885 sulant
900 2843 915 2884 :
963 2815 1257 2905 deinde,
1309 2820 1368 2888 si
1420 2818 1498 2887 in
1539 2815 1962 2890 hominibus
2006 2815 2352 2913 eligendis
2405 2839 2541 2886 nos
2595 2835 2756 2912 spes

617 2925 944 2995 amicitiae
982 2923 1349 3015 fefellerit,
1391 2943 1476 2997 ut
1517 2924 2038 3013 vindicemus2,
2073 2927 2331 2995 missos
2373 2922 2755 3010 faciamuS,

572 3025 577 3028 ⁸
620 3057 907 3132 semper
949 3037 1048 3108 ita
1104 3039 1465 3125 vivamus,
1507 3053 1591 3109 ut
1640 3036 1997 3107 rationem
2051 3034 2490 3106 reddendam
2543 3035 2757 3107 nobis

625 3142 1081 3218 arbitremur.
1111 3145 1475 3220 Africani3
1521 3161 1631 3218 est
1681 3145 1859 3233 hoc,
1910 3145 2226 3216 hominis
2280 3143 2755 3217 liberalissimi

691 3393 741 3440 8.
784 3395 902 3450 Post
923 3393 1276 3460 figitis-oram,
1314 3395 1538 3443 Ernestio
1574 3393 1640 3440 vi·
1727 3394 1779 3441 in
1816 3409 1877 3440 eo
1929 3390 2240 3440 defendendo
2287 3393 2601 3456 experiantur
2637 3409 2756 3440 num

619 3471 826 3519 debatur
843 3473 1005 3522 deesse
1024 3485 1108 3522 aut
1137 3475 1188 3524 ia
1206 3474 1401 3533 Sicilia,
1433 3484 1517 3521 aut
1538 3473 1634 3529 ibi,
1726 3473 1937 3536 aliquam
1972 3471 2090 3530 sibi,
2127 3487 2188 3519 ex
2217 3471 2538 3519 similitudine
2565 3486 2757 3528 causa,

617 3561 701 3598 aut
721 3551 876 3599 simile
903 3553 1041 3615 qnid.
1071 3555 1185 3602 Sine
1211 3570 1370 3602 causa.
1399 3556 1430 3603 J
1436 3589 1449 3601 .
1467 3556 1529 3600 V.
1548 3557 1602 3601 L.
1727 3552 2060 3601 defensionem
2084 3566 2364 3616 comparare
2388 3551 2596 3615 possint.

682 3645 732 3691 9.
765 3631 822 3691 Q.
843 3632 1008 3678 Mucii.
1027 3635 1100 3680 De
1126 3632 1298 3680 Mucio
1324 3633 1464 3693 cujus
1483 3632 1636 3680 abati·-
1800 3645 1878 3677 11.
1925 3629 2137 3679 Ordinis.
2186 3629 2405 3678 lambin.
2452 3646 2516 3677 ex
2560 3627 2751 3676 Meton.

611 3706 779 3754 nentia
816 3707 870 3753 in
899 3711 1215 3771 proverbium
1249 3723 1483 3770 cesserat,
1524 3710 1635 3758 vide
1724 3709 1886 3758 «tanti
1910 3709 2155 3758 ordinis».

610 3786 724 3834 niv.
750 3800 830 3844 17.
1795 3791 1888 3837 11.
1917 3806 1963 3837 1.
1995 3791 2159 3854 Opera
2183 3801 2326 3838 cama
2355 3787 2530 3835 danda
2554 3798 2643 3834 est.
2671 3786 2753 3833 Sic

689 3879 766 3913 10.
789 3863 1062 3914 Rationem.
1086 3869 1208 3930 Quae
1236 3885 1406 3931 nempe
1430 3869 1493 3917 ad
1521 3884 1629 3916 om·
1723 3868 1865 3918 multi
1883 3869 2033 3918 codd.
2055 3882 2102 3917 et
2127 3870 2242 3918 edd.
2266 3886 2343 3933 pr.
2371 3871 2402 3918 J
2408 3902 2420 3914 .
2435 3871 2499 3916 V.
2520 3869 2576 3915 L.

612 3960 699 3992 nes
718 3959 828 3991 reos
843 3944 1100 4007 pertineat.
1130 3946 1313 3994 Odiose
1331 3948 1427 3995 hoc
1446 3948 1497 3994 in
1514 3950 1635 3994 Ver·
1793 3966 1846 3996 2.
1883 3950 2209 3998 Vindicemus.
2244 3949 2302 3995 ld
2331 3959 2404 3995 est
2419 3982 2435 4006 ,
2476 3946 2751 4010 puniamus.

614 4025 680 4072 ri·
696 4024 970 4072 defensores
989 4023 1324 4089 dicitur,quasi
1342 4027 1427 4091 qni
1444 4027 1633 4084 iisdem,
1796 4030 1845 4078 3.
1880 4029 2120 4093 Africani.
2157 4029 2382 4076 Minoris.
2428 4027 2556 4075 Nam
2600 4040 2749 4088 quum

616 4103 795 4169 quibus
821 4105 877 4156 C.
896 4108 1098 4170 Verres,
1131 4106 1413 4156 criminibus
1440 4105 1633 4166 affines,
1723 4108 1845 4157 nihil
1875 4108 2074 4158 additur
2114 4120 2226 4172 post
2259 4122 2432 4155 vocem
2459 4103 2748 4169 Africanas,
