3044 4788
736 365 1203 433 NICOLAI
1266 368 1952 439 DESJARDINS.
2263 398 2401 441 xxv

291 484 751 582 ignoscenda3
800 500 874 555 et
935 500 1013 554 ut
1064 500 1260 581 grata
1303 491 1544 583 potius
1603 512 1820 584 quam
1861 512 2200 583 arrogans
2250 516 2399 564 esse

286 595 630 666 videatur.
665 596 897 666 Aliam
926 594 1178 665 Fabius
1211 599 1344 666 init
1376 597 1950 694 viam·purgandi
1982 605 2401 695 arrogantiae

278 708 673 776 Ciceronis.
718 705 1188 801 Plerumque,
1233 708 1474 801 inquit
1502 707 1803 795 Quintil.
1834 705 1955 775 ubi
2005 731 2250 803 supra,
2288 714 2404 779 Ci-

274 840 444 886 cero
481 814 575 885 de
606 819 754 885 suis
781 813 997 884 rebus
1029 816 1244 909 gestis
1284 840 1433 885 non
1470 818 1623 885 sine
1650 815 1887 909 aliqua
1924 817 2203 886 ratione
2241 842 2407 914 prae·

273 925 569 995 dicavit.
618 930 819 992 «Aut
872 927 1062 993 enim
1116 923 1456 1011 tuebatur
1510 948 1665 1012 eos,
1722 924 1986 1020 quibus
2030 941 2181 995 erat
2236 953 2409 1000 usus

272 1033 737 1128 adjutoribus
770 1035 845 1101 in
874 1032 1346 1130 opprimenda
1379 1034 1908 1128 conjuratione3
1948 1048 2070 1102 aut
2101 1059 2401 1131 respon-

272 1144 496 1214 debat
540 1143 824 1212 invidiae
867 1170 881 1210 :
937 1157 1020 1211 ut
1064 1142 1351 1212 illorum
1401 1167 1562 1238 quae
1615 1156 1854 1237 egerat
1904 1143 1978 1210 in
2025 1144 2405 1215 consulatu

271 1254 626 1350 frequens
665 1254 1254 1322 commemoratio
1286 1256 1509 1348 possit
1544 1250 1770 1320 videri
1800 1274 1946 1319 non
1982 1250 2221 1345 gloriae
2252 1277 2402 1324 ma·

271 1364 379 1457 gis
407 1417 427 1448 ,
467 1386 692 1457 quam
737 1358 1139 1430 defensioni
1180 1359 1362 1429 data.
1396 1390 1428 1424 n

374 1473 500 1540 His
541 1469 715 1539 illud
754 1468 968 1538 etiam
996 1469 1306 1555 accedit,
1346 1469 1548 1565 quod
1574 1494 1802 1564 quum
1833 1469 2189 1540 nobilitati
2223 1488 2406 1544 esset

277 1584 514 1649 invisa
546 1581 775 1649 omnis
813 1603 1169 1647 novoium
1207 1578 1584 1647 hominum
1628 1576 2012 1664 industria,
2054 1579 2259 1672 cujus
2296 1582 2404 1650 in-

277 1686 623 1757 vadendae
642 1686 880 1756 locum
908 1710 1228 1781 quaerere
1251 1685 1371 1756 illa
1405 1710 1555 1757 non
1584 1685 1986 1773 desinebat,
2018 1689 2407 1784 cogebatur

275 1803 335 1867 Γ
340 1797 591 1881 ullius
634 1820 867 1867 novus
913 1795 1168 1887 homo,
1220 1796 1312 1865 de
1364 1801 1507 1866 suis
1558 1800 1840 1892 egregie
1891 1795 2092 1867 factis
2154 1802 2405 1896 saepius

271 1908 706 2005 praedicare,
746 1921 825 1976 ut
881 1904 1180 1976 haberet
1229 1907 1426 2001 quod
1478 1920 1880 2003 opponeret
1939 1908 2407 2004 imaginibus,

270 2015 805 2101 consulatibus,
842 2031 913 2086 et
951 2014 1377 2112 triumphis,
1418 2041 1602 2113 quos
1639 2042 1791 2086 non
1832 2041 2041 2104 suOS,
2083 2019 2206 2088 sed
2250 2045 2402 2089 ma·-

263 2128 515 2220 jorum
551 2150 852 2196 suorum
878 2179 896 2207 ,
954 2124 1233 2195 nobiles
1276 2124 1757 2196 ostentabant.
1798 2128 2004 2197 Haud
2047 2128 2256 2197 aliam
2301 2129 2403 2200 ob

269 2263 563 2308 causam
609 2238 879 2305 Marius
921 2233 1112 2331 apusl
1155 2235 1437 2306 Sallust.
1487 2238 1565 2305 in
1603 2242 1761 2332 Jug.
1808 2260 1961 2333 cap.
2007 2237 2137 2319 83,
2191 2238 2281 2309 de
2322 2264 2397 2311 se

271 2345 654 2444 magnifice
678 2345 1045 2444 praedicat,
1072 2370 1222 2442 quo
1243 2344 1620 2416 hominum
1642 2376 1673 2411 α
1689 2351 1947 2419 veteris
1975 2354 2321 2448 prosapiae
2337 2383 2394 2438 »‚

270 2474 350 2529 ut
374 2462 499 2545 ait,
520 2488 555 2521 α
576 2456 1112 2551 multarumque
1131 2456 1524 2552 imaginum
1545 2487 1577 2521 »
1601 2456 2010 2554 superbiam
2040 2461 2397 2534 retundat.

268 2569 456 2639 Male
491 2569 749 2663 igitur,
793 2565 990 2663 quod
1028 2567 1102 2634 in
1139 2569 1397 2654 Mario,
1443 2568 1613 2663 quia
1644 2559 2065 2639 necessitate
2106 2589 2395 2642 coactus

267 2676 463 2763 fecit,
484 2701 637 2745 non
672 2675 1262 2772 reprehenditur3
1284 2675 1355 2744 id
1382 2679 1455 2744 in
1471 2676 1729 2762 Tullio,
1756 2680 1961 2772 quasi
1988 2679 2076 2747 sit
2095 2678 2395 2751 levitatis

267 2790 584 2869 crimen,
630 2809 783 2853 non
815 2783 1061 2854 eadem
1102 2788 1542 2855 necessitatis
1583 2810 1825 2872 causa,
1863 2802 2315 2881 coarguetur.

365 2897 687 2967 Crimina
720 2909 1060 2991 praeterea
1087 2909 1256 2964 sunt
1280 2893 1428 2963 duo
1448 2949 1468 2983 ,
1500 2919 1661 2990 qua:
1692 2898 2058 2965 Ciceronis
2087 2899 2158 2966 in
2197 2900 2393 2994 inge-

274 3010 471 3074 nium
506 3007 725 3074 etiam
756 3001 1234 3073 conferantur.
1273 3009 1359 3074 In
1395 3002 2262 3094 refellendo-adversario,
2292 3010 2394 3079 in-

274 3119 565 3208 quiunt,
598 3128 709 3183 est
735 3112 1141 3182 mordacior
1168 3141 1183 3181 :
1216 3129 1490 3184 naturae
1518 3139 1660 3184 suae
1690 3113 1958 3186 facetiis
1983 3117 2388 3212 indulgenti

271 3221 613 3293 libentius
663 3220 1113 3317 obsequitur.
1182 3222 1539 3318 Objicitur
1581 3224 1683 3293 illi
1721 3231 1985 3295 canina
2019 3224 2390 3311 facundia,

260 3330 477 3456 quod
518 3356 720 3401 more
758 3354 1019 3401 canum
1061 3332 1469 3403 remordeat
1512 3333 1876 3403 lacessitus
1912 3360 1925 3418 ς
1975 3336 2050 3403 in
2088 3359 2238 3430 quo
2263 3389 2281 3419 ,
2319 3351 2390 3406 et

267 3444 443 3539 quia
470 3438 642 3509 dixit
678 3445 757 3509 in
786 3438 988 3509 libris
1022 3440 1115 3510 de
1142 3439 1449 3526 Officiis,
1478 3442 1712 3511 virum
1741 3441 2020 3511 bonum
2049 3467 2216 3512 eum
2237 3468 2389 3515 esse

264 3554 395 3647 qui
433 3551 661 3646 prosit
700 3547 968 3644 quibus
1010 3553 1269 3646 possit,
1305 3566 1561 3621 noceat
1590 3553 1896 3637 nemini,
1933 3580 1966 3614 α
1995 3555 2135 3621 nisi
2167 3552 2385 3624 laces-

263 3665 444 3731 situs
491 3659 834 3752 injuria»,
889 3660 1135 3730 multis
1191 3685 1355 3731 eum
1408 3659 1644 3731 verbis
1689 3663 2144 3733 Lactantius¹
2194 3666 2386 3734 inse-

263 3785 519 3854 ctatur,
558 3769 763 3840 velut
806 3772 863 3838 si
903 3772 979 3839 in
1014 3772 1363 3841 Cicerone
1400 3795 1679 3867 pagano
1712 3769 1881 3841 ferri
1914 3797 2065 3841 non
2088 3771 2388 3858 debeat,

262 3879 461 3976 quod
512 3883 588 3949 in
642 3878 941 3950 homine
984 3879 1374 3950 christiano
1426 3881 1931 3977 religionegat
1975 3880 2381 3954 ferendum.

336 4120 378 4151 ι.
406 4106 478 4150 De
508 4118 627 4149 vero
654 4102 833 4159 Cultu,
864 4102 897 4148 i.
920 4120 965 4150 e.
988 4103 1189 4165 lib.V1‚
1220 4120 1325 4168 cap.
1355 4105 1432 4150 18.

456 4189 507 4255 Ῑ.
557 4202 653 4250 Cic.
665 4216 789 4267 pars
821 4199 1039 4250 secunda.
2109 4189 2153 4262 b
