3044 4788
712 403 849 478 588
1119 355 1134 363 ’
1495 402 2039 519 ΑΡΡΕΝΨΧ

708 527 873 593 hanc
907 525 1303 589 severitatem
1341 524 1686 613 mitigaret,
1726 524 1833 587 vix
1877 522 2139 610 quidem
2185 545 2221 583 a
2270 524 2517 609 populo
2578 540 2685 587 est
2727 546 2829 587 ac·

707 647 923 720 cepta,
964 633 1208 719 quippe
1249 631 1654 701 obstantibus
1699 631 1775 693 iis
1811 630 1925 717 qui
1955 626 2442 693 candidatorum
2482 631 2825 717 pecuniam

708 737 882 824 plebi
927 735 1210 815 dividere
1255 735 1547 800 solebant
1567 784 1586 817 ,
1625 751 1691 799 et
1722 732 1803 798 ad
1838 757 2003 821 quos
2049 732 2403 797 divisorum
2450 735 2725 797 nomine
2760 757 2825 797 αι

702 842 805 905 lex
839 863 1106 929 quoque
1140 841 1532 929 pertinebat3
1575 858 1640 905 et
1673 841 1758 903 ita
1787 838 2047 927 quidem
2086 838 2521 919 obstantibus,
2556 855 2637 915 ut
2668 861 2827 902 con-

707 948 840 1026 sul,
879 968 959 1009 ne
992 944 1259 1009 omnino
1282 945 1637 1026 vincerent,
1664 947 2017 1035 solemnem
2042 944 2389 1008 formulam
2416 942 2611 1007 edere
2636 943 2823 1006 fuerit

708 1067 1010 1117 coactus:
1054 1082 1078 1105 α
1101 1051 1232 1132 Qui
1285 1051 1608 1139 rempubl.
1666 1052 1901 1114 salvam
1955 1050 2183 1137 volunt
2236 1048 2316 1112 ad
2379 1050 2554 1114 hanc
2620 1049 2823 1136 legem

710 1159 1005 1223 adeant».
1037 1158 1122 1220 Et
1160 1179 1234 1221 ea
1280 1158 1543 1245 quidem
1593 1157 1999 1239 confirmata,
2049 1156 2384 1229 damnatos
2422 1174 2491 1219 et
2521 1156 2827 1244 pecunia,

709 1278 775 1325 et
806 1276 1032 1324 senatu
1064 1283 1139 1324 ac
1164 1263 1395 1348 quovis
1422 1260 1724 1327 adeundo
1753 1283 2020 1325 munere
2044 1261 2355 1324 multabat
2372 1310 2389 1341 ,
2423 1261 2621 1324 etiam
2647 1282 2826 1323 accu-

710 1367 904 1430 satori
940 1368 1090 1431 satis
1128 1390 1424 1457 magnam
1464 1367 1825 1433 mercedem
1861 1367 2201 1435 tribuebat.

800 1472 916 1535 Est
946 1473 1138 1537 etiam
1164 1474 1282 1537 alia
1311 1473 1720 1538 celeberrima
1738 1521 1756 1553 ,
1779 1496 1972 1560 quam
2003 1493 2198 1535 unam
2222 1471 2284 1534 in
2316 1469 2663 1533 consulatu
2689 1468 2824 1531 tulit

708 1577 958 1642 Tullius
985 1595 1206 1644 noster
1233 1602 1407 1643 anno
1436 1579 1597 1663 689,
1643 1580 1847 1668 legem
1878 1578 2118 1642 scilicet
2138 1575 2414 1640 Tulliam
2440 1575 2526 1638 de
2550 1576 2823 1638 ambitu.

707 1684 951 1746 Verum
984 1682 1066 1747 de
1107 1706 1180 1747 ea
1215 1683 1375 1772 quid
1406 1684 1471 1747 in
1511 1684 1757 1771 Legum
1791 1682 2012 1746 Indice
2048 1681 2299 1745 dicatur
2328 1681 2528 1744 satius
2561 1680 2690 1742 enit
2734 1702 2827 1741 re-

709 1802 963 1874 petere3
1009 1803 1073 1851 et
1105 1788 1273 1852 idem
1311 1811 1507 1876 porro
1549 1787 1861 1852 addemus
1912 1785 1991 1850 de
2048 1784 2377 1849 nonnullis
2427 1784 2550 1847 hac
2602 1781 2825 1847 eadem

710 1908 892 1956 aetate
924 1892 1065 1965 latis
1096 1894 1373 1983 legibus,
1408 1915 1641 1983 nempe
1672 1893 1914 1956 Licinia
1934 1939 1951 1971 ,
1984 1890 2271 1971 Aufidia,
2316 1889 2625 1977 Pompeia
2644 1937 2663 1970 ,
2689 1911 2827 1975 quae

709 1996 776 2058 in
814 1996 1006 2084 supra
1042 1998 1300 2063 laudato
1335 1998 1556 2063 Indice
1588 2019 1781 2062 suum
1818 1998 2031 2060 locum
2063 1996 2274 2083 aptius
2319 2017 2393 2058 ac
2439 1995 2828 2057 convenien-

709 2100 837 2162 tius
870 2100 1231 2182 invenient,
1275 2103 1518 2189 quippe
1563 2124 1707 2189 quae
1756 2100 2001 2164 facilius
2040 2099 2171 2164 'hoc
2215 2098 2359 2162 loco
2401 2099 2826 2186 reperiantur.

710 2203 928 2266 Unum
952 2205 1084 2283 jam
1120 2205 1392 2283 adjicere
1423 2228 1634 2294 operae
1658 2206 1941 2294 pretium
1970 2222 2096 2283 est,
2127 2204 2322 2269 semel
2355 2219 2670 2290 corrupta
2697 2225 2823 2291 rep.

711 2322 808 2370 tot
835 2330 978 2372 reos
1003 2306 1315 2374 adductos
1345 2327 1507 2399 quot
1536 2311 1942 2400 magistratus
1975 2309 2382 2391 obtinebant,
2418 2324 2482 2372 et
2514 2314 2629 2372 eos
2660 2331 2825 2371 sem·

713 2435 828 2501 per
870 2437 1206 2499 accusare,
1248 2417 1427 2504 quia
1469 2417 1779 2504 petitione
1828 2439 1943 2481 sua
1986 2404 2389 2496 deciderant,
2439 2438 2662 2503 neque
2701 2416 2824 2494 jam

710 2522 983 2608 pecunia
1019 2541 1131 2588 aut
1167 2525 1547 2612 spectaculis
1594 2524 1846 2613 plebem
1902 2522 2252 2596 conciliari,
2295 2544 2521 2585 verum
2573 2521 2826 2584 armatis

711 2627 1089 2692 cohortibus
1142 2630 1355 2693 forum
1410 2630 1763 2709 cruentari,
1807 2650 1952 2716 quae
1994 2651 2130 2691 non
2174 2627 2306 2707 jam
2356 2626 2558 2716 gratia
2603 2649 2827 2689 verum

712 2731 884 2795 ferro
911 2733 1080 2796 inter
1111 2756 1178 2796 se
1204 2733 1703 2815 contenderent,
1732 2735 1816 2798 ita
1844 2749 1921 2798 ut
1943 2756 2090 2797 vere
2114 2734 2216 2796 his
2247 2731 2654 2819 temporibus
2684 2753 2831 2794 con-

710 2836 956 2917 veniat,
981 2837 1163 2923 quod
1201 2837 1283 2903 de
1316 2839 1534 2903 Attico
1561 2839 1894 2904 Cornelius
1926 2839 2141 2926 Nepos
2182 2837 2378 2918 dixit3
2410 2859 2652 2924 nempe
2696 2859 2824 2899 non

703 2961 861 3002 eum
903 2931 1202 3006 ambiisse
1244 2944 1560 3024 honores,
1599 2942 1777 3031 quod
1818 2966 2027 3031 neque
2077 2945 2207 3031 peti
2247 2965 2427 3006 more
2463 2943 2788 3026 majorum
2811 2989 2825 3018 ‚

710 3066 925 3132 neque
956 3046 1097 3135 capi
1134 3066 1399 3144 possent
1431 3049 1820 3114 conservatis
1850 3050 2131 3138 legibuS,
2164 3048 2231 3111 in
2265 3064 2397 3111 tam
2432 3033 2826 3112 effusis‘am-

709 3151 885 3216 bitus
915 3152 1387 3244 largitionibus,
1428 3180 1644 3244 neque
1680 3157 1941 3220 retineri
1970 3157 2105 3220 sine
2138 3155 2427 3242 periculo
2447 3202 2464 3231 ,
2503 3153 2826 3240 corruptis

709 3259 981 3324 civitatis
1018 3262 1290 3350 legibus.

1191 3433 1308 3512 111.
1361 3432 1640 3519 Qqcaestz‘o
1657 3422 1959 3523 perpetua
1986 3433 2335 3526 pecugatus.

799 3573 938 3636 Hoc
981 3575 1454 3664 intelligebatur
1486 3580 1753 3644 nomine
1787 3577 2033 3640 furtum
2070 3598 2288 3639 rerum
2318 3573 2404 3638 ad
2435 3596 2641 3661 remp.
2684 3596 2828 3660 per-

704 3677 1047 3740 tinentium
1091 3698 1156 3744 et
1199 3704 1432 3746 aversae
1466 3683 1740 3770 publicoe
1793 3682 2079 3771 pecuniae
2134 3681 2396 3745 crimen.
2449 3680 2539 3742 Ut
2600 3695 2825 3742 ceterae

713 3781 1126 3867 quaestiones,
1162 3785 1252 3850 sic
1288 3787 1476 3850 etiam
1514 3790 1850 3875 peculatus
1880 3789 2099 3877 primis
2131 3785 2532 3875 temporibus
2576 3800 2824 3847 certum

710 3901 1049 3974 praetorem
1083 3911 1215 3952 non
1263 3892 1525 3972 habuit3
1563 3893 1677 3956 sed
1711 3895 1849 3981 lege
1885 3893 2222 3980 peculiari,
2262 3907 2373 3955 aut
2406 3889 2821 3977 praetoribus.

711 4007 823 4055 aut
860 3994 1234 4058 consulibus
1280 3982 1721 4062 mandabatinr.
1772 4000 1868 4063 Sit
1902 3997 2191 4085 exemplo
2218 3994 2531 4077 judicium
2584 3994 2654 4056 L.
2694 3994 2818 4057 Sci·

711 4096 920 4184 pionis
974 4098 1138 4164 illius
1190 4102 1293 4165 cui
1348 4103 1580 4189 prioris
1630 4101 1910 4167 Africani
1967 4103 2145 4167 fratri
2194 4102 2433 4164 crimen
2477 4097 2800 4176 objectum
