3044 4788
240 453 2275 492 mmmmmmmmmmmmwsmmmm
2283 471 2373 491 m

667 677 830 778 M.
894 678 1019 778 T.
1109 676 1939 789 CICERONIS

521 927 2064 1113 ORATIONES.

536 1397 787 1476 PRo
844 1396 1067 1477 SEX.
1105 1399 1501 1480 Rosclo
1552 1403 2035 1486 AMERINo

990 1594 1614 1702 ORATIO.

815 2002 1231 2097 ORATlo
1269 2009 1784 2083 SECUNDA.

221 2184 275 2254 I.
328 2132 636 2262 Cauno
667 2202 806 2281 ego
836 2207 1000 2269 VOS,
1032 2183 1314 2279 judices
1336 2197 1387 2271 ¹,
1420 2191 1700 2278 mirari,
1737 2194 1917 2289 quid
1967 2199 2096 2286 sit,
2129 2196 2370 2297 quod,

220 2318 461 2391 quum
496 2306 611 2365 tot
646 2297 909 2364 summi
942 2294 1302 2382 oratores,
1352 2297 1832 2401 hominesque
1882 2308 2364 2385 nobilissimi²

220 2403 574 2492 sedeant»,
609 2427 748 2501 ego
777 2407 1234 2502 potissimum
1271 2416 1705 2482 surrexerim
1729 2467 1749 2501 ‚
1804 2419 1896 2500 is,
1938 2423 2066 2516 qui
2123 2447 2366 2521 neque

219 2529 463 2604 aetate,
492 2538 742 2612 neque
771 2517 1065 2611 ingenio
1085 2569 1105 2603 ‚
1137 2541 1376 2614 neque
1414 2526 1840 2595 auctoritate
1873 2530 2009 2599 sim
2043 2555 2211 2601 cum
2243 2537 2366 2621 iis,

221 2627 355 2722 qui
391 2623 738 2714 sedeant,
773 2625 1322 2724 comparandus.
1357 2633 1630 2702 Omnes
1664 2637 1858 2705 enim
1894 2637 2009 2726 hi,
2042 2666 2228 2737 quos
2264 2647 2369 2714 vi—

220 2732 413 2805 detis
436 2733 695 2806 adesse
724 2736 799 2804 in
825 2733 959 2806 hac
983 2759 1231 2822 causa,
1264 2739 1362 2832 inj
1374 2742 1601 2811 uriam
1632 2767 1824 2815 novo
1844 2744 1873 2789 3
1898 2750 2165 2821 scelere
2194 2777 2367 2823 con-

222 2842 463 2916 flamm
475 2859 1091 2944 putantoportere
1115 2843 1407 2918 defendi
1424 2853 1480 2936 43
1501 2849 1890 2927 defendere
1911 2861 2042 2957 ipsi
2063 2878 2368 2961 propter

223 2959 684 3052 iniquitatem
728 2971 1139 3054 temporum
1172 2982 1323 3028 non
1356 2959 1672 3033 audent:
1704 2968 1801 3036 ita
1832 2965 1953 3058 fit,
1981 2986 2063 3042 ut
2089 2971 2365 3057 adsint,

221 3083 614 3164 propterea
671 3066 877 3164 quod
918 3065 1241 3138 officium
1289 3075 1735 3166 sequuntur;
1790 3091 2089 3150 taceant·
2117 3097 2364 3156 autem

221 3175 527 3262 idcirco,
552 3180 722 3275 quia
749 3176 1153 3275 periculum
1183 3192 1543 3250 metuunt.
1570 3183 1769 3272 Quid
1798 3190 2019 3283 ergo?
2043 3190 2367 3263 audacis·

218 3288 460 3354 simus
481 3281 509 3326 ⁵
532 3310 663 3381 ego
687 3311 777 3356 ex
800 3285 1187 3356 omnibus?
1226 3288 1549 3359 Minime.
1594 3297 1689 3362 At
1711 3307 1913 3366 tanto
1950 3296 2367 3390 officiosior,

290 3484 334 3529 1.
363 3496 410 3529 ι.
431 3479 635 3530 Iudices.
656 3484 915 3530 Senatores
933 3482 1172 3547 inteIIIge,
1193 3480 1257 3529 ad
1342 3485 1509 3533 Roscii
1546 3498 1763 3551 patrem,
1802 3493 1885 3555 qui
1922 3498 2226 3562 proscriptus
2259 3513 2363 3548 non

212 3576 348 3624 quos
374 3560 510 3608 sana
530 3560 715 3619 judicia
741 3561 1063 3610 transtulerat.
1343 3573 1468 3622 erat;
1489 3565 1692 3614 alterum
1722 3579 1818 3617 tam
1851 3571 2150 3623 horrendum
2176 3578 2364 3626 facinus

289 3656 342 3687 α.
396 3639 718 3688 Nobilissimi.
765 3640 953 3689 Metelli
974 3676 990 3701 ,
1036 3641 1253 3701 Servilii,
1342 3643 1516 3691 misero
1552 3644 1657 3693 filio
1695 3647 1952 3712 affingere3
1998 3653 2064 3700 ita
2108 3665 2161 3703 ut
2197 3671 2363 3706 revera

211 3719 479 3784 Scipiones
498 3718 736 3766 sedebant
761 3721 888 3767 inter
914 3721 1082 3770 Roscii
1102 3721 1252 3770 advo·
1339 3723 1493 3784 patris
1519 3725 1760 3774 occisores
1786 3727 1941 3776 filium
1961 3743 2205 3783 accusent.

208 3811 373 3847 utos.
399 3825 473 3834 ——
488 3798 807 3848 San-exeritu.
833 3801 1021 3847 stantes
1045 3802 1176 3848 enim
1205 3812 1253 3849 et
1414 3809 1460 3857 4-
1484 3803 1709 3867 ΒςῙσηᾰί.
1737 3807 2366 3879 Propulsari.—Iniquita-

208 3891 445 3926 oratores
472 3878 522 3925 iu
555 3879 669 3925 foro
695 3895 915 3937 aeuum,
942 3891 990 3927 et
1009 3891 1253 3929 senatores
1340 3891 1435 3927 tem
1462 3892 1748 3945 temporum.
1783 3885 1929 3934 sullae
1956 3890 2221 3952 potentiam
2237 3928 2252 3953 ‚
2284 3909 2367 3941 cu-

210 3957 262 4004 in
286 3957 437 4004 curia
459 3957 743 4005 sententiam
762 3958 1005 4008 dicebant.
1335 3959 1417 4025 J’us
1437 3961 1756 4011 offensionem
1773 3976 2010 4016 metuunt.

284 4039 336 4084 3.
368 4035 529 4084 Nom.
560 4038 602 4084 1.
631 4053 678 4084 e.
710 4036 952 4086 inaudito.
993 4040 1118 4087 Nam
1149 4038 1251 4087 duo
1292 4061 1297 4066 ·
1414 4040 1462 4089 5.
1495 4041 1677 4090 Schiitz
1717 4044 1783 4093 ita
1824 4044 2108 4110 distinguit:
2148 4047 2366 4112 «Quidi’

211 4113 265 4160 in
291 4130 410 4162 nno
436 4115 614 4163 sceiere
642 4127 790 4164 sunt:
832 4131 982 4163 unum
1018 4117 1251 4167 occidisse
1341 4135 1456 4183 ergo
1483 4121 1830 4171 audacissimus
1847 4146 1886 4172 n.
1912 4127 2037 4174 ὧν.
2065 4128 2118 4174 L.
