3044 4788
722 450 1113 521 ORATIO
1159 451 1363 521 PRO
1415 453 1486 521 S.
1537 450 1944 521 ROSCIO.
2256 473 2377 520 121

274 575 613 675 quoniam
645 586 968 670 potestas
999 571 1162 642 data
1192 588 1333 662 est,
1388 595 1539 643 non
1578 570 1799 642 modo
1839 568 2230 657 infirmari,
2276 593 2395 640 ve-

270 710 433 756 rum
458 686 677 754 etiam
712 679 1111 753 vindicari³
1140 698 1498 810 oportere.

361 799 514 890 Ego
542 795 648 863 sic
676 795 1030 882 existimo,
1047 795 1175 889 qui
1205 796 1427 890 quaeri
1452 793 1626 865 velit
1652 817 1739 864 ex
1753 795 1865 881 iis,
1882 815 2069 889 quos
2093 803 2398 876 constat,

265 927 500 1001 quum
533 900 765 973 caedes
796 900 977 973 facta
1008 905 1124 990 sit,
1149 901 1475 992 affuisse,
1502 928 1673 975 eum
1703 926 1968 1001 cupere
1999 925 2252 974 verum
2289 902 2398 969 in-

265 1014 552 1098 venire3
578 1014 709 1107 qui
739 1026 1042 1100 recuset,
1070 1035 1238 1082 eum
1268 1011 1597 1110 profecto
1633 1068 1654 1096 ,
1677 1015 1956 1084 tametsi
1991 1009 2217 1083 verbo
2245 1033 2399 1080 non

265 1120 568 1209 audeat,
605 1135 845 1191 tamen
872 1145 951 1191 re
977 1124 1133 1220 ipsa
1164 1120 1253 1193 de
1286 1120 1644 1194 maleficio
1675 1146 1809 1192 suo
1848 1119 2196 1192 confiteri.
2229 1121 2398 1190 Dixi

267 1233 513 1316 initio,
537 1227 858 1326 judiceS,
890 1230 1084 1301 nolle
1116 1256 1231 1303 me
1262 1232 1471 1330 plura
1513 1230 1604 1303 de
1648 1235 1952 1303 istorum
1986 1232 2250 1302 scelere
2284 1228 2396 1299 di-

270 1365 459 1427 cere,
481 1363 706 1438 quam
732 1363 944 1410 causa
964 1342 1384 1438 postularet,
1406 1367 1489 1413 ac
1509 1344 1894 1414 necessitas
1917 1345 2069 1440 ipsa
2088 1354 2396 1437 cogeret.

268 1454 455 1524 Nam
473 1464 551 1521 et
575 1449 819 1523 multae
842 1474 955 1520 res
968 1447 1208 1526 afferri
1225 1467 1556 1549 possunt,
1580 1466 1654 1523 et
1676 1475 2129 1548 unaquaeque
2152 1473 2399 1521 earum

274 1564 532 1633 multis
563 1587 723 1633 cum
755 1551 1196 1660 argumentis
1228 1565 1369 1636 dici
1402 1571 1969 1745 potestffrum
1997 1588 2165 1662 eg0,
2197 1560 2401 1660 quod

280 1677 557 1743 invitus
585 1697 665 1745 ac
690 1677 1090 1745 necessario
1122 1672 1337 1763 faci0,
1363 1700 1603 1772 neque
1778 1730 1798 1763 ,
1830 1700 2071 1772 neque
2100 1672 2402 1768 diligen-

281 1797 395 1854 ter
409 1782 639 1855 facere
655 1808 973 1882 possum.
992 1788 1169 1875 Quae
1194 1788 1540 1883 praeteriri
1571 1786 1775 1855 nullo
1800 1783 2021 1854 modo
2045 1795 2407 1882 poterant,

275 1919 358 1965 ea
388 1895 665 1980 leviter,
689 1893 1003 1991 judiceS,
1028 1897 1262 1992 attigi3
1288 1918 1451 1992 quae
1478 1898 1714 1993 posita
1745 1896 2018 1964 suntin
2053 1892 2403 1989 suspicio·

275 2005 533 2093 nibuS,
573 2004 666 2076 de
697 2005 1004 2102 quibuS,
1039 2008 1096 2076 si
1130 2029 1422 2104 coepero
1456 2005 1739 2091 dicere,
1774 2003 2112 2103 pluribus
2164 1998 2406 2071 verbis

275 2117 366 2186 sit
418 2112 964 2202 disserendum,
1021 2138 1104 2184 ea
1159 2118 1413 2184 vestris
1458 2115 1769 2210 ingeniis
1821 2113 2405 2208 conjecturaeque

274 2226 683 2294 committo,

365 2336 627 2406 XLIII.
663 2334 899 2404 Venio
925 2356 1126 2404 nunc
1155 2329 1248 2402 ad
1274 2329 1454 2403 illud
1483 2356 1752 2404 nomen
1787 2354 2088 2403 aureum
2116 2341 2136 2374 ¹
2171 2329 2403 2426 Chry-

272 2447 531 2543 sogoni
557 2497 577 2531 ‚
608 2441 747 2513 sub
789 2466 940 2539 quo
990 2445 1288 2514 nomine
1332 2457 1481 2513 tota
1522 2445 1825 2514 societas
1867 2444 2204 2513 statuitur
2243 2466 2258 2508 ε
2315 2439 2406 2510 de

273 2580 452 2653 quo,
472 2552 782 2652 judices,
808 2578 1048 2651 neque
1076 2552 1451 2651 quomodo
1479 2553 1739 2641 dicam,
1767 2578 2005 2650 neque
2034 2547 2409 2647 quomodo

275 2680 577 2752 taceam,
605 2666 923 2762 reperire
953 2689 1271 2763 possum.
1309 2667 1377 2736 Si
1402 2667 1599 2734 enim
1628 2679 1856 2751 taceo,
1881 2663 1993 2734 vel
2026 2662 2406 2731 maximam
2504 2691 2509 2694 ·
2576 2698 2579 2699 ν

278 2790 564 2873 partem
601 2774 938 2871 relinquo
969 2802 985 2843 :
1022 2778 1133 2845 sin
1159 2788 1402 2849 autem
1436 2772 1636 2862 dico,
1667 2797 1945 2858 vereor,
1979 2796 2072 2841 ne
2110 2793 2259 2840 non
2288 2769 2409 2838 ille

273 2884 510 2971 soluS,
566 2881 640 2953 id
673 2882 875 2980 quod
913 2881 1005 2955 ad
1051 2908 1166 2954 me
1211 2882 1395 2954 nihil
1423 2886 1717 2969 attinet,
1747 2880 1874 2953 sed
1911 2881 2076 2952 alii²
2110 2903 2409 2977 quoque

273 2993 523 3091 plures
555 2993 758 3063 laesos
789 3017 865 3065 se
897 3018 1050 3064 esse
1079 3006 1362 3091 putent.
1400 2996 1711 3063 Tametsi
1761 2996 1859 3064 ita
1891 3016 1966 3063 se
2003 3016 2115 3062 res
2148 2988 2369 3060 habet
2390 3042 2410 3075 ‚

275 3117 365 3173 ut
419 3102 593 3173 mihi
630 3106 706 3173 in
750 3127 1212 3174 communem
1268 3126 1556 3173 causam
1604 3116 1968 3173 sectorum
2020 3097 2412 3172 dicendum

276 3212 461 3283 nihil
494 3237 931 3311 magnopere
960 3211 1314 3285 videatur.
1348 3218 1515 3283 Haec
1558 3215 1753 3283 enim
1787 3235 2002 3282 causa
2029 3233 2217 3281 nova
2245 3231 2413 3306 pro·

274 3321 470 3395 secto
502 3338 576 3394 et
605 3323 985 3421 singularis
1018 3337 1145 3395 est.

365 3436 744 3503 Bonorum
775 3436 931 3509 Sex,
962 3435 1203 3503 Roscii
1230 3448 1516 3531 emptor
1554 3447 1663 3503 est
1685 3430 2225 3528 Chrysogonus,
2263 3430 2414 3499 Pri-

341 3694 398 3743 3.
443 3693 713 3743 radicari.
751 3693 899 3747 Plane
935 3695 1174 3761 supprimi
1187 3729 1204 3755 ,
1232 3711 1295 3745 ue
1381 3708 1432 3745 et
1466 3697 1937 3761 contemptissimum
1971 3711 2123 3760 genus
2156 3696 2202 3743 ei
2233 3711 2413 3760 expro-

269 3788 455 3821 Μαι-ε
479 3773 639 3836 possit
664 3773 895 3838 amplius.
954 3801 958 3805 v
1381 3776 1520 3834 brat3
1551 3775 1686 3841 quod
1727 3792 1881 3839 groeca
1918 3774 2246 3841 appellatione
2286 3773 2415 3822 servi

339 3853 529 3899 mn.
562 3867 609 3899 x.
637 3853 873 3901 Aureum.
906 3855 1059 3902 Jocus
1093 3870 1120 3901 ι
1155 3864 1295 3902 notu-
1382 3856 1476 3904 soli
1501 3857 1555 3903 iu
1575 3854 1840 3903 ludibrium
1867 3864 2169 3903 notarentur.

270 3929 409 3977 tione
439 3930 586 3993 μοί
615 3931 861 3994 nominis,
900 3932 1038 3995 quod
1062 3932 1193 3981 idem
1218 3933 1292 3981 la·
1457 3950 1508 3984 2.
1532 3933 1652 3985 Alii.
1688 3935 1876 4000 Nempe
1908 3943 2145 3995 sectores,
2178 3942 2418 3996 potentes

270 4007 372 4056 tine
412 4018 589 4066 sonat,
627 4024 686 4056 uc
723 4011 911 4068 «setus
945 4027 1118 4060 numus
1135 4033 1176 4061 n.
1215 4012 1292 4061 Fit
1380 4014 1636 4077 homiues,
1678 4023 1734 4061 ut
1777 4014 1977 4062 Crassus
2020 4012 2103 4059 ine
2143 4010 2330 4058 divitiis
2369 4019 2421 4055 et

269 4088 402 4135 mim
445 4103 475 4134 Ι
505 4086 707 4155 χρυσὸς,
727 4105 928 4150 aurum,
957 4102 1007 4138 et
1033 4089 1195 4160 γόνος,
1222 4108 1298 4141 se-
1382 4093 1695 4143 triumvimtu
1719 4093 1961 4150 famosus,
1998 4090 2086 4154 qui
2109 4100 2164 4138 et
2183 4088 2280 4155 ipsi
2304 4101 2421 4151 pro-

277 4181 385 4216 nun
398 4202 415 4228 ,
457 4167 620 4218 foetus.
651 4170 757 4218 Hac
789 4183 908 4219 vero
944 4172 1100 4221 ironia
1126 4172 1295 4221 servile
1389 4173 1692 4237 scriptorum
1709 4170 1840 4219 bom
1860 4178 2157 4219 coemerunt.
