3044 4788
1673 326 1701 348 ἱ·

627 430 738 501 68=
1269 426 1364 495 M.
1416 426 1492 492 Τ.
1548 424 2127 496 CICERONIS

624 557 932 652 primus,
966 564 1121 619 tum
1154 549 1379 643 gratia
1406 559 1625 641 atque
1658 545 2033 645 hospitiis²
2069 546 2333 618 florens
2365 546 2763 618 hominum

626 662 1260 743 nobilissimorum.
1291 659 1471 726 Nam
1501 679 1669 726 cum
1696 654 2069 745 Metellis³‚
2100 657 2411 728 Serviliis
2430 711 2449 741 ,
2481 660 2768 755 Scipio·

624 773 866 850 nibus,
898 783 1049 839 erat
1080 771 1145 838 ei
1181 791 1330 837 non
1366 764 1586 835 modo
1616 765 2050 865 hospitium,
2091 791 2345 837 verum
2374 769 2586 838 etiam
2618 767 2765 837 do-

630 882 967 952 mesticus
1011 901 1185 947 usus
1225 890 1296 945 et
1329 875 1814 965 consuetud03
1865 901 2046 973 quas
2068 930 2087 961 ,
2139 891 2220 946 ut
2270 900 2560 969 aeqnum
2603 893 2766 971 est,

623 990 921 1063 familias
968 986 1408 1083 honestatis&
1462 984 2106 1083 amplitudinisque
2157 990 2380 1081 gratia
2426 990 2763 1058 nomino.

622 1105 874 1198 Itaque
902 1123 987 1169 ex
1016 1100 1164 1168 suis
1188 1094 1531 1166 omnibus
1555 1094 1955 1166 commodis
1989 1095 2128 1166 hoc
2156 1096 2391 1166 solum
2409 1092 2439 1137 ⁵
2460 1094 2613 1166 filio
2649 1121 2768 1166 re-

620 1213 869 1309 liquit:
901 1232 1068 1278 nam
1092 1208 1612 1304 patrimonium
1641 1202 2063 1277 domestici⁶
2092 1204 2469 1304 praedones
2502 1209 2573 1276 vi
2601 1231 2767 1278 ere-

620 1334 831 1419 ptum
862 1315 1281 1416 possident3
1312 1312 1497 1386 fama
1519 1329 1592 1384 et
1612 1316 1756 1384 vita
1778 1317 2189 1386 innocentis
2220 1313 2312 1385 ab
2342 1312 2763 1413 hospitibus

623 1431 1015 1525 amicisque
1055 1427 1369 1523 paternis
1406 1420 1843 1494 defenditur.

726 1541 859 1610 Hic
900 1560 1131 1634 quum
1159 1535 1359 1604 omni
1391 1546 1718 1656 tempore
1753 1531 2148 1603 nobilitatis
2188 1530 2427 1603 fautor
2467 1531 2763 1622 fuisset,

628 1664 782 1718 tum
809 1646 952 1717 hoc
976 1624 1356 1715 tumultuv*
1373 1643 1749 1739 proxime,
1772 1666 2004 1737 quum
2033 1646 2364 1712 omnium
2395 1642 2760 1714 nobilium

626 1757 937 1854 dignitas
974 1768 1046 1825 et
1079 1753 1321 1824 salus*
1304 1776 1378 1821 m
1410 1751 1797 1822 discrimen
1830 1755 2145 1839 veniret,
2177 1767 2436 1849 praeter
2477 1769 2763 1825 ceteros

624 1871 699 1937 in
734 1891 810 1938 ea
846 1865 1212 1934 vicinitate
1245 1884 1402 1931 eam
1429 1866 1708 1958 partem
1739 1885 2172 1958 causamque
2201 1886 2458 1960 opera,
2486 1864 2765 1954 studi0,

622 1978 1047 2048 auctoritate
1081 1969 1424 2041 defendit.
1456 1973 1738 2040 Etenim
1770 1986 2048 2041 rectum
2084 1971 2422 2069 putabat,
2449 1998 2584 2071 pro
2630 1999 2762 2045 eo-

625 2111 788 2156 rum
816 2083 1191 2152 honestate
1212 2104 1287 2149 se
1305 2103 1655 2177 pugnare,
1668 2095 1966 2178 propter
1987 2078 2208 2177 quos⁸
2224 2085 2378 2180 ipse
2407 2083 2768 2156 honestis-

624 2198 849 2266 simus
897 2194 1088 2261 inter
1130 2213 1300 2260 suos
1341 2189 1881 2261 numerabatur.
1932 2194 2409 2287 Posteaquam
2458 2197 2766 2266 victoria

624 2306 1014 2375 constituta
1047 2312 1177 2387 est,
1198 2298 1290 2370 ab
1321 2302 1684 2396 armisque
1714 2303 2169 2387 recessimuS‚
2196 2325 2425 2398 quum
2454 2309 2769 2402 proscri-

626 2478 1007 2543 mnnicipiorum
1030 2476 1111 2536 jus
1132 2474 1235 2538 lege
1258 2473 1389 2522 ,Iulia
1415 2489 1642 2536 exoequa-

624 2570 728 2608 tum
754 2568 847 2605 eat.

700 2654 753 2685 α.
778 2634 1025 2699 Hospitii-5.
1046 2633 1252 2680 Tantum
1276 2641 1377 2679 erat
1404 2631 1539 2694 apud
1563 2648 1648 2679 ve·

631 2729 755 2766 teres
781 2714 985 2779 hospitii
1007 2714 1104 2774 jus,
1139 2723 1196 2759 ut
1221 2710 1469 2773 sanguinis
1501 2711 1651 2757 nexui

628 2796 955 2861 praeferretur,
976 2803 1026 2839 et
1047 2792 1079 2839 J
1084 2807 1223 2838 ovem
1252 2790 1322 2837 illi
1350 2805 1552 2852 praeesse
1575 2804 1652 2837 ar-

627 2871 1096 2934 mmmmm-5113.
1117 2873 1228 2919 AEn.
1251 2871 1290 2927 1,
1308 2869 1428 2929 734.
1445 2871 1647 2917 Homer.

626 2954 805 3016 odyss.
825 2953 899 2999 vl
915 2984 931 3007 ,
971 2964 1087 3009 207.

702 3034 753 3080 3.
779 3028 1004 3085 Metellis,
1024 3037 1119 3075 etc.
1141 3024 1449 3090 significatur
1473 3027 1651 3090 procul

627 3110 783 3158 dubio
810 3111 864 3156 Ρ.
884 3106 1053 3170 Scipio
1069 3141 1084 3164 ,
1106 3115 1243 3170 pater
1260 3105 1391 3153 illiue
1413 3106 1498 3169 qui
1520 3116 1652 3169 post·

627 3206 683 3238 ea
704 3188 969 3253 adoptatus
990 3203 1017 3233 a
1043 3187 1109 3249 Q.
1135 3184 1340 3233 Metello
1368 3185 1457 3232 Pio
1473 3218 1488 3244 ,
1512 3200 1651 3232 ancer

627 3271 719 3318 fuit
739 3270 830 3318 Cu.
852 3263 1108 3330 Pompeii3
1145 3275 1194 3312 et
1212 3266 1272 3312 P.
1294 3263 1542 3319 Servilius,
1562 3265 1649 3326 qui

626 3349 868 3396 Isauricus
895 3356 968 3393 est
1001 3345 1178 3392 dictus.
1217 3343 1429 3405 Quinam
1459 3342 1649 3389 Metelli

628 3429 804 3476 fuerint
823 3424 1234 3473 dubitaui-,Certe
1248 3437 1349 3468 nou
1368 3433 1471 3468 erat
1480 3422 1648 3484 Nepos

627 3504 899 3553 consularis
913 3536 927 3561 ,
963 3513 1017 3550 ut
1037 3500 1262 3549 Munatio
1278 3500 1469 3563 placet,
1495 3516 1648 3564 quum

625 3601 671 3633 c.
695 3586 761 3631 28
789 3591 904 3646 poet
932 3579 1212 3643 Scipionem
1247 3577 1539 3626 nominetur.
1567 3580 1652 3627 Ce·

628 3675 783 3710 terum
810 3660 886 3708 hae
923 3671 1019 3707 tres
1054 3656 1247 3705 familia
1281 3658 1652 3722 propinquitate

627 3742 902 3801 conjuncte
950 3746 1106 3784 erant.
1159 3735 1287 3784 Nam
1330 3737 1562 3785 Servilios
1605 3748 1651 3785 et

628 3819 881 3884 Scipiones
903 3815 1049 3863 fuisse
1080 3815 1387 3863 Metellarum
1411 3814 1568 3874 filios,
1603 3827 1654 3863 et

628 3914 773 3947 avum
800 3896 898 3943 illia
919 3893 1163 3943 exstitiaae
1187 3895 1255 3955 Q.
1275 3893 1527 3942 Metellum
1554 3895 1655 3941 Ma·

627 3976 916 4027 cedonicum
938 3983 1112 4020 auctor
1142 3981 1215 4018 est
1241 3972 1418 4020 Cicero
1453 3974 1506 4019 in
1525 3983 1651 4020 orat.

627 4068 742 4124 post
758 4053 885 4103 ned.
895 4063 946 4100 et
963 4066 1053 4115 pro
1070 4052 1250 4099 Domo.
1262 4050 1378 4097 vid.
1391 4050 1652 4099 Burmann.

627 4137 691 4185 ad
717 4136 904 4183 Patere.
930 4132 1003 4188 11,
1035 4144 1111 4180 ιι.

1805 2485 1853 2532 4.
1887 2476 2186 2525 Honesmtis.
2216 2475 2316 2521 Vix
2345 2490 2508 2540 opere
2544 2479 2765 2541 pretinm

1733 2565 1806 2603 eat
1825 2569 2043 2614 monere,
2059 2570 2322 2619 numquam
2353 2555 2485 2619 apud
2506 2557 2767 2605 Romanoa

1737 2634 1944 2682 viventia
1962 2636 2247 2696 cujusquam
2264 2649 2444 2682 nomen
2461 2634 2621 2694 citari,
2639 2637 2769 2699 quin

1738 2711 1858 2759 illud
1888 2713 2024 2760 omni
2046 2711 2250 2760 honoria
2277 2713 2436 2777 speeie
2459 2729 2765 2778 prosequan-

1737 2801 1832 2840 tur.
1862 2794 1937 2839 De
1963 2792 2168 2838 mortuis
2197 2808 2298 2838 non
2321 2791 2451 2840 item.

1813 2872 1862 2918 5.
1902 2873 2012 2919 Hoc
2047 2871 2225 2919 solum.
2254 2875 2372 2920 Hoec
2404 2873 2767 2935 pronuntians,

1738 2961 1924 3013 gestum
1970 2951 2253 2998 intendebat
2304 2951 2355 2998 in
2400 2949 2610 2999 nobiles'
2629 2952 2770 3000 viros

1739 3031 1788 3076 S.
1817 3031 1984 3077 Roscii
2007 3029 2288 3078 advocatos.
2311 3030 2401 3079 nis
2421 3041 2582 3079 autem
2601 3030 2769 3080 verbis

1738 3107 1966 3156 amolitur
1992 3125 2020 3155 a
2054 3109 2237 3157 Roscio
2268 3108 2500 3155 invidiam
2542 3119 2642 3156 tam
2671 3110 2768 3157 sre-

1737 3187 1931 3249 quentia
1969 3204 2036 3236 ex
2076 3188 2212 3234 omni
2252 3183 2510 3236 nobilitate
2547 3187 2763 3236 advoca-

1737 3265 1902 3314 tionis.

1805 3346 1853 3393 6.
1876 3343 2155 3394 Domeseiei.
2173 3346 2288 3392 Duo
2299 3344 2398 3391 Titi
2418 3344 2603 3404 Roscii,
2620 3345 2766 3393 Sexti

1736 3423 1953 3486 gentiles.
2170 3441 2180 3449 ·

1810 3518 1856 3562 7.
1891 3501 2135 3550 ΤιιηιιιΙηι.
2170 3504 2279 3549 Hoc
2314 3501 2516 3549 nomine
2557 3502 2765 3566 proprie

1741 3579 1991 3628 dicebatur
2033 3579 2216 3628 bellum
2262 3579 2464 3643 aliquod
2511 3580 2726 3628 subitum
2746 3616 2769 3643 ,

1740 3659 1877 3722 quod
1903 3659 1970 3706 ob
1998 3660 2204 3724 periculi
2231 3658 2644 3722 magnitudinem,
2665 3676 2770 3707 ma-

1741 3753 1884 3802 gnam
1920 3739 2045 3786 Urbi
2081 3737 2456 3801 trepidationem
2495 3737 2770 3798 injiciebat.

1741 3819 1836 3866 nic
1848 3816 2030 3864 bellum
2047 3817 2189 3864 civile
2207 3816 2504 3873 Marianum3
2524 3832 2626 3878 quo
2645 3828 2770 3866 tem·

1739 3912 1863 3960 pore
1879 3896 2032 3945 Cinna
2046 3906 2094 3943 et
2104 3896 2289 3944 Mariua
2307 3897 2357 3942 in
2377 3895 2559 3943 Urbem
2583 3898 2772 3961 recepti

1743 3990 1910 4022 omnes
1933 3975 2122 4023 nobiles
2142 3975 2462 4023 trucidarunt.

1820 4057 1867 4102 8.
1907 4056 2111 4118 Propter
2146 4071 2284 4118 quos.
2321 4056 2526 4118 Propter
2557 4068 2772 4117 quorum

1743 4132 2132 4183 familiaritatem.
