3044 4788
701 393 793 477 48
1338 393 1434 459 M.
1486 393 1563 459 T.
1619 394 2178 466 CICERONIS

697 540 890 601 muS,
926 535 1132 598 uxor,
1163 508 1396 595 liberi,
1427 527 1854 607 procurator
1886 528 2108 599 esset3
2141 538 2343 603 eum,
2382 519 2509 611 qui
2544 517 2678 587 tibi
2709 543 2825 589 va·

695 626 1100 697 (limonium
1139 644 1290 689 non
1336 619 1802 709 deseruisset;
1835 621 1986 694 haec
2032 627 2274 693 omnia
2333 628 2588 696 mitto:
2640 629 2822 698 illud

695 738 860 808 dico
883 788 903 821 ‚
941 731 1322 803 dominum
1356 731 1734 828 expulsum
1772 756 1924 802 esse
1958 730 2048 802 de
2084 732 2399 831 praedi03
2439 734 2744 845 doniino
2779 763 2820 808 a

691 844 955 917 familia
1000 864 1127 910 sua
1175 863 1429 908 manus
1475 840 1718 916 allatas
1771 865 1925 912 esse
1964 856 2130 912 ante
2179 867 2348 915 suos
2388 844 2568 928 lares
2610 845 2818 917 fami-

689 956 935 1025 liares:
971 948 1112 1019 hoc
1148 947 1312 1018 dico
1328 952 1481 1019 ⁴.....

690 1110 695 1113 -
786 1063 1110 1133 XXVIII.
1144 1061 1464 1130 Naevium
1490 1068 1510 1101 ¹
1545 1083 1636 1128 ne
1657 1059 2050 1156 appellasse
2081 1061 2378 1158 quidem
2406 1067 2820 1155 Quintium,

689 1196 921 1271 quum
968 1167 1180 1239 simul
1219 1181 1441 1252 esset,
1491 1170 1795 1263 experiri
1846 1184 2089 1265 posset
2130 1169 2500 1266 quotidie:
2549 1171 2818 1246 deinde

685 1278 888 1379 quod
916 1279 1158 1349 omnia
1183 1273 1456 1371 judicia
1479 1273 1968 1365 difficillima²‚
1993 1302 2159 1348 cum
2185 1305 2465 1352 summa
2491 1306 2619 1353 sua
2647 1286 2821 1354 invi-

687 1389 839 1477 dia,
871 1390 1331 1481 maximoque
1359 1385 1681 1481 periculo
1704 1391 1779 1456 P.
1810 1389 2090 1476 Quintii
2117 1386 2272 1459 fieri
2301 1391 2563 1479 mallet,
2587 1417 2814 1489 quam

689 1498 867 1571 illud
919 1498 1418 1597 pecuniarium
1461 1493 1856 1590 judicium,
1911 1496 2114 1593 quod
2162 1524 2311 1570 uno
2356 1499 2473 1570 die
2515 1506 2810 1601 transigi

683 1624 960 1711 posset;
1002 1634 1091 1679 ex
1127 1631 1277 1704 quo
1320 1629 1469 1675 uno
1503 1604 1656 1675 haec
1691 1610 1937 1677 omnia
1969 1622 2132 1678 nata
2169 1624 2242 1679 et
2284 1609 2607 1707 profecta
2657 1639 2812 1686 esse

686 1718 1039 1792 concedit.
1081 1719 1246 1806 Quo
1280 1718 1357 1783 in
1394 1714 1556 1784 loco
1602 1714 2094 1786 conditionem
2129 1718 2304 1806 tuli,
2349 1722 2406 1789 si
2442 1722 2661 1793 vellet
2691 1748 2817 1822 pe·

684 1833 973 1901 cuniam
1009 1840 1291 1924 petere,
1337 1828 1410 1893 P.
1435 1826 1820 1914 Quintium
1848 1824 2252 1921 judicatum
2290 1829 2467 1899 solvi
2518 1833 2814 1904 satisda-

686 1955 932 2010 turum
949 1931 1004 2022 ³,
1049 1932 1224 2004 dum
1273 1934 1463 2029 ipse,
1495 1935 1554 2002 si
1592 1933 1770 2030 quid
1808 1949 2118 2030 peteret,
2172 1939 2327 2033 pari
2385 1938 2809 2013 conditione

684 2062 1029 2119 uteretur.
1072 2042 1414 2129 Ostendi,
1458 2067 1679 2140 quam
1716 2044 1941 2114 multa
1972 2060 2138 2116 ante
2166 2044 2320 2117 fieri
2351 2054 2812 2139 convenerit,

685 2182 906 2255 quam
945 2154 1259 2224 hominis
1295 2155 1693 2251 propinqui
1738 2151 1933 2225 bona
1972 2154 2321 2251 possideri
2356 2160 2812 2256 postularen-

686 2283 837 2353 tur3
868 2266 1257 2363 praesertim
1296 2287 1526 2360 quum
1565 2268 1809 2333 Romae
1836 2263 2098 2334 domus
2130 2267 2286 2361 ejus
2308 2321 2328 2355 ‚
2362 2292 2566 2358 uxor,
2597 2271 2808 2344 liberi

682 2389 944 2463 essent,
968 2388 1040 2446 et
1063 2388 1488 2473 procurator
1513 2398 1717 2474 aeque
1746 2376 2127 2474 utriusque
2160 2381 2620 2452 necessarius.
2660 2387 2811 2454 Do-

682 2488 832 2573 cui‚
857 2509 1087 2582 quum
1120 2482 1484 2553 desertum
1522 2507 1675 2553 esse
1709 2482 1904 2555 dicat
1935 2486 2466 2575 vadimonium,
2498 2495 2806 2563 omnino

680 2595 1173 2666 vadimonium
1204 2592 1486 2662 nullum
1514 2590 1774 2682 fuisse3
1801 2619 1953 2691 quo
1986 2595 2102 2666 die
2132 2595 2331 2668 hunc
2368 2599 2501 2670 sibi
2533 2607 2807 2697 promi-

678 2710 850 2777 sisse
895 2703 1124 2791 dicat,
1168 2727 1254 2773 eo
1289 2700 1407 2772 die
1451 2727 1547 2772 ne
1580 2707 1825 2773 Romae
1860 2705 2154 2802 quidem
2202 2732 2370 2778 eum
2410 2706 2675 2780 fuisse:
2729 2711 2806 2782 id

679 2813 982 2885 testibus
1013 2837 1128 2883 me
1172 2811 1539 2910 pollicitus
1574 2836 1738 2881 sum
1767 2813 2063 2911 planum
2102 2812 2458 2887 facturum
2481 2871 2500 2905 ‚
2544 2822 2675 2915 qui
2730 2836 2806 2892 et

676 2926 858 2995 scire
881 2921 1253 3008 deberent,
1279 2934 1353 2992 et
1384 2945 1695 3011 causam,
1721 2947 1850 2994 cur
1874 2928 2377 3014 mentirentur,
2406 2952 2552 2997 non
2585 2929 2807 3002 habe·

678 3047 861 3105 rent.
911 3038 1015 3104 Ex
1057 3030 1297 3102 edicto
1327 3047 1571 3103 autem
1620 3057 1769 3103 non
1807 3036 2128 3130 potuisse
2177 3033 2371 3107 bona
2410 3038 2801 3134 possideri,

677 3144 1200 3229 (lemonstravi3
1241 3140 1442 3238 quod
1490 3167 1730 3239 neque
1761 3140 2140 3214 fraudandi
2182 3170 2392 3216 causa
2423 3147 2800 3234 latitasset,

678 3277 918 3350 neque
941 3251 1165 3323 exsilii
1189 3274 1402 3320 causa
1425 3250 1660 3320 solum
1682 3255 1974 3323 vertisse
2000 3252 2377 3325 diceretur.
2408 3256 2798 3354 Reliquum

673 3378 815 3449 est,
860 3375 944 3431 ut
974 3385 1142 3430 eum
1175 3383 1391 3429 nemo
1430 3357 1711 3454 judicio
1759 3359 2203 3433 defenderit:
2241 3363 2444 3460 quod
2494 3372 2797 3438 contra⁴

749 3540 798 3585 4.
830 3523 1177 3575 Desidet-antur
1199 3525 1281 3572 hic
1308 3523 1535 3573 secunda
1571 3526 1691 3575 divi·
1851 3545 1903 3578 ιι.
1945 3527 2268 3597 Difficilium,
2302 3534 2427 3594 Qua:
2455 3545 2650 3596 gravate
2671 3550 2700 3581 a
2721 3535 2803 3596 ju-

677 3608 829 3659 sionis
849 3605 986 3667 finis,
1015 3615 1065 3653 et
1096 3620 1151 3652 en
1174 3603 1335 3652 omnin
1372 3619 1481 3667 que
1510 3604 1574 3652 ed
1599 3616 1691 3653 ter-
1779 3606 1973 3655 dinibus
2007 3606 2131 3656 finnt
2152 3642 2168 3667 ,
2206 3619 2289 3672 ut,
2312 3627 2463 3674 quum
2496 3613 2617 3660 civis
2649 3626 2801 3680 caput

676 3692 797 3740 tium
842 3684 1118 3750 partitionis
1167 3683 1433 3732 membrum
1480 3685 1694 3749 pertine·
1777 3685 1957 3750 egitur.

674 3769 824 3826 bant,
850 3780 1023 3828 nempe
1059 3782 1083 3806 ι
1104 3763 1330 3812 Noevimn
1369 3778 1470 3811 non
1510 3779 1686 3828 poue-
1851 3765 1900 3813 3.
1927 3764 2296 3815 Sacisdammm.
2328 3769 2487 3831 Quam
2527 3769 2804 3820 satisdatio-

676 3847 804 3896 disse
824 3866 867 3892 n.
901 3846 965 3891 Et
1002 3852 1230 3906 praterea
1270 3858 1423 3907 pauca
1464 3841 1688 3905 quadam
1777 3859 1891 3890 nem
1916 3842 2098 3891 obtulit
2127 3861 2240 3909 cap.
2271 3848 2351 3894 13.

674 3943 733 3976 ex
762 3923 1005 3990 principio
1030 3921 1231 3985 epilogi.
1854 3929 1900 3977 4.
1931 3922 2078 3986 Quod
2100 3935 2288 3972 conv-a.
2308 3925 2491 3974 Contra
2510 3943 2656 3990 qnam
2679 3945 2803 3988 rem,

740 4004 981 4053 xxvm.
1042 4016 1088 4049 1.
1156 3999 1393 4049 Naevium.
1440 3998 1657 4047 Subnudi
1675 4031 1691 4058 ,
1780 3998 2003 4065 plurimis
2047 4003 2341 4065 argumenti·
2391 4021 2501 4054 eum
2545 4006 2802 4057 defensum

675 4110 701 4131 ι
720 4082 944 4151 probavi,
965 4079 1068 4129 dixi
1085 4099 1127 4126 ιι.
1778 4079 1923 4126 fuisse
1947 4079 2293 4132 demonstravi.
