3044 4788
706 372 842 439 DE
891 370 1364 439 JUDIGIIS
1415 360 1930 438 PRIVATIS.
2237 370 2368 466 577

256 513 409 555 reus
441 513 476 553 a
508 490 778 577 petitore
814 492 1127 580 exigeret,
1181 476 1392 568 hunc,
1437 491 1489 552 si
1532 512 1718 554 causa
1751 492 1953 554 victus
1994 489 2379 575 discederet,

258 595 477 658 damni
525 618 740 676 causa,
798 612 1034 658 certam
1077 593 1421 682 quamdam
1464 597 1753 683 pecuniae
1793 596 1920 677 vim
1973 599 2376 677 soluturum,

262 723 406 787 quoe
437 700 517 762 ad
555 702 801 763 tertiam
839 702 1034 763 totius
1071 700 1198 763 litis
1228 716 1473 787 partem
1507 700 1806 763 accedere
1838 701 2097 766 solebat.

351 804 708 869 Cavebatui·
747 805 935 868 etiam
977 805 1058 868 ab
1097 828 1176 868 eo
1214 803 1391 867 unde
1432 805 1790 892 petebatur,
1820 822 2102 892 quatuor
2130 810 2381 896 generi·

260 910 416 989 bus,
443 909 1082 997 sponsione,·poena,
1114 907 1535 987 jurejurando
1569 907 1649 972 de
1678 910 2029 990 calumnia,
2064 904 2355 977 infamia.

359 1013 425 1077 1⁰
461 1015 736 1101 Sponsio
785 1030 966 1077 actus
1012 1030 1146 1076 erat
1180 1012 1496 1091 judicialis
1535 1013 1599 1076 in
1634 1015 1777 1094 jure
1814 1013 1950 1079 fieri
1982 1016 2241 1098 solitus,
2274 1020 2386 1091 ,in-

262 1120 567 1206 terposita
618 1118 1032 1206 stipulatione
1082 1133 1270 1181 certae
1321 1118 1645 1204 pecuniae,
1689 1141 1879 1203 quam
1930 1119 2224 1208 perderet
2276 1125 2386 1209 qui

263 1225 614 1311 sponsione
641 1222 1022 1283 vinceretur.
1044 1221 1126 1283 Et
1145 1243 1217 1284 ea
1241 1218 1536 1307 quidem,
1563 1244 1767 1307 quum
1798 1220 1877 1284 de
1909 1225 2391 1312 restipulatione

263 1327 573 1405 diximuS,
625 1326 819 1388 simul
873 1325 1242 1413 explicatur.
1292 1325 1550 1389 Poterat
1596 1342 1810 1388 autem
1847 1325 2099 1392 duabus
2137 1347 2388 1396 tantum

265 1432 346 1495 de
381 1432 586 1494 causis
621 1429 788 1509 fieri,
815 1429 993 1493 velut
1018 1428 1097 1492 de
1125 1429 1397 1516 pecunia
1431 1446 1604 1492 certa
1630 1429 1868 1503 credita
1890 1478 1907 1510 ‚
1938 1432 2122 1510 cujus
2154 1458 2224 1498 ea
2257 1456 2393 1507 erut

264 1558 453 1623 poena
500 1552 573 1597 ut
621 1535 804 1598 tertia
849 1556 1117 1597 summae
1170 1556 1312 1622 pars
1361 1534 1644 1607 vincenti
1698 1529 2060 1599 adversario
2107 1538 2393 1619 cederet,

269 1657 384 1704 aut
432 1656 772 1728 postquam
822 1638 1056 1701 dilatus
1102 1636 1362 1701 debitor
1409 1660 1477 1700 se
1521 1638 1683 1700 nihil
1731 1638 1966 1702 debere
2013 1640 2396 1727 affirmaret,

270 1768 382 1809 seu
415 1747 782 1808 constitutae
816 1743 1136 1831 pecuniae,
1164 1742 1340 1806 unde
1366 1760 1434 1829 ‘et
1468 1758 1881 1806 controversa
1906 1767 2005 1807 res
2040 1762 2106 1810 et
2133 1745 2396 1813 dimidia

270 1876 539 1916 summae
573 1851 769 1914 totius
802 1872 948 1937 pars
985 1849 1348 1913 adversario
1382 1849 1824 1936 praestabatur.

360 1958 431 2020 2⁰
473 1956 661 2020 Poena
715 1977 857 2041 quae
908 1954 1149 2018 victum
1194 1975 1376 2017 reum
1422 1954 1956 2041 persequebatur,
2018 1975 2140 2043 pro
2185 1980 2391 2023 causae

270 2080 440 2126 statu
469 2060 852 2148 discrepare,
879 2074 943 2122 et
964 2058 1168 2145 dupli,
1187 2082 1301 2122 seu
1330 2057 1675 2146 quadrupli
1705 2059 1969 2127 nomine
1994 2060 2243 2149 imponi
2272 2087 2395 2151 po..

270 2184 452 2232 terat.
479 2166 605 2231 Sed
635 2181 905 2254 praetor,
941 2164 1120 2252 prius
1148 2187 1341 2251 quam
1381 2164 1765 2239 sententiam
1800 2165 2023 2245 ferret,
2062 2189 2249 2230 reum
2285 2171 2398 2237 ad-

271 2274 576 2338 monebat
609 2273 801 2335 etiam
834 2287 992 2334 tunc
1037 2270 1342 2361 temporis
1383 2267 1675 2333 debitum
1726 2269 1907 2344 fateri
1951 2293 2176 2357 posse,
2215 2276 2394 2360 quod

270 2380 325 2442 si
357 2379 461 2443 ille
493 2378 821 2457 fateretur,
850 2374 1120 2463 simplex
1156 2362 1469 2437 duntaxat
1499 2373 1818 2454 solvebat,
1857 2373 1908 2436 si
1942 2392 2163 2439 contra
2204 2380 2399 2466 perti.

273 2485 498 2546 nacius
534 2498 827 2569 negaret,
854 2478 1031 2567 dupli
1069 2479 1511 2543 damnabatur.

363 2588 434 2651 3⁰
458 2589 490 2651 J
497 2582 913 2666 usjurandum
948 2585 1028 2648 de
1064 2584 1384 2656 calumnia
1417 2582 1590 2646 idem
1623 2601 1758 2647 erat
1791 2587 1972 2673 quod
2002 2609 2196 2674 supra
2230 2589 2395 2678 dixi..

276 2716 449 2772 mus,
484 2689 605 2754 nisi
637 2687 816 2776 quod
850 2689 1049 2751 versis
1084 2688 1333 2751 vicibus
1376 2710 1488 2750 reo
1521 2687 1882 2788 deferretur
1903 2713 1923 2753 2
1960 2715 2172 2778 neque
2221 2693 2286 2758 id
2329 2696 2395 2760 in

274 2800 454 2864 omni
492 2799 778 2879 actione,
816 2795 932 2859 sed
967 2795 1032 2857 in
1074 2796 1145 2858 iis
1193 2811 1443 2859 tantum
1481 2795 1717 2881 quibus
1756 2819 1838 2860 ne
1881 2799 2095 2862 statim
2131 2801 2396 2888 quidem
2452 2881 2461 2886 -

274 2911 355 2973 ab
390 2908 573 2973 initio
601 2906 802 2995 pluris
833 2927 1028 2992 quam
1062 2906 1271 2992 simpli
1312 2921 1411 3002 est
1441 2904 1644 2986 acti0,
1682 2923 1745 2968 et
1777 2907 1844 2968 in
1888 2908 2128 2995 quibus
2159 2911 2248 2973 rei
2279 2913 2398 2975 he-

274 3013 494 3094 redes,
523 3028 637 3075 aut
663 3011 915 3075 feminae
942 3032 1016 3072 ac
1047 3010 1273 3098 pupilli
1301 3010 1367 3072 iu
1393 3009 1496 3088 jus
1520 3000 1857 3074 vocant'ur.
1896 3012 2033 3076 Gai.
2058 3013 2168 3096 lV,
2212 3041 2353 3104 172.

365 3120 437 3196 4⁰
464 3116 734 3182 Infamia
781 3114 1065 3201 denique
1110 3112 1474 3188 laborabat,
1515 3114 1567 3176 si
1612 3114 1998 3196 vinceretur,
2046 3142 2191 3182 reus
2245 3122 2400 3185 furti

270 3223 548 3304 judicic,
590 3222 652 3285 vi
693 3222 1019 3284 bonorum
1068 3235 1436 3307 raptorum,
1482 3219 1900 3300 injuriarum3
1949 3222 2104 3285 item
2139 3247 2260 3310 pro
2293 3248 2401 3289 so-

277 3331 416 3410 ci0,
449 3329 700 3408 tutelae,
742 3324 1058 3405 mandati,
1102 3324 1393 3412 depositi.
1442 3323 1572 3387 Sed
1616 3325 1771 3388 furti
1819 3341 1931 3388 aut
1976 3327 2037 3389 vi
2074 3329 2401 3394 bonorum

277 3453 609 3524 raptorum
631 3484 651 3516 ,
685 3451 799 3500 aut
837 3433 1218 3514 injuriarum
1250 3453 1384 3493 non
1416 3431 1628 3494 solum
1664 3428 2033 3512 damnatos,
2064 3433 2179 3496 sed
2211 3436 2404 3500 etiam

277 3558 495 3631 pactos
531 3541 883 3629 ignominia
917 3539 1123 3601 notari
1153 3536 1347 3600 Gaius
1367 3582 1387 3613 ,
1416 3536 1528 3609 IV,
1572 3535 1688 3599 182
1710 3583 1729 3613 ,
1766 3535 2121 3601 confirmat.
2149 3540 2407 3606 Poterat

278 3662 494 3710 autem
527 3668 710 3724 reus,
746 3643 848 3707 vel
887 3643 1189 3709 inchoata
1224 3641 1365 3719 lite,
1405 3641 1459 3702 si
1491 3640 1769 3704 omnino
1793 3640 2055 3727 petitori
2090 3642 2170 3707 de
2196 3648 2406 3709 omni-

278 3751 403 3814 bus
436 3750 628 3813 rebus
656 3749 1074 3828 san‘sfaceret,
1099 3746 1426 3810 infamiam
1454 3746 1622 3809 hanc
1649 3745 1958 3833 effugere,
1982 3770 2126 3834 quae
2155 3766 2408 3815 tantum

283 3878 360 3918 ex
391 3841 738 3920 novissima
766 3851 997 3933 judicis
1031 3850 1347 3917 sententia
1380 3850 1551 3914 victo
1590 3849 1986 3914 inurebatur.

370 3960 598 4047 Neque
634 3982 707 4022 ea
741 3959 959 4022 omnia
994 3957 1252 4046 praetori
1300 3956 1449 4019 satis
1498 3971 1717 4034 erant,
1766 3955 1882 4019 sed
1932 3959 2123 4021 etiam
2175 3977 2410 4025 mutuo

285 4068 455 4130 inter
484 4086 554 4129 se
580 4063 899 4152 litigantes
930 4062 1526 4150 obstringebantur,
1558 4076 1637 4123 ut.
1678 4083 1746 4123 se
1780 4059 2013 4138 judicis
2051 4068 2412 4148 sententioe,

478 4177 530 4242 1,
585 4187 679 4230 cie.
697 4201 806 4247 pars
836 4185 1050 4230 seranda.
2130 4168 2219 4264 37
