3044 4788
634 428 823 530 ,476
1130 490 1139 494 -
1324 436 1418 502 Μ.
1473 435 1548 501 Τ.
1607 436 2175 505 CICERONIS

674 552 891 623 sisse?
928 558 1080 623 Hoc
1117 566 1359 623 autem
1388 575 1619 648 quum
1654 565 1807 622 tute
1844 549 2163 622 fatebere
2185 606 2204 637 ,
2247 555 2662 647 quisquam
2709 552 2854 625 du-

673 661 974 751 bitabit,
1016 663 1199 758 quin
1242 676 1319 731 tu
1363 662 1571 735 istam
1603 659 1797 759 apud
1834 661 2146 759 populos
2181 662 2578 759 provinciae
2627 666 2852 734 istius

671 771 1021 843 invidiam
1060 784 1281 866 atque
1318 766 1841 858 offensionem,
1887 796 2040 841 non
2072 769 2497 842 ambitionis
2520 826 2540 854 ‚
2583 799 2850 870 neque

670 880 1193 954 beneficiorum
1218 877 1975 967 collocandorum,sed
1996 881 2318 977 pecuniae
2340 881 2845 952 conciliandae.

671 1016 882 1064 causa
915 988 1365 1085 susceperis?
1415 991 1668 1086 Itaque
1713 990 1813 1060 illi
1854 1014 2183 1061 censores
2214 986 2553 1059 fecerunt
2586 989 2794 1061 idem
2821 1047 2842 1071 ,

670 1100 874 1199 quod
913 1103 988 1169 in
1031 1113 1276 1171 nostra
1318 1098 1694 1197 republica
1734 1100 1973 1172 solent
2009 1102 2093 1183 ii,
2139 1103 2266 1197 qui
2314 1124 2445 1197 per
2499 1100 2837 1199 largitio-

645 1233 839 1282 ·nem
886 1213 1343 1306 magistratus
1387 1208 1630 1307 adepti
1676 1225 1889 1282 sunt:
1946 1208 2305 1289 dederunt
2352 1233 2711 1305 operam,
2759 1226 2836 1281 ut

674 1326 769 1392 ita
806 1336 1237 1420 potestatem
1276 1337 1648 1418 gererent,
1689 1335 1770 1391 ut
1806 1319 2002 1390 illam
2054 1314 2432 1393 lacunam-⁵
2461 1322 2577 1390 rei
2615 1320 2834 1390 fami-

675 1434 864 1503 liaris
910 1432 1304 1530 explerent.
1361 1434 1475 1502 Sic
1517 1454 1775 1501 census
1815 1429 2105 1501 habitus
2149 1442 2301 1515 est,
2354 1443 2425 1498 te
2472 1446 2832 1526 praetore.

675 1559 759 1615 ut
792 1570 880 1615 eo
921 1570 1148 1615 censu
1188 1542 1459 1614 nullius
1499 1544 1806 1613 civitatis
1836 1540 2253 1638 ‚respublica
2301 1555 2549 1637 posset
2590 1541 2832 1611 admi·

676 1658 1000 1726 nistrari:
1055 1678 1222 1724 nam
1273 1649 1869 1748 locupletissimi⁶
1909 1652 2258 1749 cujusque
2309 1677 2574 1723 census
2623 1668 2828 1723 exte·

676 1779 1019 1850 nuaram,
1060 1764 1460 1839 tenuissimi
1498 1776 1865 1832 auxerant.
1926 1768 2179 1858 Itaque
2231 1764 2306 1831 in
2352 1760 2654 1832 tributis
2703 1767 2832 1832 im-

676 1872 1012 1972 perandis
1093 1885 1375 1942 tantum
1464 1874 1707 1941 oneris
1779 1870 1975 1967 plebi
2063 1870 2622 1968 imponebatur,
2709 1889 2790 1944 ut
2813 1929 2829 1953 ,

676 1985 949 2055 etiamsi
989 1981 1321 2051 homines
1364 1994 1726 2067 tacerent,
1765 2006 1877 2050 res
1921 1982 2076 2077 ipsa
2120 1979 2324 2050 illum
2370 2005 2681 2052 censum
2725 2010 2833 2055 re·

676 2092 1008 2190 pudiaret
1040 2117 1054 2158 :
1094 2088 1170 2157 id
1202 2087 1404 2185 quod
1436 2089 1739 2187 intelligi
1780 2088 2113 2160 facillime
2151 2115 2230 2160 re
2269 2094 2424 2187 ipsa
2465 2108 2746 2189 potest.

768 2203 946 2269 LV1.
987 2200 1170 2268 Nam
1206 2201 1283 2266 L.
1307 2198 1672 2285 Metellus,
1703 2202 1867 2296 qui,
1900 2215 2369 2298 posteaquam
2405 2226 2543 2298 ego
2585 2203 2831 2299 inqui-

674 2308 878 2380 rendi
918 2332 1128 2379 causa
1159 2309 1232 2377 in
1263 2308 1577 2389 Siciliam
1608 2313 1772 2381 veni
1795 2364 1814 2397 ,
1852 2323 2152 2406 repente
2185 2309 2422 2380 Letilii
2462 2310 2826 2398 adventu,

674 2421 877 2491 istius
902 2443 1052 2489 non
1083 2418 1306 2490 modo
1326 2416 1598 2491 amicus
1621 2444 1915 2508 ,verum
1946 2421 2162 2490 etiam
2199 2435 2551 2519 cognatus
2590 2422 2830 2496 factus

671 2544 811 2617 est3
842 2531 902 2600 is
923 2585 942 2617 ,
978 2528 1181 2628 quod
1209 2528 1501 2600 videbat
1527 2532 1730 2600 istius
1752 2541 1772 2572 ¹
1803 2555 2102 2600 censum
2139 2546 2327 2601 stare
2366 2531 2570 2601 nullo
2600 2534 2829 2604 modo

672 2665 916 2737 posse,
951 2665 1119 2711 eum
1164 2663 1463 2711 censum
1508 2636 1875 2710 observari
1913 2638 2164 2733 jussit,
2218 2643 2344 2738 qui
2375 2645 2542 2710 >viro
2577 2641 2824 2715 fortis·

612 2796 623 2807 ·
674 2752 857 2821 simo
889 2763 1109 2846 atque
1146 2750 1738 2819 innocentissimo
1774 2753 1932 2819 Sex.
1971 2748 2317 2820 Peducaeo
2346 2764 2663 2848 praetore
2703 2752 2826 2823 ha·

673 2858 869 2929 bitus
914 2871 1121 2929 esset.
1169 2864 1388 2929 Erant
1449 2860 1639 2928 enim
1694 2873 1848 2929 tum
1904 2883 2239 2930 censores
2279 2860 2561 2956 legibus
2613 2862 2823 2950 facti,

677 2967 937 3039 delecti
955 2992 997 3037 a
1016 2969 1164 3038 suis
1188 2968 1636 3039 civitatibus:
1667 2968 1959 3065 quibus,
1982 2974 2040 3040 si
2063 2969 2242 3067 quid
2265 2974 2825 3058 commisissent,

684 3103 913 3177 poenae
939 3077 1223 3177 legibus
1248 3094 1454 3150 eraut
1481 3080 1906 3151 constitutae.
1937 3084 2036 3150 Te
2067 3094 2309 3158 autem
2329 3097 2666 3178 praetore,
2694 3086 2822 3181 qui

675 3258 863 3303 Ernest.
915 3270 1061 3302 sensu
1111 3269 1216 3301 non
1264 3253 1544 3304 commodo.
1599 3254 1705 3303 Nos
1865 3256 1914 3312 6.
1937 3254 2335 3319 Locupletissimi.
2364 3255 2604 3306 Censores
2628 3259 2822 3324 mi,qui

675 3351 787 3382 cum
815 3336 977 3382 GraeV.
1000 3332 1149 3381 Beck.
1175 3333 1289 3381 Sch.
1311 3343 1362 3380 et
1386 3332 1419 3379 J
1424 3367 1437 3378 .
1454 3335 1514 3378 V.
1537 3335 1593 3381 L.
1623 3332 1704 3380 ed.
1796 3351 1821 3380 a
1837 3335 1989 3382 Verre
2014 3350 2191 3381 munus
2217 3345 2458 3393 emerant,
2475 3349 2680 3402 accepta
2708 3355 2734 3385 a
2760 3339 2824 3387 lo-

682 3415 817 3474 ¹473
843 3414 1109 3477 sequimur.
1797 3412 2070 3477 cupletibus
2095 3414 2330 3478 pecunia,
2365 3414 2426 3462 iis
2447 3418 2673 3476 minora,
2705 3435 2821 3482 pau·

748 3492 796 3538 5.
825 3493 972 3539 Illam
1000 3492 1247 3538 lacunam.
1268 3490 1337 3538 Ut
1358 3488 1547 3537 scilicet
1572 3506 1632 3538 eo
1654 3491 1706 3538 in
1795 3492 1991 3557 peribus
2035 3493 2217 3554 majora
2274 3493 2454 3542 tributa
2501 3495 2821 3559 imperabant.

676 3571 958 3632 magistratu
983 3570 1242 3633 pecuniam
1273 3584 1468 3616 omnem
1490 3569 1702 3618 retrahe·
1798 3575 1956 3620 Graev.
1984 3571 2098 3620 loco
2131 3584 2383 3620 auxerant
2421 3576 2606 3640 recepit
2648 3576 2824 3623 hanse-

676 3658 812 3705 rent,
853 3663 998 3710 quam
1044 3648 1187 3695 Verri
1236 3648 1302 3695 ob
1357 3663 1534 3696 munus
1579 3649 1704 3697 illud
1794 3663 1909 3698 rant
1932 3668 1960 3698 e
1987 3653 2108 3700 Mss
2133 3651 2349 3709 duobus,
2370 3653 2506 3715 quod
2534 3657 2822 3705 antitheton

676 3724 934 3786 emendum
979 3725 1094 3773 dare
1151 3727 1342 3774 fueraut
1395 3728 1573 3775 coacti.
1623 3728 1701 3775 Sic
1797 3730 2041 3779 dissolvit.

676 3807 858 3869 optime
887 3804 996 3852 Seu.
1026 3803 1087 3851 de
1109 3805 1273 3852 Benef.
1292 3809 1343 3862 1,
1372 3804 1468 3865 ait,
1506 3808 1704 3871 provin·
1865 3811 1993 3857 LVI.
2028 3827 2072 3861 1.
2099 3809 2242 3857 Istius
2264 3826 2457 3857 censam
2482 3823 2634 3860 stare.
2668 3814 2823 3861 codd.

675 3886 773 3933 cias
792 3882 1022 3947 spoliari,
1050 3894 1099 3930 et
1126 3883 1450 3932 nummarium
1471 3886 1704 3945 tribunal,
1795 3888 1984 3937 Metell.
2008 3900 2057 3938 et
2076 3890 2214 3937 Fabr.
2235 3912 2258 3931 «ι
2274 3889 2412 3936 istius
2427 3906 2630 3938 censum
2643 3894 2820 3950 stari-3

673 3964 840 4017 audita
908 3961 1151 4025 utrimque
1212 3962 1514 4024 licitatione,
1564 3967 1701 4014 alteri
1793 3967 1923 4016 unde
1957 3969 2472 4017 Gulielm.Verisimil.
2507 3971 2559 4027 1,
2608 3988 2667 4032 7,
2706 3989 2824 4019 con·

677 4043 839 4093 addici
860 4059 961 4090 non
981 4043 1180 4100 mirum;
1202 4043 1400 4105 quando
1414 4061 1524 4109 quae
1538 4047 1705 4094 emeris
1790 4048 1900 4109 jicit
1919 4048 2175 4111 legendum
2192 4083 2206 4107 ,
2225 4048 2398 4096 “istius
2419 4050 2467 4097 in
2492 4065 2644 4098 censu
2657 4052 2772 4099 suri
2785 4075 2822 4101 υ.
2913 4056 2917 4060 ’

682 4123 888 4176 vendere
916 4123 1130 4186 gentium
1155 4124 1236 4184 jus
1263 4134 1350 4171 est.
1795 4129 1845 4176 J.
1858 4129 1920 4175 V.
1941 4131 1998 4177 L.
