3044 4788
611 481 655 552 8
1247 483 1349 551 Μ.
1390 482 1469 549 Τ.
1521 481 2086 550 CICERONIS

602 624 809 698 opes,
840 588 1054 671 nullae
1082 597 1453 671 facultates
1470 654 1490 689 ,
1516 602 1793 696 exiguae
1819 596 2270 671 amicorum⁶
2298 602 2524 697 copiae
2547 616 2750 689 sunt,

605 735 774 782 cum
796 710 1203 782 adversario
1231 712 1744 806 gratiosissimo
1776 709 2191 781 contendat.
2225 709 2415 781 Illud
2442 735 2748 808 quoque

606 819 821 889 nobis
848 818 1125 891 accedit
1143 818 1721 907 incommodum,
1741 817 1945 916 quod
1972 825 2069 893 Μ.
2092 826 2132 892 J
2135 822 2377 908 uniuS,
2401 824 2527 917 qui
2555 820 2750 891 hanc

607 952 932 1017 causam,
975 929 1280 1025 Aquini,
1312 929 1697 1025 aliquoties
1735 928 1934 1027 apud
1972 944 2042 1001 te
2087 933 2268 1026 egit,
2307 930 2529 1001 homo
2564 945 2639 1001 et
2669 934 2748 1001 in

607 1041 764 1109 aliis
800 1040 1030 1108 causis
1058 1040 1521 1127 exercitatuS,
1554 1054 1629 1111 et
1658 1042 1736 1109 in
1769 1039 1905 1111 hac
1937 1040 2247 1111 multum
2280 1055 2353 1111 et
2379 1065 2566 1139 saepe
2593 1066 2755 1111 ver-

606 1164 801 1221 satus
823 1202 842 1236 ,
867 1147 1011 1219 hoc
1050 1161 1377 1246 tempore
1406 1148 1635 1238 abest,
1669 1174 1858 1222 nova
1887 1151 2277 1247 legatione⁷
2312 1150 2754 1249 impeditus;

604 1274 678 1332 et
701 1256 795 1328 ad
823 1283 939 1329 me
964 1273 1265 1329 ventum
1296 1273 1429 1348 est,
1456 1262 1612 1358 qui,
1640 1274 1723 1331 ut
1750 1257 2064 1331 summa⁸
2101 1258 2443 1331 haberem
2475 1274 2754 1344 cetera,

609 1371 955 1465 temporis
986 1367 1284 1466 quidem
1313 1384 1507 1465 certe
1539 1373 1658 1440 vix
1686 1374 1854 1441 satis
1882 1369 2132 1457 habui,
2157 1385 2240 1440 ut
2266 1394 2421 1439 rem
2451 1383 2755 1455 tantam,

609 1490 721 1549 tot
746 1482 1254 1551 controversiis
1284 1479 1725 1577 implicatam
1744 1533 1764 1568 ,
1791 1504 2080 1579 possem
2110 1502 2570 1575 cognoscere.
2607 1484 2716 1549 Ita
2734 1533 2755 1565 ‚

609 1588 812 1686 quod
842 1587 1018 1659 mihi
1046 1592 1422 1660 consuevit
1447 1591 1524 1658 in
1554 1592 1808 1660 ceteris
1844 1591 2077 1659 causis
2113 1613 2268 1659 esse
2298 1587 2413 1683 adj
2425 1602 2756 1671 umento,

610 1699 687 1770 id
716 1724 1014 1798 quoque
1047 1702 1123 1769 in
1156 1698 1293 1770 hac
1330 1723 1544 1770 causa
1570 1697 1836 1771 deficit.
1883 1703 2105 1786 Nam,
2138 1708 2338 1795 quo9
2366 1699 2610 1767 minus
2647 1700 2759 1767 in-

614 1813 828 1906 genio
860 1801 1199 1909 possum,
1244 1807 1571 1880 subsidio
1611 1807 1787 1879 mihi
1821 1808 2264 1905 diligentiam
2299 1811 2755 1906 comparavi:

615 1943 777 2016 quae
821 1932 1094 2016 quanta
1141 1921 1267 2007 sit,
1320 1921 1456 1997 nisi
1503 1933 1793 2017 tempus
1836 1932 1911 1990 et
1957 1921 2271 2017 spatium
2320 1917 2571 1990 datum
2624 1921 2762 2007 sit,

614 2028 917 2124 intelligi
955 2051 1106 2098 non
1140 2042 1401 2127 potest.
1435 2030 1614 2120 Quae
1658 2052 1811 2125 quo
1842 2028 2054 2126 plura
2085 2042 2297 2115 sunt,
2335 2031 2415 2098 C.
2446 2027 2762 2123 Aquini,

615 2159 704 2207 eo
749 2148 819 2205 te
842 2188 862 2223 ,
916 2150 989 2207 et
1022 2135 1198 2224 hos,
1249 2140 1380 2235 qui
1425 2136 1557 2208 tibi
1591 2141 1667 2208 in
1701 2138 2005 2215 consilio
2028 2148 2094 2181 ¹⁰
2133 2136 2443 2223 adsunt,
2473 2136 2762 2208 meliori

618 2259 862 2316 mente
905 2259 1149 2317 nostra
1197 2246 1418 2319 verba
1451 2246 1703 2321 audire
1750 2246 2122 2346 oportebit
2148 2301 2168 2335 ,
2217 2261 2301 2317 ut
2341 2246 2589 2317 multis
2639 2250 2763 2317 in-

617 2354 1020 2427 commodis
1059 2358 1321 2429 veritas
1369 2355 1739 2431 debilitata
1788 2355 2082 2429 tandem
2124 2357 2459 2454 aequitate
2505 2356 2769 2429 talium

617 2467 943 2537 virorum
977 2482 1364 2539 recreetur.
1396 2468 1617 2560 Quod
1651 2472 1709 2539 si
1743 2484 1822 2540 tu
1854 2467 2079 2564 judex
2115 2467 2383 2537 nullo¹¹
2422 2466 2765 2563 praesidio

618 2572 836 2647 fuisse
864 2575 1226 2664 videbere,
1253 2591 1507 2649 contra
1522 2581 1671 2649 vim
1696 2591 1768 2650 et
1791 2580 2113 2676 gratiam,
2140 2575 2514 2652 solitudini
2538 2592 2765 2674 atque

622 2686 917 2785 inopiae3
948 2689 1005 2756 si
1025 2686 1221 2785 apud
1255 2686 1396 2759 hoc
1430 2688 1816 2760 consilium
1846 2714 1936 2760 ex
1961 2686 2253 2787 opibuS,
2281 2712 2431 2758 non
2455 2711 2546 2758 ex
2571 2693 2765 2758 veri-

620 2808 763 2866 tate
808 2821 1020 2868 causa
1059 2797 1456 2895 pendetur3
1492 2797 1822 2897 profecto
1869 2797 2051 2868 nihil
2092 2811 2202 2869 est
2230 2799 2379 2894 jam
2428 2812 2765 2868 sanctum

620 2920 839 3002 atque
884 2909 1246 2978 sincerum
1288 2910 1365 2978 in
1400 2911 1729 2995 civitate3
1768 2906 1989 2996 nihil,
2032 2905 2239 3005 quod
2278 2905 2766 2979 humilitatem

620 3106 723 3156 bita
761 3105 1014 3174 utrimque
1047 3110 1224 3161 virium
1261 3113 1478 3175 rationo,
1515 3131 1650 3164 com-

622 3197 892 3251 ponuntnr.
929 3189 1060 3239 Hine
1101 3190 1231 3252 duo,
1280 3193 1405 3255 tris,
1452 3206 1650 3244 centnm

623 3265 758 3330 paria
788 3267 1123 3332 gladiatorum.

695 3346 745 3394 6.
774 3348 1068 3397 Anticomm.
1089 3351 1207 3399 Mos
1230 3363 1354 3412 ent,
1375 3363 1433 3402 ut
1449 3353 1502 3402 in
1514 3354 1649 3420 judi·

625 3424 714 3472 ciis
740 3436 877 3474 actor
901 3438 951 3474 et
974 3444 1085 3476 reus
1110 3428 1293 3478 amicos
1315 3448 1482 3481 omnes
1504 3432 1652 3483 advo·

1808 3116 1859 3164 8.
1885 3115 1951 3163 Ue
1965 3129 2176 3165 summa.
2203 3113 2257 3161 Si
2277 3126 2514 3160 mmmm
2535 3109 2769 3158 haberem

1736 3191 2063 3258 eloquentiam
2088 3204 2138 3241 et
2162 3206 2402 3240 summum
2427 3205 2588 3238 nsum.

1808 3289 1861 3335 9.
1891 3270 2104 3330 Seiana,
2147 3281 2347 3318 auctore
2381 3267 2649 3328 lambino,
2700 3285 2773 3317 re·

1737 3349 1931 3415 scripsit
1956 3348 2115 3415 quod,
2143 3348 2282 3398 male.
2300 3347 2354 3396 J.
2378 3348 2442 3396 V.
2465 3348 2524 3395 L.

624 3514 825 3562 earum,
867 3520 1080 3568 qnorum
1123 3509 1412 3559 auctoritate
1457 3512 1650 3573 jndices

626 3595 1066 3632 commoverentur.
1094 3583 1173 3632 1111
1214 3587 1300 3649 qui
1346 3591 1650 3653 prusenfinn

554 3690 561 3697 -
626 3670 821 3709 tantum
841 3661 1241 3723 commodabant,
1263 3666 1515 3727 advocati,
1548 3672 1583 3721 i.
1605 3687 1648 3720 e.

626 3736 691 3786 sd
721 3754 914 3788 mnsam
946 3743 1139 3805 vocati;
1177 3743 1264 3808 qui
1297 3744 1652 3813 loquebantur,

619 3819 830 3883 pact-om·
852 3820 1241 3885 appellabantur.

704 3912 755 3957 7.
784 3896 925 3947 Nova
949 3900 1210 3965 legatione.
1238 3904 1362 3967 Qnae
1385 3906 1531 3953 fuerit
1549 3905 1654 3954 haec

630 3971 960 4040 inexspectata
988 3978 1198 4043 legatio,
1235 3991 1335 4029 non
1361 3983 1535 4046 liquet.
1558 3986 1652 4032 Ds-

628 4054 775 4104 bstur
781 4056 910 4104 enim
921 4058 1194 4122 publicastd
1201 4061 1533 4110 comitandum
1541 4079 1657 4127 pto·

630 4136 911 4198 consulem3
937 4149 1020 4186 aut
1040 4138 1248 4203 privata,
1271 4139 1550 4190 hereditatis
1568 4142 1657 4189 ob·

629 4215 820 4274 eundae,
838 4226 923 4265 aut
944 4217 1149 4267 aliorum
1167 4219 1473 4284 negotiorum
1491 4236 1653 4271 mun.

1815 3445 1892 3477 xo.
1923 3432 1982 3477 In
2008 3426 2229 3476 consilio.
2252 3429 2531 3475 Assessores
2552 3424 2772 3485 scilieet,

1737 3508 1793 3555 L.
1812 3507 2043 3560 Lucullus
2060 3542 2078 3569 ,
2121 3508 2176 3554 Ρ.
2202 3505 2499 3568 Quintilius,
2534 3504 2610 3552 M.
2633 3506 2775 3552 Mar-

1737 3585 1887 3634 cellus
1926 3585 2013 3652 (ut
2037 3596 2114 3633 est
2137 3584 2262 3633 infra
2296 3583 2418 3650 17),
2449 3598 2572 3647 quos
2600 3583 2776 3646 Aquil-

1736 3666 1864 3726 lius,
1902 3665 2061 3728 judex
2098 3682 2127 3713 ι
2165 3675 2377 3729 pretore
2419 3663 2589 3723 dutus,
2620 3664 2777 3725 juris-

1742 3745 1994 3795 consultos
2012 3745 2244 3809 elegerun
2269 3755 2316 3792 et
2342 3745 2414 3792 ini
2431 3741 2630 3807 quidem
2649 3732 2778 3790 con·

1741 3824 1867 3885 suli,
1907 3841 2010 3872 non
2055 3841 2174 3873 vero
2214 3825 2482 3873 deliberare
2523 3833 2776 3888 poterant.

1741 3904 1859 3953 Vid.
1888 3904 1950 3952 ad
1980 3904 2102 3953 calc.
2140 3904 2287 3965 hujus
2316 3904 2504 3951 volum.
2537 3901 2777 3966 Append.

1743 3983 1806 4033 de
1824 3981 1934 4031 ord.
1951 4000 2112 4032 exerc.
2123 3982 2237 4045 jud.

1821 4079 1900 4111 ιι.
1948 4064 2115 4112 Nullo.
2167 4063 2285 4111 Non
2334 4060 2564 4110 restitisse
2614 4060 2778 4105 Naevii

1745 4144 1993 4207 potentiss.
2033 4143 2181 4191 Nullo
2220 4159 2313 4208 pro
2350 4141 2504 4201 nulli,
2542 4150 2593 4187 ut
2640 4137 2778 4201 apud

1746 4221 1902 4270 Plaut.
1924 4233 1971 4270 et
1988 4225 2104 4271 Ter.
