3044 4788
704 345 852 416 606
1500 348 2042 416 APPENDIX

705 468 997 546 sortitio;
1041 468 1271 547 altera,
1317 468 1696 531 subsortitio
1745 468 2096 533 dicebatur.
2154 469 2411 534 Peracta
2463 474 2833 549 mutium,

706 591 775 638 et
805 571 1305 652 subsortitione,
1325 571 1576 651 judices
1601 573 1748 637 lecti
1771 573 2157 654 dabantur,
2180 576 2431 662 quique
2452 575 2685 641 adesse
2716 603 2830 642 non

707 697 994 770 poterat,
1025 681 1507 744 excusationem
1537 680 1866 745 afferebat.

795 784 1057 849 Iudices
1094 785 1400 863 jurabant
1433 786 1500 847 in
1546 785 1755 874 leges,
1800 802 1877 849 ut
1918 785 2211 850 obstricti
2250 788 2567 876 religione
2596 789 2831 868 judia-

705 907 889 969 rent3
922 911 1060 952 non
1078 888 1337 969 jurabat
1372 905 1634 974 praetor,
1672 890 1912 977 quippe
1943 911 2139 977 quem
2164 891 2384 970 jurare
2422 914 2559 954 non
2583 915 2829 957 necesse

704 1012 906 1076 eom,
948 1010 1177 1081 utpote
1217 995 1570 1057 sententias
1614 993 2068 1084 colligentem,
2120 1018 2255 1058 non
2304 1018 2466 1058 vero
2504 998 2826 1062 ferentem.

705 1102 930 1185 Quum
973 1101 1296 1179 jurassent
1344 1122 1573 1163 omnes
1624 1116 1857 1188 praeter
1902 1101 2117 1189 ipsum
2166 1117 2536 1189 praetorem,
2575 1106 2829 1167 nomina

702 1227 931 1270 eorum
964 1206 1031 1268 in
1064 1204 1288 1267 album
1312 1206 1780 1286 referebantur,
1799 1222 1867 1269 et
1887 1207 2097 1294 palam
2117 1205 2200 1269 ad
2235 1206 2523 1269 tribunal
2549 1210 2829 1294 praetoris

707 1310 1134 1391 habebantur,
1162 1333 1247 1373 ne
1279 1333 1400 1398 pro
1431 1312 1681 1375 selectis
1698 1311 2057 1393 judicibus,
2090 1328 2167 1375 ut
2199 1310 2269 1374 fit
2290 1313 2358 1374 in
2387 1313 2824 1393 multitudine,

702 1417 902 1504 aliqui
955 1432 1519 1506 supponerentur,
1565 1418 2051 1505 corruptissime
2100 1417 2470 1497 judicaturi.
2529 1420 2609 1482 In
2657 1441 2829 1483 causa

708 1522 930 1588 Verris
943 1523 1193 1585 Tullius
1215 1521 1430 1608 plures
1447 1538 1752 1610 praeterea
1767 1522 2019 1587 libellos
2040 1524 2279 1586 fecerat
2305 1522 2547 1609 quibus
2574 1527 2828 1588 nomina

700 1629 998 1709 judicum
1034 1629 1545 1701 continerentur,
1594 1645 1660 1691 et
1698 1651 1864 1716 quos
1899 1629 2349 1716 compluribus
2382 1629 2825 1707 distribuerat,

708 1758 840 1822 quo
866 1735 1085 1798 Verris
1116 1751 1542 1823 patronorum
1570 1734 1816 1799 insidiis
1841 1758 1916 1798 ac
1952 1733 2161 1798 fraudi
2191 1735 2426 1798 certius
2450 1752 2830 1800 occurreret.

709 1841 845 1904 Act.
872 1842 905 1904 Ι
923 1888 943 1920 ,
979 1863 1117 1928 cap.
1144 1840 1205 1903 6.

791 1949 982 2010 Tunc
1005 1962 1337 2010 aecusator
1363 1948 1611 2034 primus
1648 1948 2009 2010 orationem
2044 1948 2341 2022 habebat,
2375 1948 2461 2010 ita
2495 1963 2568 2009 ut
2599 1971 2740 2011 eam
2769 1950 2829 2010 in

704 2047 865 2112 duas
891 2064 1103 2134 partes
1136 2046 1488 2129 divideret;
1525 2047 1719 2113 altera
1747 2048 2270 2112 testimoniorum
2312 2049 2583 2110 nomine
2615 2070 2829 2111 omnes

699 2148 1114 2233 probationes
1147 2149 1545 2212 extrinsecus
1577 2166 1865 2236 sumptas
1895 2150 2288 2214 continebat.
2326 2180 2353 2203 ιι
2377 2150 2828 2236 Maximuspa·

698 2251 905 2314 tronis
951 2252 1118 2315 circa
1156 2252 1527 2316 testimonia
1576 2250 1782 2318 sudor
1825 2271 1944 2319 est.
1968 2286 1994 2310 ι
2051 2254 2324 2336 Quintil.
2348 2255 2428 2332 V,
2455 2276 2522 2339 7.
2580 2255 2675 2316 Ea
2714 2270 2830 2316 tres

691 2357 937 2423 habent
966 2374 1217 2444 partes:
1251 2361 1669 2447 quaestiones,
1707 2376 1936 2440 testes»,
1985 2376 2051 2425 et
2095 2360 2362 2425 tabulas.
2413 2358 2825 2447 Quamquam

700 2485 837 2528 non
860 2464 1083 2528 omnia
1105 2464 1378 2528 crimina
1405 2464 1633 2529 iisdem
1661 2466 2047 2529 testimoniis
2069 2463 2443 2529 confirmata
2462 2481 2647 2528 sunt.
2674 2465 2829 2527 Nam

696 2567 902 2633 coedes
924 2568 1195 2632 testibus
1223 2586 1286 2632 et
1314 2570 1780 2655 quoestionibus
1804 2569 2078 2656 probata
2095 2584 2225 2650 est;
2253 2567 2625 2632 tabularum
2646 2568 2832 2633 fidem

692 2696 826 2738 non
860 2673 1245 2740 desideravit
1278 2697 1293 2738 ε
1333 2661 1708 2762 repetundae
1754 2691 1818 2737 et
1866 2677 2202 2762 peculatus
2238 2690 2435 2738 testes
2477 2691 2546 2738 et
2588 2674 2832 2738 tabulas

693 2794 1170 2867 poposcerunt,
1228 2780 1613 2865 quaestiones
1656 2778 2087 2866 repudiarunt
2124 2803 2139 2844 :
2180 2779 2472 2858 majestas
2508 2796 2732 2844 autem
2764 2795 2827 2842 et

695 2884 977 2949 ambitus
1005 2884 1157 2946 solis
1191 2884 1384 2947 etiam
1423 2884 1696 2948 testibus
1735 2886 2008 2949 fuerunt
2038 2901 2363 2950 contenta.
2394 2939 2412 2953 .

785 2989 1003 3054 Liberi
1040 3011 1175 3053 non
1214 2987 1537 3053 dabantur
1568 2990 1635 3053 in
1666 2992 2091 3077 quaestionem
2132 3014 2147 3055 :
2187 2990 2354 3054 servi
2385 3012 2687 3069 reorum,
2735 3013 2835 3054 ac·

694 3111 989 3159 cusator-e
1010 3094 1408 3182 postulante,
1429 3092 1769 3159 dabantur.
1795 3094 1921 3159 Sed
1952 3112 2176 3160 contra
2209 3094 2513 3159 dominos
2543 3096 2834 3183 torqueri

696 3223 832 3266 non
893 3216 1228 3287 poterant,
1277 3217 1542 3288 excepta
1594 3224 1784 3266 causa
1838 3202 2159 3280 incestus,
2206 3217 2271 3265 et
2324 3200 2833 3281 conjurationis,

696 3306 1022 3387 adulterii,
1079 3306 1443 3386 majestatis.
1496 3308 1625 3371 Cic.
1666 3308 1736 3372 in
1781 3309 2001 3374 Partit.
2037 3324 2102 3372 et
2139 3330 2260 3393 pro
2308 3306 2579 3371 Milone.
2628 3307 2831 3371 Tacit..

702 3414 867 3477 Ann.
902 3411 998 3493 ll,
1041 3412 1145 3478 30.

789 3518 1195 3598 Quaestiones
1249 3518 1458 3606 palam
1495 3518 1902 3584 habebantur
1933 3520 2438 3607 inspectantibus
2483 3518 2800 3582 omnibus

693 3623 965 3687 nuncin
1002 3623 1218 3689 medio
1249 3625 1634 3706 for03nunc
1667 3627 1736 3689 in
1769 3626 1935 3689 atrio
1972 3625 2316 3701 libertatis,
2351 3641 2418 3689 et
2447 3623 2620 3704 aliis3
2655 3643 2838 3687 nunc

696 3727 766 3796 in
814 3742 1063 3792 senatu.
1117 3729 1467 3794 Atrocibus
1517 3728 1639 3792 mis
1690 3730 2027 3796 tormentis
2073 3753 2217 3818 quae
2254 3753 2337 3794 ne
2377 3729 2509 3792 ulla
2563 3726 2838 3814 quidem

694 3831 905 3918 specie
935 3829 1195 3898 defendi
1227 3849 1538 3919 possunt,
1572 3832 1820 3903 diutius
1850 3837 2159 3902 Romanae
2195 3836 2367 3924 leges
2395 3836 2675 3898 fuerunt
2706 3832 2841 3920 pol-

692 3937 876 4019 lutae,
912 3938 997 4004 ita
1029 3956 1107 4006 ut
1143 3939 1294 4005 solis
1323 3941 1793 4007 recentioribus
1827 3943 2087 4031 populis
2119 3941 2281 4008 illud
2308 3941 2391 4005 sit
2420 3939 2620 4005 decus
2652 3938 2838 4004 atu-i·

690 4043 1025 4111 buendum
1057 4045 1194 4110 bac
1229 4067 1308 4108 ex
1333 4043 1588 4123 judiciis
1627 4047 1902 4111 omnino
1938 4047 2279 4135 depulisse.
