3044 4788
650 409 785 475 DE
846 406 1318 476 sumens
1383 372 1884 472 rR1VAT1s
2194 401 2332 498 575

296 534 514 607 Actor,
543 525 750 591 edicta
787 529 1040 590 actione
1078 550 1204 613 qua
1241 547 1480 590 usurus
1515 540 1679 605 erat,
1725 547 1865 588 eam
1902 526 2267 612 postulabat
2295 551 2330 590 a

205 649 509 721 praetore,
543 630 609 695 id
640 647 765 712 est,
805 631 1060 719 petebat
1096 647 1171 694 ut
1209 630 1331 693 sibi
1365 629 1589 692 liceret
1624 651 1761 692 eam
1798 630 1865 692 in
1900 629 2333 695 adversarium

204 737 564 801 intendere.
613 736 874 800 Poterat
921 752 1139 799 autem
1179 751 1415 823 praetor
1464 750 1578 798 aut
1624 735 1838 799 statim
1870 758 2190 817 annuere,
2222 753 2335 799 aut

205 843 379 906 diem
433 840 515 905 ad
562 839 720 904 illud
769 839 1265 904 examinandum
1323 839 1689 920 insumere,
1758 856 1870 903 aut
1913 842 2185 903 omnino
2230 842 2337 904 ab·

207 970 429 1010 nuere.
471 947 693 1028 Quum
728 969 883 1011 vero
916 948 1317 1034 impetrarat,
1366 961 1547 1008 actor
1596 962 1767 1009 certa
1804 947 2151 1009 verborum
2201 948 2336 1008 for-

206 1055 382 1116 mula
419 1053 710 1117 silentem
746 1074 931 1116 reum
966 1050 1348 1134 vadabatur,
1393 1048 1463 1112 id
1506 1066 1631 1131 est,
1663 1051 1888 1133 vades,
1928 1068 2040 1114 aut
2077 1050 2336 1131 fidejus-

206 1181 422 1237 soreS,
483 1159 613 1222 sive
672 1178 1024 1245 sponsores¹
1070 1156 1152 1219 ab
1208 1177 1286 1219 eo
1334 1155 1628 1245 petebat,
1669 1156 1810 1219 fore
1861 1172 1936 1220 ut
1995 1172 2174 1220 certo
2234 1157 2338 1220 die

206 1285 668 1352 responsurus,
712 1285 781 1325 se
830 1262 897 1323 in
940 1261 1085 1341 jure
1139 1260 1404 1324 sisteret.
1455 1259 1606 1325 Vid.
1648 1260 1786 1323 Gai.
1829 1262 1939 1340 lv,
1995 1261 2141 1326 185.
2183 1263 2335 1326 Dies

204 1385 422 1433 autem
459 1369 563 1432 ille
594 1368 983 1456 cognitionis
1025 1391 1061 1431 a
1102 1385 1410 1456 praetore,
1453 1391 1531 1432 ex
1572 1365 1823 1447 officio,
1858 1383 1967 1430 aut
2011 1369 2183 1431 ultro
2223 1393 2335 1457 pe·-

206 1474 495 1539 tentibus
531 1473 906 1537 adversariis
954 1472 1445 1562 designabatur3
1503 1495 1718 1559 neque
1765 1471 2160 1560 perendinus
2206 1492 2339 1538 erat

209 1580 600 1661 necessariO,
638 1595 717 1642 ut
764 1579 921 1641 olim
969 1595 1122 1643 ante
1175 1579 1410 1643 Gaium
1464 1600 1695 1642 omnes
1741 1575 2167 1642 affirmabant.
2204 1580 2340 1644 Gai.

208 1686 321 1766 lV,
354 1683 495 1765 151,
537 1682 677 1747 181.
712 1680 806 1747 Ita
834 1700 1149 1771 concepto
1176 1683 1579 1764 vadimoni0,
1614 1683 1677 1747 id
1706 1699 1834 1763 est,
1871 1683 2143 1747 vadibus
2176 1682 2336 1749 datis

210 1806 276 1853 et
310 1788 622 1876 acceptis,
675 1810 710 1851 e
745 1789 890 1867 jure
937 1786 1407 1851 discedebatur.
1443 1790 1695 1851 Interea
1734 1810 1833 1850 res
1875 1788 1942 1849 in
1965 1787 2336 1852 vadimonio

208 1910 348 1958 esse
383 1894 736 1958 dicebatur.
777 1893 945 1957 Nam
1002 1915 1039 1956 a
1083 1893 1353 1957 vadibus
1403 1893 1852 1956 vadimonium
1905 1894 2342 1980 appellabatur

211 2000 614 2063 intervallum
646 1998 953 2087 temporis
986 1997 1163 2085 quod
1211 2014 1348 2061 erat
1381 1999 1551 2061 inter
1589 1995 1824 2061 editam
1862 1998 2183 2062 actionem
2208 2049 2224 2081 ‚
2275 2016 2341 2063 et

209 2105 338 2168 litis
372 2104 825 2168 intentionem.
1810 2183 1822 2193 ·

297 2211 503 2291 Reus,
534 2210 789 2299 cognita
816 2209 1100 2291 actione,
1136 2206 1531 2295 quandoque
1568 2209 1707 2271 sine
1735 2206 1983 2287 judicio
2016 2211 2237 2291 cessit3
2276 2228 2341 2275 et

211 2338 348 2379 rem
397 2339 513 2405 per
561 2317 800 2380 amicos
850 2337 1230 2378 communes
1276 2314 1665 2401 composuit.
1716 2314 1826 2378 Sin
1879 2331 2097 2379 autem
2148 2339 2216 2380 se
2260 2317 2343 2381 ad

211 2421 739 2486 contendendum
766 2436 1051 2509 pararet,
1083 2420 1473 2508 cognitionis
1503 2418 1607 2484 die
1637 2436 1911 2505 uterque
1951 2443 2019 2483 se
2047 2421 2343 2505 sistebat,

214 2545 281 2592 et
312 2527 442 2591 hoc
473 2513 642 2608 erat,
679 2528 860 2591 obire
894 2526 1359 2590 vadimonium.

300 2635 543 2698 Praetor
585 2634 870 2698 actiones
916 2633 1153 2699 edictas
1204 2649 1270 2696 et
1317 2633 1671 2721 postulatas
1711 2654 1789 2695 ex
1833 2633 2069 2698 tabulis
2111 2633 2340 2700 ordine

215 2739 465 2804 recitari
487 2787 504 2820 ,
546 2755 739 2827 atque
786 2754 1033 2801 actores
1078 2760 1352 2826 reosque
1397 2736 1578 2800 citari
1628 2759 1746 2824 per
1790 2759 2188 2825 praeconem,
2221 2763 2338 2804 seu

214 2867 556 2909 accensum
583 2844 886 2925 jubebat,
924 2859 998 2906 ut
1032 2843 1113 2907 de
1146 2866 1374 2908 eorum
1401 2842 1513 2905 lite
1546 2860 1987 2931 cognosceret.

302 2951 368 3016 Si
402 2950 749 3038 litigatores
789 2949 869 3014 ad
904 2948 1349 3012 vadimonium
1397 2948 1502 3012 die
1547 2947 1901 3014 constituto
1936 2971 2068 3013 non
2107 2973 2340 3015 occur·

218 3072 461 3137 rerent,
513 3055 579 3119 id
613 3072 746 3137 est,
793 3056 862 3118 in
890 3055 1035 3134 jure
1073 3075 1141 3117 se
1164 3102 1182 3135 ,
1222 3075 1352 3117 non
1394 3053 1771 3140 interposita
1807 3054 2110 3119 dilatione
2135 3103 2152 3136 ,
2210 3080 2345 3119 non

220 3163 567 3244 sisterent,
597 3161 775 3225 litem
815 3159 1189 3249 perdebant.
1234 3159 1297 3222 Si
1336 3159 1512 3223 solus
1551 3159 1791 3246 petitor
1835 3160 2116 3243 abesset,
2158 3185 2349 3226 causa

220 3266 485 3331 cadebat
505 3316 523 3349 ,
578 3267 844 3354 ejusque
875 3265 1277 3346 rejiciebatur
1309 3264 1693 3352 postulatio,
1732 3285 1965 3352 nempe
1996 3282 2068 3328 ut
2094 3266 2174 3329 ab
2206 3268 2345 3355 ipso

222 3373 507 3455 deserta3
542 3374 639 3436 sin
664 3389 878 3437 autem
903 3395 1051 3435 reus
1071 3421 1089 3453 ,
1122 3386 1261 3433 tum
1292 3393 1328 3433 a
1365 3388 1638 3458 praetore
1658 3420 1673 3451 ,
1716 3386 1984 3457 propter
2017 3371 2345 3436 desertum

221 3477 659 3542 vadimonium
679 3527 697 3558 ,
722 3481 1125 3566 quae'magna
1151 3492 1285 3539 erat
1302 3475 1563 3539 infamia
1588 3524 1605 3557 ‚
1630 3477 1849 3539 multae
1876 3476 2140 3539 nomine
2161 3525 2178 3556 ,
2201 3502 2344 3565 quae

223 3587 450 3672 saepius
475 3585 650 3649 litem
674 3601 872 3648 totam
903 3585 1196 3673 aequabat
1215 3632 1232 3666 ,
1262 3582 1710 3662 damnabatur,
1741 3598 1805 3646 et
1829 3600 2086 3670 praetor,
2120 3604 2347 3672 postu-

225 3693 392 3752 lante
420 3705 665 3771 actore,
702 3714 779 3753 ex
807 3688 1018 3755 edicto
1047 3690 1220 3753 bona
1250 3690 1385 3768 ejus
1414 3687 1729 3777 possideri
1762 3688 2051 3767 jubebat.

311 3796 420 3859 Sin
446 3813 661 3860 autem
689 3813 960 3883 uterque
995 3819 1061 3860 se
1088 3796 1368 3876 sisteret,
1396 3812 1534 3859 tum
1559 3796 1736 3884 prior
1765 3819 1913 3860 reus
1948 3797 2347 3862 solemnibus
2433 3876 2436 3880 .

224 3902 432 3966 verbis
458 3903 544 3965 ita
570 3903 796 3991 agebat
823 3927 837 3965 ε
870 3903 1038 3966 «Um
1071 3925 1154 3966 ‘ru
1185 3926 1289 3982 ns,
1317 3926 1431 3981 Qm
1467 3926 1559 3966 mn
1591 3925 1999 3967 convanxrus
2032 3902 2142 3967 ns?
2169 3905 2341 3969 Ecca

227 4030 350 4072 neo
383 4031 473 4071 mn
504 4030 638 4071 ‘run
675 4030 881 4091 srsr03
909 4031 991 4071 'ru
1014 4031 1258 4072 com-ns
1288 4032 1365 4072 ΒΤ
1393 4032 1471 4073 τε
1495 4031 1649 4071 mm
1674 4030 1845 4072 slsrr.
1864 4041 1905 4070 ι».
1922 4009 1978 4071 Τ
1981 4032 2089 4070 um
2120 4032 2351 4096 proce·

228 4113 349 4178 den
362 4128 419 4178 te
447 4130 661 4178 actore
694 4131 758 4179 et
786 4112 1217 4202 respondente
1246 4138 1260 4181 :
1288 4137 1614 4197 «Ansam»,
1652 4115 1915 4203 rogabat
1948 4137 2115 4196 reus,
2149 4138 2351 4194 «Qum
2380 4119 2385 4124 ’
