3044 4788
668 447 805 518 550
1443 448 2001 517 EXCURSUS

663 594 867 660 panus
915 570 1057 633 fuit.
1116 571 1197 632 Hi
1252 585 1434 633 erant
1481 569 1909 633 certissimum
1968 565 2336 655 reipublioe
2385 565 2811 644 subsidium,

663 676 903 763 quippe
947 675 1060 763 qui
1102 674 1279 738 duris
1330 675 1729 762 temporibus
1769 673 1852 737 ad
1887 670 2311 737 sublevandas
2345 672 2557 734 aerarii
2590 694 2808 760 angu-

663 782 812 843 stias
845 779 1321 857 venderentur3
1371 777 1445 841 2⁰
1472 793 1588 841 aut
1620 777 1879 842 devictis
1920 776 2223 867 gentibus
2257 774 2590 864 adempti,
2631 777 2807 840 mili-

662 887 868 961 tibus,
920 886 1021 948 vel
1070 885 1249 971 inopi
1298 883 1466 971 plebi
1514 883 1988 962 dividebantur,
2040 881 2216 947 unde
2265 882 2547 946 coloniae
2599 900 2805 964 ortae,-

663 989 739 1057 30
756 1008 869 1054 aut
895 990 1174 1075 denique
1211 989 1512 1076 gentibus
1544 991 1613 1053 in
1646 988 2045 1054 deditionem
2074 988 2348 1075 acceptis
2387 988 2666 1052 colendi
2696 1013 2798 1051 re-

661 1097 1136 1183 linquebantur.
1196 1095 1326 1158 Li'v.
1372 1095 1625 1177 XXVI,
1669 1096 1776 1177 163
1830 1096 2160 1176 XXVIII,
2198 1095 2320 1176 463
2366 1095 2648 1173 XXX1;
2707 1095 2801 1159 ιδ.

664 1202 917 1279 Cicer0‚
955 1202 1177 1287 Agrar.
1206 1201 1291 1264 11.

748 1305 842 1367 Ex
877 1326 1180 1394 agrorum
1211 1306 1470 1370 illorum
1501 1307 1799 1370 omnium
1820 1354 1839 1388 ,
1871 1306 2160 1395 pauculis
2196 1306 2482 1393 exceptis
2516 1307 2641 1393 qui
2679 1307 2798 1368 im-

661 1412 976 1475 munitate
1032 1410 1475 1493 donabantur,
1513 1412 1830 1475 fructibus
1887 1412 2158 1500 vectigal
2200 1411 2589 1499 reipublicae
2640 1435 2796 1500 pen-

663 1517 955 1580 debatur.

753 1626 1075 1711 Agrorum
1093 1672 1112 1705 ,
1137 1625 1248 1711 qui
1275 1623 1737 1711 patrimonium
1766 1622 2133 1710 reipublicae
2161 1621 2306 1685 facti
2334 1622 2603 1685 fuerant
2620 1672 2639 1704 ‚
2668 1645 2805 1684 om·

664 1729 764 1793 nis
796 1729 1039 1794 reditus
1072 1729 1154 1794 ad
1186 1731 1477 1794 aerarium
1511 1729 1893 1818 pertinebat.
1935 1728 2012 1792 Id
2040 1746 2176 1793 erat
2205 1727 2800 1792 luculentissimum

666 1835 1032 1922 reipublicae
1069 1833 1455 1898 subsidium.
1505 1838 1730 1923 Agrar.
1758 1836 1858 1914 11,
1892 1857 1946 1897 c.
1985 1857 2089 1898 20.

754 1941 1112 2027 Agrorum,
1152 1941 1265 2026 qui
1312 1940 1583 2004 coloniis
1625 1956 1809 2003 erant
1853 1939 2184 2027 assignati,
2241 1941 2492 2001 fructus
2527 1938 2799 2025 quidem

669 2042 752 2105 ad
783 2044 1049 2105 colonos
1070 2044 1521 2129 pertinebant3
1556 2043 1822 2132 vectigal
1851 2059 2067 2107 tamen
2091 2041 2383 2129 aliquod,
2415 2044 2607 2129 quasi
2640 2064 2819 2106 mer-·

666 2145 838 2210 cedis
866 2146 1130 2208 nomine
1149 2193 1167 2225 ,
1196 2145 1451 2232 publice
1487 2146 1879 2233 pendebant.
1914 2147 2068 2210 Non
2104 2147 2345 2234 aequale
2375 2146 2539 2209 illud
2572 2148 2703 2209 fuit
2732 2149 2795 2209 in

667 2271 893 2313 omnes
935 2248 1250 2330 colonias3
1314 2248 1428 2312 sed
1470 2273 1591 2337 pro
1626 2252 1773 2330 jure
1811 2269 1874 2315 et
1916 2251 2165 2340 legibus
2203 2251 2440 2338 quibus
2488 2250 2798 2315 deductio

669 2377 890 2419 earum
923 2354 1089 2419 facta
1117 2370 1286 2436 erat,
1320 2354 1420 2419 vel
1451 2379 1571 2445 pro
1600 2372 1782 2421 terrae
1809 2374 1922 2422 aut
1948 2357 2267 2438 ubertate,
2304 2371 2417 2421 aut
2440 2358 2796 2437 sterilitate,

668 2462 771 2532 alii
817 2462 953 2550 agri
1002 2462 1259 2550 quintas
1295 2461 1696 2550 pendebant,
1746 2463 1850 2526 alii
1896 2464 2238 2549 septimas,
2299 2479 2457 2527 teste
2495 2464 2797 2552 Hygino,

670 2569 776 2635 cui
804 2568 938 2632 fere
970 2568 1296 2633 consentit
1328 2568 1661 2655 Appianus
1681 2617 1699 2649 ,
1728 2591 1934 2656 quum
1966 2569 2056 2631 ait
2090 2568 2402 2631 decimam
2440 2586 2700 2656 partem
2725 2592 2799 2632 ex

671 2675 819 2738 satis
847 2674 1008 2737 solvi
1039 2675 1324 2755 solitam3
1350 2673 1643 2759 quintam
1673 2697 1751 2737 ex
1776 2673 2053 2736 arbustis
2073 2722 2092 2755 ,
2129 2674 2255 2737 hoc
2287 2688 2414 2755 est,
2450 2695 2531 2735 ex
2561 2697 2799 2761 pomo,

671 2781 858 2859 vinc,
898 2802 1096 2858 nuce,
1137 2777 1293 2858 ficu,
1327 2795 1392 2841 et
1434 2778 1697 2866 reliquis
1727 2778 2036 2841 arborum
2072 2778 2409 2841 fructibus.
2448 2777 2692 2866 Hygin.
2723 2777 2803 2841 de

672 2883 881 2948 Limit.
912 2883 1169 2946 constit.
1193 2883 1258 2964 1,
1294 2906 1359 2969 p.
1396 2885 1555 2970 1983
1582 2882 1849 2971 Appian.
1876 2883 2029 2947 Bell.
2060 2885 2266 2947 Civ.1.

738 2991 822 3051 At
837 2988 1334 3077 pinguissimum
1346 2989 1471 3053 fuit
1484 2988 1644 3053 illud
1658 2990 1927 3080 vectigal
1942 2991 2121 3077 quod
2136 2990 2598 3079 capiebaturex
2611 2994 2802 3079 agris,

675 3094 788 3180 qui
816 3093 1116 3182 gentibus
1141 3093 1207 3156 in
1242 3093 1640 3159 deditionem
1660 3095 1936 3183 acceptis
1960 3094 2214 3159 colendi
2242 3096 2798 3183 relinquebantur.

672 3198 1004 3263 Arationes
1036 3198 1171 3261 istoe
1198 3199 1317 3262 soli
1346 3199 1591 3287 populo
1623 3220 1897 3263 romano
1930 3215 2113 3262 erant
2145 3201 2524 3281 fructuosae3
2561 3201 2804 3289 quippe

673 3328 751 3369 ex
776 3323 1079 3393 agrorum
1109 3301 1210 3364 vel
1238 3302 1783 3366 feracissimorum
1816 3302 2135 3367 fructibus
2167 3303 2274 3366 vix
2302 3322 2638 3391 supererat
2664 3328 2803 3368 ara-

671 3409 923 3472 toribus
975 3404 1152 3469 unde
1207 3406 1510 3470 familiam
1562 3428 1744 3470 suam
1792 3408 2034 3472 alerent
2086 3432 2102 3472 :
2154 3425 2408 3473 tantum
2463 3409 2800 3475 fructuum

671 3527 758 3601 po
763 3513 954 3596 pulus
974 3532 1284 3574 romanus
1304 3510 1868 3575 auferebat.Testis
1889 3529 1985 3576 est
2003 3536 2135 3575 una
2159 3513 2387 3594 Sicilia,
2405 3535 2572 3599 quae,
2594 3516 2799 3602 prima

672 3617 807 3680 fere
831 3636 1162 3677 romanam
1199 3615 1702 3703 inprovinciam
1734 3616 1986 3681 redacta
2009 3666 2026 3697 ‚
2079 3618 2308 3706 triplex
2348 3619 2663 3683 frumenti
2705 3644 2802 3710 ge·

669 3743 827 3799 nus,
868 3740 1100 3805 nempe
1138 3721 1551 3803 aestimatum,
1583 3740 1871 3811 emptum
1900 3740 1966 3787 et
1994 3721 2426 3789 decumanum
2454 3725 2538 3789 ad
2572 3749 2801 3814 perpe-

673 3844 850 3890 tuam
881 3839 1021 3885 tum
1047 3822 1345 3910 'praetoris
1380 3823 1445 3885 in
1478 3820 1840 3913 provincia,
1877 3843 2015 3891 tum
2052 3829 2255 3916 plebis
2291 3829 2560 3893 urbanae
2592 3854 2796 3894 anno-

675 3954 823 3996 nam
842 3927 1125 4018 pendere
1147 3929 1516 4019 cogebatur.
1540 3930 1955 3998 Ordinarium
1985 3934 2184 3999 fuisse
2206 3935 2470 4024 vectigal
2494 3935 2791 4000 decumas

673 4035 937 4101 infinitis
961 4059 1040 4098 ex
1052 4034 1207 4100 locis
1234 4051 1430 4122 patet.
1455 4036 1584 4099 Has
1607 4035 1815 4101 Sicilia
1836 4040 1968 4118 jam
1990 4039 2071 4102 ab
2093 4040 2373 4127 antiquis
2395 4042 2790 4128 temporibus

673 4142 933 4232 regibus
963 4141 1094 4206 suis
1120 4139 1471 4230 pendebat3
1518 4159 1582 4207 et
1616 4158 1960 4230 postquam
1993 4145 2438 4210 Romanorum
2468 4145 2791 4234 provincia
