3044 4788
220 429 514 451 mmm
522 421 1637 448 mmmmmmmmmm

590 596 593 601 ’
702 614 848 716 Μ.
904 613 1025 714 Τ.
1107 534 1931 716 CICERONIS

512 828 2110 1008 ORATIONES.

909 1255 1036 1333 IN
1094 1254 1183 1334 C.
1223 1252 1721 1332 VERREM

727 1426 1153 1516 ACTIO
1234 1423 1906 1515 SECUNDA.

928 1604 1239 1672 LIBER
1296 1603 1712 1671 PRIMUS,

716 1888 861 1955 DE
911 1888 1145 1956 ΡΜ
1156 1886 1424 1955 TURA
1450 1970 1455 1974 .
1483 1886 1920 1957 URBANA.

910 2151 1312 2220 ORATIO
1364 2150 1730 2220 SEXTA.

253 2326 311 2392 I.
369 2275 776 2401 NEMINEM
795 2332 1119 2388 vestrum
1150 2317 1485 2415 ignorare
1516 2315 1854 2407 arbitror,
1870 2317 2173 2414 judiceS,
2200 2320 2399 2396 hune

259 2456 388 2529 per
421 2431 642 2501 hosce
676 2428 827 2500 dies
864 2452 1274 2500 sermonem
1309 2427 1507 2525 vulgi
1532 2438 1585 2516 ¹,
1632 2442 1854 2527 atque
1891 2429 2079 2501 hanc
2114 2434 2399 2529 opinio-

258 2564 433 2612 nem
474 2537 730 2637 populi
760 2538 1041 2608 romani
1089 2535 1345 2625 fuisse,
1391 2543 1468 2609 G.
1502 2542 1804 2609 Verrem
1859 2539 2080 2610 altera
2115 2545 2401 2614 actione

262 2659 824 2747 responsurum²
869 2673 1018 2719 non
1061 2672 1257 2736 esse,
1307 2674 1550 2748 neque
1588 2650 1679 2721 ad
1715 2651 2075 2746 judicium
2124 2652 2397 2726 affutu-

259 2785 444 2832 rum.
489 2761 668 2849 Quae
706 2757 895 2829 fama
929 2784 1081 2830 non
1125 2759 1396 2832 idcirco
1441 2762 1680 2831 solum
1735 2776 2153 2851 emanarat,
2190 2763 2396 2861 quod

264 2877 394 2943 iste
437 2884 633 2942 certe
676 2883 1023 2941 statuerat
1066 2893 1148 2942 ac
1187 2869 1711 2944 deliberaverat
1746 2898 1899 2944 non
1943 2873 2227 2964 adesse3
2276 2875 2436 2947 ve?

265 3007 424 3054 rum
478 2985 733 3068 etiam,
792 2979 995 3080 quod
1042 3005 1262 3054 nemo
1310 3007 1757 3080 quemquam
1810 2998 1954 3055 tam
2009 2984 2399 3075 audacem,

269 3109 411 3164 tam
458 3106 858 3180 amentem,
908 3106 1053 3164 tam
1115 3093 1616 3191 impudentem
1674 3091 1829 3174 sore
1889 3092 2401 3183 arbitrabatur,

342 3267 387 3298 ι.
417 3249 577 3315 Vulgi.
605 3249 685 3318 Ad
710 3252 766 3300 h.
785 3251 823 3299 1.
846 3249 1051 3299 adnotat
1077 3250 1287 3312 Quintil.
1445 3268 1499 3300 2.
1525 3252 1898 3315 Responsumm.
1925 3252 2148 3299 Praeconi
2181 3261 2232 3298 et
2260 3267 2403 3300 acen-

271 3333 363 3391 11,
381 3338 407 3386 4
431 3347 445 3380 :
474 3352 496 3374 ι
514 3330 615 3378 Cur
638 3329 782 3379 hosce
802 3331 967 3394 potine
989 3346 1137 3395 qnam
1160 3328 1289 3378 Itos?
1346 3371 1353 3376 ,
1375 3341 1587 3379 satorem
1612 3341 1663 3378 et
1689 3347 1825 3379 reum
1850 3332 2049 3379 citanti:
2070 3340 2248 3394 praeoto
2274 3332 2405 3379 fntn·

274 3427 426 3474 neque
461 3409 589 3458 enim
623 3422 726 3458 erat
761 3426 1000 3473 asperum.
1030 3410 1290 3457 Rationem
1376 3410 1557 3458 mmin
1569 3409 1775 3471 jndicio,
1792 3420 1849 3457 nt
1869 3409 2006 3473 apud
2025 3409 2190 3458 Phaed.
2229 3412 2408 3459 «citati

273 3491 470 3538 sortasse
488 3505 590 3538 non
603 3488 819 3551 reddam,
838 3491 1040 3537 sentiam
1063 3505 1167 3537 ene
1189 3504 1289 3536 me·
1378 3504 1479 3537 non
1498 3488 1797 3553 respondent
1818 3512 1861 3538 n.
1883 3490 2040 3537 Tunc*
2051 3489 2182 3536 enim
2207 3506 2408 3553 respon-

272 3573 376 3623 lius.
402 3575 503 3623 Cnr
527 3589 629 3621 non
650 3574 766 3621 satin
784 3573 848 3622 eit
865 3571 1294 3638 sermonem-vulgi
1378 3569 1494 3618 dere
1543 3568 1836 3618 dicebantur
1852 3602 1870 3629 ‚
1918 3584 2072 3632 quum
2109 3563 2148 3616 a*
2179 3585 2408 3633 praecone

259 3653 447 3718 ficisse?
484 3653 780 3717 compositio
822 3653 953 3701 enim
992 3654 1289 3718 patiebatur.
1378 3649 1612 3713 appellati
1641 3649 1927 3714 prodirent,
1965 3665 2114 3713 seque
2144 3649 2312 3698 adeone
2338 3661 2408 3699 te-

275 3733 578 3797 1gnonbam3
621 3733 710 3780 sed
747 3735 816 3782 ita
832 3766 847 3792 ,
894 3743 950 3780 nt
988 3731 1160 3789 audio,
1195 3732 1292 3781 hoe
1381 3728 1493 3777 etati
1530 3728 1749 3777 debitum
1784 3729 1837 3775 in
1875 3728 2066 3791 Judicio
2104 3729 2200 3777 sibi
2243 3730 2410 3778 locum

276 3813 454 3860 animus
476 3813 657 3875 accipit
680 3811 885 3875 plenum
905 3812 1010 3859 sine
1031 3812 1124 3858 hnc
1147 3812 1294 3875 gemi-
1384 3818 1699 3873 occuparent.
1748 3807 1829 3856 Sic
1872 3808 1998 3856 infra
2041 3830 2066 3849 α
2083 3819 2264 3873 praeeto
2304 3820 2378 3857 cat
2392 3843 2410 3870 ,

278 3892 464 3940 natione
495 3908 595 3940 non
623 3907 786 3940 essen.
815 3890 1059 3940 Nonnulli
1077 3891 1191 3938 libri
1213 3907 1298 3938 ve·
1386 3886 1684 3952 respondet,
1712 3886 2063 3947 defenditur-3
2099 3899 2149 3936 et
2171 3890 2310 3936 Verr.
2338 3889 2413 3944 11,

281 3982 393 4018 teres
413 3971 629 4035 «vulgo,
665 3970 860 4036 populo
881 3992 907 4012 ι-
922 4005 940 4032 ,
961 3985 1087 4033 quos
1115 3981 1165 4018 et
1182 3969 1298 4018 'rul-
1388 3976 1485 4024 402
1508 3967 1720 4015 -citntm
1745 3979 1998 4015 accusator
2018 3968 2090 4017 M.
2111 3966 2317 4014 Pacilius
2336 3982 2416 4014 ne·

283 4050 394 4097 liam
414 4050 651 4113 elegantia
666 4062 716 4100 et
730 4049 1025 4113 Quintiliani
1041 4049 1303 4098 auctoritas
1390 4048 1493 4095 scio
1529 4062 1631 4111 qno
1662 4063 1807 4105 caen,
1845 4062 1949 4095 non
1988 4045 2272 4110 respondit,
2308 4060 2414 4092 non

282 4128 331 4176 h.
357 4130 386 4177 Ι.
413 4130 612 4178 refellit.
1392 4127 1534 4175 affuit
1553 4148 1593 4172 ιι.
1621 4125 1698 4174 Sic
1719 4128 1902 4174 Ancon.
1933 4127 2092 4174 Graev.
2113 4123 2414 4172 Ferret-Me-
