3044 4788
665 379 807 468 473
1306 370 1400 439 M.
1453 371 1532 437 T.
1586 368 2143 438 CICERONIS

660 499 870 569 illos²
922 493 1337 593 palaestritas
1388 489 1586 559 bona
1636 491 2015 559 restituere
2055 487 2301 581 jussit,
2351 501 2426 557 et
2478 488 2834 584 Epicrati

660 608 992 689 Bidinos»,
1041 619 1114 673 et
1151 596 1483 699 pupillo3
1526 601 2019 695 Drepanitano
2065 604 2144 667 A.
2193 595 2573 668 Claudium
2603 624 2631 681 ;
2693 614 2826 682 et,

662 717 802 787 nisi
838 729 1116 785 mature
1166 709 1463 780 Letilius
1510 710 1587 777 in
1628 706 1932 779 Siciliam
1977 711 2290 778 venisset
2329 733 2492 778 cum
2531 707 2828 794 Περι-ἦε,

566 906 579 921 „
662 829 902 897 minus
949 848 1090 893 xxx
1130 817 1387 889 diebus
1433 816 1769 889 Metellus
1810 831 2031 888 totam
2082 819 2376 888 triennii
2411 832 2828 914 praeturam

662 953 859 1009 tuam
894 929 1313 1003 rescidisset.

757 1052 878 1131 Et,
927 1041 1270 1140 quoniam
1307 1036 1397 1108 de
1438 1062 1520 1108 ea
1550 1039 1856 1135 pecunia
1879 1091 1899 1123 ‚
1940 1061 2160 1132 quam
2196 1036 2331 1107 tibi
2363 1035 2454 1106 ad
2487 1051 2818 1108 statuam

662 1178 997 1229 censores
1017 1150 1487 1222 contulerunt
1502 1203 1521 1235 ‚
1535 1147 1711 1234 dixi3
1740 1172 1891 1217 uon
1908 1147 2088 1217 mihi
2108 1147 2818 1244 praetermittendum

661 1263 946 1335 videtur
1013 1286 1106 1332 ne
1154 1259 1335 1330 illud
1378 1258 1671 1355 quidem
1721 1282 1949 1354 genus
2002 1259 2324 1356 pecuniae
2373 1258 2814 1341 conciliant,

664 1399 885 1473 quam
923 1388 1006 1444 tu
1043 1399 1083 1444 a
1125 1369 1533 1443 civitatibus
1572 1381 1969 1440 statuarum
2002 1369 2295 1439 nomine
2331 1372 2659 1466 coegisti.
2691 1373 2815 1438 Vi-

663 1486 803 1558 deo
846 1488 1042 1556 enim
1099 1483 1256 1580 ejus
1299 1481 1626 1579 pecuniae
1665 1504 2023 1549 summam
2071 1503 2226 1551 esse*
2273 1479 2812 1579 pergrandem,

663 1596 754 1668 ad
786 1599 933 1666 H-S
973 1620 1111 1667 cxx
1149 1592 1419 1663 millia⁴
1458 1617 1475 1660 :
1518 1603 1800 1660 tantum
1841 1587 2224 1660 conficitur
2256 1616 2345 1661 ex
2373 1591 2812 1661 testimoniis

663 1733 747 1780 ac
786 1692 1011 1779 literis
1050 1706 1444 1776 civitatum.
1492 1705 1583 1771 Et
1614 1704 1748 1771 iste
1794 1700 1937 1771 hoc
1973 1699 2343 1788 concedit,
2381 1725 2519 1772 nec
2565 1717 2813 1799 potest

662 1820 874 1891 aliter
897 1816 1158 1888 dicere.
1196 1816 1437 1903 Quare
1468 1809 1876 1906 cujusmodi
1906 1825 2245 1908 putamus
2267 1834 2418 1881 esse
2457 1810 2614 1898 illa,
2645 1837 2812 1908 qua·

665 1942 882 2023 negat
898 1980 917 2013 ‚
937 1950 1168 2022 quum
1190 1923 1342 1993 baec
1375 1937 1524 1992 tam
1546 1919 1879 2018 improba
1903 1922 2046 1991 sint
2063 1946 2258 2017 ‚quae
2284 1918 2593 1991 fatetur?
2611 1923 2812 2011 Quid

667 2039 862 2108 enim
903 2038 1013 2105 vis
1067 2034 1458 2104 constitui?
1505 2045 2014 2129 consumptam
2057 2054 2212 2101 esse
2254 2055 2548 2101 omnem
2601 2033 2814 2101 istam

668 2144 1051 2244 pecuniam
1079 2144 1154 2211 in
1179 2144 1466 2213 statuis?
1486 2148 1623 2214 Fac
1647 2145 1743 2213 ita
1763 2167 1954 2213 esse:
1986 2156 2226 2212 tamen
2248 2140 2391 2213 boc
2422 2140 2812 2214 ferendum

668 2252 874 2322 nullo
900 2249 1122 2321 modo
1146 2265 1287 2338 est,
1316 2266 1590 2322 tantam
1618 2250 1708 2322 ab
1747 2254 1955 2322 sociis
1983 2252 2361 2347 pecuniam
2385 2250 2656 2323 auferri
2675 2309 2698 2339 ‚
2731 2268 2814 2323 ut

667 2359 1012 2433 omnibus
1053 2361 1128 2431 iu
1165 2361 1565 2459 angiportis
1614 2360 1971 2460 praedonis
2009 2361 2521 2459 improbissimi
2556 2378 2814 2436 statuae

604 2553 607 2554 ⁷
669 2488 1076 2574 ponantur,
1113 2496 1258 2569 qua
1293 2467 1454 2541 vix⁵
1492 2484 1654 2542 tuto
1690 2473 1974 2541 transiri
2016 2495 2229 2567 posse
2259 2471 2612 2544 videatur.

762 2589 1018 2658 LVIII.
1080 2588 1352 2654 Verum
1396 2580 1527 2653 ubi
1570 2580 1860 2652 tandem
1885 2634 1904 2668 ,
1954 2596 2079 2652 aut
2124 2584 2205 2652 in
2243 2583 2513 2679 quibus
2555 2585 2811 2654 statuis

665 2705 800 2771 ista
847 2711 1044 2769 tanta
1085 2696 1394 2793 pecunia
1434 2706 1868 2792 consumpta
1904 2692 2062 2763 est?
2119 2695 2611 2764 Consumetur
2635 2749 2657 2783 ‚
2705 2696 2810 2764 iu·

738 2935 790 2967 a.
821 2919 947 2965 Tuos
973 2915 1097 2965 illos.
1116 2916 1452 2966 Amicissimos
1478 2916 1691 2975 seilicet,
1777 2916 1976 2964 nomine
2004 2928 2251 2982 arguatur.
2281 2916 2393 2982 Legi
2423 2916 2579 2965 voluit
2611 2918 2805 2966 lelem.

664 2997 953 3062 quibuscum
985 2995 1199 3043 Heraclii
1225 3007 1272 3044 et
1298 2996 1537 3061 Epicratis
1561 2996 1691 3044 bone
1778 2998 2001 3044 «centies
2014 2996 2164 3045 vicies
2185 3017 2231 3055 ι,
2255 2997 2343 3060 qui
2363 3012 2595 3044 numerus
2614 3014 2804 3045 omnem

666 3077 876 3141 partitus
895 3090 963 3121 es.
1780 3073 1930 3122 fidem
1984 3091 2041 3122 se
2101 3076 2304 3124 modum
2369 3075 2577 3123 excedit.
2644 3079 2805 3140 Quum

740 3157 789 3205 3.
819 3153 1025 3218 Pupilla.
1058 3153 1282 3217 Sosippi‚
1319 3153 1404 3215 qui
1428 3153 1576 3200 finter
1597 3162 1698 3199 erat
1783 3155 1912 3203 enim
1968 3155 2145 3203 Cicero
2201 3156 2378 3218 saepius
2436 3155 2566 3203 die-t
2604 3157 2805 3205 Verrem

666 3234 936 3301 Epicratis,
971 3231 1095 3281 filio.
1117 3234 1277 3295 Quem
1298 3231 1445 3279 bonis
1467 3233 1698 3297 spoliarat
1784 3256 1810 3276 ι
1829 3232 2224 3297 quadringenties
2245 3234 2556 3286 sestettium-
2583 3251 2651 3282 ex
2684 3237 2802 3284 Sin·-

667 3315 901 3363 omnibus
943 3315 1007 3361 A.
1049 3311 1287 3361 Claudius
1307 3347 1324 3373 ,
1369 3311 1699 3375 Apollonius,
1785 3312 1847 3360 lis
1877 3323 2047 3360 contra
2083 3312 2214 3377 leges
2249 3313 2531 3371 abstulisse,
2568 3317 2684 3378 quis
2708 3332 2805 3363 cte·

666 3396 818 3457 homo
839 3392 1149 3456 dignissimus
1163 3391 1335 3439 Verris
1351 3390 1700 3439 moribusNid.
1792 3393 1904 3441 dere
1921 3395 2075 3456 possit
2093 3394 2352 3456 pecuniam
2371 3410 2398 3440 a
2417 3394 2703 3443 civitatibus
2720 3409 2805 3444 stn-

668 3474 917 3530 Verr.1‘V‚
949 3488 1029 3533 ¹7·
1789 3483 1982 3520 tuarum
2021 3473 2220 3520 nomine
2251 3473 2486 3530 ablatam,
2520 3474 2636 3538 plus
2666 3492 2804 3539 qnam

739 3559 788 3607 4.
838 3547 988 3598 CXX
1016 3549 1173 3597 millia
1208 3549 1427 3615 (24‚600
1466 3548 1558 3613 fr.)
1580 3550 1702 3611 Quae
1789 3560 2007 3613 quartam
2046 3551 2181 3599 illius
2223 3569 2422 3601 summa
2460 3566 2652 3618 partem
2698 3557 2806 3604 effe-

602 3667 611 3676 .
666 3644 850 3677 summa
879 3643 980 3674 non
996 3627 1294 3693 pergrandis
1315 3625 1537 3684 videtur;
1559 3627 1697 3675 uisis
1789 3628 1930 3677 cisse.
1971 3630 2189 3692 Conjicit
2226 3635 2454 3681 Gai-aton.
2496 3637 2803 3683 «sestertium

666 3705 870 3771 siugulis
890 3705 1175 3753 civitatibus
1201 3717 1371 3755 exacta
1391 3705 1599 3764 dicatur,
1619 3707 1700 3755 eui
1785 3707 1935 3755 vicies
1953 3729 1975 3751 ι
1990 3705 2046 3770 (4
2059 3725 2236 3766 ιο,οοο
2256 3711 2344 3775 fr.)
2358 3747 2371 3771 ‚
2386 3729 2532 3777 quem
2557 3713 2804 3762 nnmerum

669 3786 740 3834 rei
774 3783 1005 3847 refragari
1042 3794 1089 3830 et
1128 3785 1267 3832 latini
1307 3785 1543 3832 sermonis
1574 3787 1699 3834 ratio
1785 3803 1875 3852 per
1895 3804 1966 3835 xx
1988 3788 2042 3835 in
2072 3790 2225 3839 codd.
2246 3808 2525 3856 expressum
2563 3793 2803 3856 paullatim

667 3877 715 3913 et
743 3862 992 3930 sequentia
1015 3861 1258 3910 videntur.
1291 3863 1534 3925 Reposuit
1562 3867 1698 3914 Man.
1786 3866 1838 3913 in
1862 3882 1995 3914 ccxx
2017 3869 2167 3916 millia
2184 3891 2208 3910 n·
2224 3869 2399 3918 abiisse
2420 3870 2702 3922 arbitr-tur.
2725 3875 2805 3920 lte-

668 3968 693 3986 ..
710 3960 801 3992 ccc
825 3942 975 3990 millia
988 3962 1031 3999 s,
1049 3939 1186 4005 quod
1203 3957 1303 3988 uon
1327 3939 1537 4002 sufficit3
1551 3960 1700 4007 quum
1789 3948 1919 4010 cepit
1939 3946 2134 3996 Schiitz.
2153 3948 2234 3996 hic
2252 3961 2301 3998 et
2319 3949 2488 4015 paullo
2511 3964 2645 4018 post.

667 4025 793 4073 infra
813 4025 986 4069 Verres
1011 4020 1138 4068 hanc
1169 4022 1373 4069 omnino
1398 4037 1632 4069 summam
1665 4039 1691 4070 a
1857 4027 1908 4074 5.
1954 4029 2065 4088 Qua
2095 4027 2213 4077 vix.
2244 4032 2394 4092 Quasi
2426 4033 2596 4079 ‘ven-is
2641 4045 2806 4082 statne

666 4104 787 4151 solis
799 4099 1135 4164 Centuripinis
1152 4099 1405 4148 abstulisse
1425 4093 1702 4150 statuarum’
1781 4106 2030 4167 spoliandi
2053 4110 2151 4156 vim
2178 4120 2226 4156 et
2254 4110 2373 4174 ipsae
2390 4111 2628 4160 babeant.
