3044 4788
633 375 771 449 356
1256 368 1353 439 Μ.
1404 368 1482 436 Τ.
1537 357 2121 435 CICERONIS
2187 414 2193 419 .

630 495 975 570 heredem
993 548 1012 582 ‚
1046 490 1440 562 heredesve
1467 488 1866 585 perveniat,
1881 479 2086 579 quod
2118 501 2253 577 per
2280 477 2510 572 legem
2529 478 2782 546 Voco-

632 611 828 680 niam
866 608 972 691 ei,
1019 602 1149 697 qui
1186 620 1445 671 census
1485 597 1614 682 sit,
1665 617 1816 664 non
1850 591 2018 661 licet
2045 588 2109 658 ²?
2148 612 2282 659 cur
2315 585 2493 669 hoc,
2534 609 2782 681 quum

631 722 706 787 in
743 714 1003 788 eodem
1039 732 1303 807 genere
1339 709 1454 793 sit,
1499 728 1650 775 non
1688 700 1950 773 caves?
1990 701 2183 789 Quia
2223 693 2420 767 non3
2445 696 2779 792 generis,

621 827 756 905 ‚sed
785 821 1100 896 hominis
1135 840 1422 890 causam
1459 813 1703 886 verbis
1744 809 2197 908 amplecteris
2234 834 2251 876 ε
2289 819 2374 876 ut
2405 803 2609 875 facile
2642 828 2782 901 ap·

628 950 907 1037 pareat,
934 947 1009 1004 te
1038 930 1276 1028 pretio
1314 950 1466 997 esse
1495 936 1960 995 commotum.
1997 921 2236 1013 Atque
2275 914 2419 985 hoc
2448 915 2506 985 si
2536 913 2612 982 in
2647 937 2783 1010 po-

626 1065 901 1120 sterum
939 1039 1319 1125 edixisses,
1358 1038 1602 1107 minus
1638 1044 1826 1105 esset
1856 1026 2261 1118 nefarium3
2297 1039 2546 1095 tamen
2583 1037 2784 1093 esset

634 1152 1104 1256 improbum:
1167 1145 1293 1220 sed
1345 1161 1506 1217 tum
1555 1141 1950 1240 vituperari
2000 1151 2283 1237 posset,
2336 1139 2415 1206 in
2463 1131 2782 1205 dubium

631 1268 882 1339 venire
915 1287 1068 1334 non
1087 1271 1370 1360 posset3
1408 1277 1629 1327 nemo
1654 1255 1852 1323 enim
1877 1247 2385 1320 committeret.
2421 1247 2639 1315 Nunc
2670 1256 2785 1312 est

620 1372 991 1474 'ejusmodi
1039 1369 1391 1454 edictum,
1449 1378 1534 1435 ut
1571 1362 1807 1459 quivis
1857 1356 2246 1452 intelligat,
2293 1376 2449 1424 non
2495 1350 2785 1449 populo

637 1510 791 1558 esse
826 1487 1207 1580 scriptum,
1227 1474 1357 1549 sed
1381 1471 1694 1545 P.Annii
1725 1467 2061 1542 secundis
2083 1462 2499 1537 heredibus.
2521 1466 2786 1557 Itaque

636 1622 869 1695 quum
897 1619 941 1666 a
974 1608 1045 1664 te
1074 1591 1337 1688 caput‘*
1368 1581 1557 1657 illud
1573 1597 1720 1654 tam
1749 1578 1994 1651 multis
2023 1573 2299 1662 verbis,
2330 1575 2787 1644 mercenario

638 1706 1038 1806 prooemiO,
1080 1711 1267 1772 esset
1300 1709 1679 1780 ornatum3
1717 1691 1969 1787 ecquis
2006 1701 2115 1758 est
2147 1687 2490 1756 inventus
2527 1697 2790 1780 postea

640 1831 932 1915 praetor,
997 1811 1128 1908 qui
1182 1803 1364 1877 illud
1408 1803 1605 1875 idem
1660 1798 2020 1871 ediceret?
2070 1819 2224 1866 non
2294 1791 2516 1865 modo
2556 1817 2790 1864 nemo

641 1925 899 2019 edixit;
933 1919 1061 1993 sed
1092 1941 1187 1988 ne
1225 1916 1485 1987 metuit
1510 1911 1811 2010 quidem
1847 1907 2232 2005 quisquam
2256 1958 2276 1992 ‚
2301 1927 2395 1974 ne
2426 1902 2596 1999 quis
2628 1901 2790 1971 edi-

640 2049 859 2108 ceret.
892 2033 1078 2101 Nam
1106 2040 1274 2125 post
1304 2039 1379 2095 te
1404 2036 1789 2122 praetorem
1829 2018 2038 2089 multi
2064 2028 2495 2087 testamenta
2522 2011 2790 2084 eodem

643 2142 868 2218 modo
895 2139 1228 2210 fecerunt
1257 2161 1274 2204 ε
1320 2136 1395 2204 in
1429 2131 1544 2203 his
1572 2154 1809 2229 nuper
1845 2128 2102 2201 Annia.
2138 2130 2239 2196 Ea
2269 2122 2360 2195 de
2378 2122 2789 2198 ‚multorum

644 2255 1229 2355 propinquorum
1245 2257 1495 2316 senten
1504 2246 1625 2330 tia,
1645 2242 2038 2340 pecuniosa
2052 2236 2337 2322 mulier,
2353 2232 2555 2331 quod
2572 2257 2791 2305 censa

649 2388 804 2436 non
828 2373 1015 2450 erat,
1041 2369 1477 2431 testamento
1514 2351 1686 2426 fecit
1713 2347 2056 2422 heredem
2084 2345 2326 2419 filiam.
2362 2349 2618 2440 Itaque
2647 2343 2793 2414 hoc

649 2494 995 2569 magnum
1018 2467 1373 2565 judicium
1390 2461 1418 2509 ⁵
1457 2463 1845 2535 hominum
1881 2458 1973 2530 de
2016 2457 2223 2528 istius
2266 2454 2608 2550 singulari
2652 2455 2790 2523 im-

649 2580 1048 2681 probitate,
1090 2574 1296 2675 quod
1319 2579 1582 2646 Verres
1608 2596 1740 2643 sua
1770 2583 2031 2668 sponte
2061 2566 2489 2637 instituisset
2515 2618 2536 2652 ,
2558 2561 2636 2633 id
2668 2588 2793 2634 ne-

652 2695 923 2764 minem
949 2690 1329 2778 metuisse,
1356 2707 1449 2754 ne
1478 2683 1645 2779 quis
1673 2681 2135 2777 reperiretur,
2174 2676 2303 2771 qui
2325 2671 2569 2770 [istius
2596 2673 2791 2743 insti·

651 2798 932 2897 tutum]
981 2796 1190 2894 sequi
1228 2792 1466 2865 vellet.
1515 2791 1725 2863 Solus
1761 2791 1957 2860 enim
1988 2801 2072 2858 tu
2120 2791 2461 2857 inventus
2500 2806 2616 2871 es,
2674 2784 2790 2853 cui

657 2935 812 2982 non
868 2907 1034 2979 satis
1088 2903 1307 2977 fuerit
1356 2902 1717 2999 corrigere
1767 2898 2178 2970 voluntates
2227 2895 2596 2982 vivorum,
2654 2895 2790 2964 nisi

659 3023 878 3094 etiam
913 3012 1357 3088 rescinderes
1396 3026 1881 3083 mortuorum.
1928 3011 2039 3079 Tu
2082 3001 2289 3105 ipse⁶
2324 3029 2415 3077 ex
2445 3003 2794 3078 Siciliensi

661 3311 740 3370 jus
773 3319 1031 3356 commune
1058 3301 1286 3350 omnibus
1318 3298 1507 3347 civibus
1549 3298 1685 3345 insti·
1771 3300 1893 3361 «qui
1923 3311 2096 3344 census
2125 3310 2230 3343 non
2251 3294 2341 3353 sit,
2365 3292 2515 3342 licet?
2538 3314 2565 3335 ι·
2589 3294 2721 3344 LV.
2741 3299 2795 3345 L.

662 3398 900 3435 tueretur.
921 3387 991 3432 At
1008 3384 1207 3438 Verres,
1230 3393 1386 3445 quum
1411 3378 1463 3425 in
1484 3394 1547 3427 eo
1574 3376 1683 3424 solo
1843 3381 1894 3428 3.
1914 3378 2028 3426 Non
2055 3376 2269 3442 generis.
2285 3378 2402 3426 Non
2422 3378 2689 3440 generatim
2705 3378 2797 3425 fes

663 3463 820 3527 legem
837 3461 1111 3511 Voconiam
1149 3459 1215 3508 sit
1252 3467 1513 3520 sequutus,
1546 3455 1686 3521 qnod
1773 3460 1947 3523 legem,
1968 3456 2055 3505 sed
2073 3458 2128 3505 1..
2150 3457 2369 3506 Annium
2391 3456 2550 3504 solum
2578 3453 2800 3525 respicis.

662 3541 948 3590 mulieribus
974 3538 1335 3597 adversabatur,
1361 3547 1410 3583 et
1435 3535 1688 3601 delegatis
1791 3531 1796 3534 ’
1847 3546 1897 3593 4.
1928 3536 2088 3600 Caput
2113 3536 2257 3584 illud.
2291 3537 2387 3584 Hic
2423 3537 2659 3586 articulus
2699 3538 2800 3586 edi·

665 3621 790 3669 nihil
811 3619 1020 3667 edixerit
1034 3652 1050 3676 ‚
1068 3618 1185 3666 setis
1205 3616 1461 3665 manifeste
1480 3615 1687 3664 conviu-
1777 3616 1844 3665 oti
1871 3616 1961 3664 tui.

666 3701 797 3749 citur
823 3697 988 3746 dedite
1017 3711 1164 3760 opere
1195 3706 1247 3743 et
1272 3705 1475 3758 accepto
1500 3694 1688 3757 pretio,
1849 3696 1898 3744 5.
1925 3693 2190 3743 Iudicium.
2227 3694 2581 3757 Argumentum
2603 3693 2798 3757 judicii,

667 3779 883 3828 edictum
926 3791 1067 3823 suum
1111 3773 1469 3837 composuisse,
1514 3784 1573 3820 ut
1626 3772 1689 3820 ab
1778 3772 2028 3840 opinionis
2050 3772 2284 3838 publice.

668 3856 820 3909 Annii
847 3854 947 3902 fllia
973 3853 1036 3900 ad
1057 3850 1327 3900 secundum
1359 3850 1584 3900 heredem
1604 3850 1689 3898 he·
1847 3855 1899 3901 6.
1932 3855 2003 3900 Tu
2028 3853 2144 3917 ipse.
2168 3851 2297 3899 Illud
2325 3863 2379 3900 tu
2403 3863 2556 3916 ceput
2577 3851 2640 3900 de
2662 3852 2796 3900 here-

669 3936 921 3987 reditatem
938 3931 1229 3981 transferret.
1779 3931 2026 3991 ditetibus,
2040 3933 2092 3979 in
2112 3930 2324 3979 edictum
2344 3931 2481 3995 quod
2499 3933 2796 3996 proposuisti

742 4033 791 4065 2.
813 4014 894 4065 Sic
921 4028 1012 4060 nos
1042 4021 1159 4076 post
1182 4010 1498 4073 huminum,
1524 4027 1600 4068 re,
1634 4021 1690 4058 ut
1774 4011 1829 4058 in
1850 4011 2011 4059 Sicilie
2030 4022 2235 4075 pretor,
2262 4009 2437 4059 callide
2462 4026 2565 4062 nnn
2593 4021 2796 4058 transtu·

668 4093 879 4154 videtur,
907 4091 1185 4158 postulante
1193 4105 1212 4154 3
1242 4090 1343 4139 fere
1369 4106 1540 4140 omnes
1567 4089 1649 4138 alii
1668 4123 1687 4151 ,
1772 4090 1902 4151 listi,
1941 4103 1991 4140 et
2031 4102 2193 4140 temen
2227 4090 2424 4140 voluisti
2464 4106 2527 4138 ex
2564 4084 2667 4140 hoe
2711 4101 2794 4137 tuo
