3044 4788
655 454 799 546 604
1417 451 1993 530 'APPENDIX

652 579 983 645 deferendi
1021 582 1303 644 nominis
1340 599 1404 645 et
1436 578 1797 644 accusandi.
1828 580 2051 643 Cicero
2087 579 2156 641 in
2196 579 2408 643 Divin.
2439 603 2581 667 oep.
2616 581 2697 643 15
2728 598 2801 645 et

662 687 759 751 16.
785 686 1266 775 subscriptores
1290 685 1516 750 definit
1538 687 1857 750 Asconius
1872 733 1891 765 ,
1917 683 2277 748 causidicos
2296 734 2314 765 ,
2339 686 2455 772 qui
2478 684 2801 765 adjuvare

651 807 1090 855 accusatorem
1136 790 1434 854 solerent.
1483 791 1710 876 Itaque
1745 788 1811 852 hi
1858 789 2125 851 fuerunt
2160 804 2568 852 accusatores
2601 791 2801 877 quasi

653 897 955 979 secundi,
983 899 1095 985 qui
1125 914 1189 962 et
1220 897 1340 985 ipsi
1370 897 1493 959 hac
1520 896 1999 983 subscriptione
2030 911 2338 959 testatum
2372 896 2707 959 faciebant
2728 920 2801 959 se

648 1003 1032 1066 accusatoris
1062 1002 1346 1090 primarii
1379 1001 1623 1065 factum
1661 1000 1979 1088 probare:
2034 1022 2232 1087 seque
2283 1000 2461 1087 ipsos
2505 1001 2796 1064 voluisse

650 1130 983 1188 accusare,
1021 1108 1139 1171 nisi
1187 1108 1301 1171 has
1336 1124 1547 1196 partes
1585 1107 1690 1171 ille
1726 1107 1846 1170 sibi
1879 1106 2275 1195 sumpsisset.
2312 1106 2620 1188 Quatuor
2661 1131 2791 1170 nu·

652 1236 833 1277 mero
869 1214 1067 1277 fuisse
1104 1214 1576 1302 subscriptores
1604 1196 1888 1302 apparet.

734 1318 830 1379 Ex
875 1317 1172 1404 pluribus
1217 1336 1436 1382 autem
1483 1318 1815 1382 Ciceronis
1861 1315 2054 1397 lociS,
2098 1315 2408 1379 discimus
2455 1316 2781 1379 inferioris

651 1437 819 1484 notae
852 1423 1213 1488 causidicos
1244 1424 1373 1487 hoc
1407 1425 1683 1488 ambisse
1718 1445 1996 1505 munus,
2026 1423 2158 1502 vel,
2185 1438 2261 1483 ut
2304 1422 2368 1483 in
2409 1421 2637 1508 aliquo
2676 1445 2790 1485 no-

601 1583 620 1599 ,
651 1527 826 1591 mine
859 1544 1072 1591 essent
1091 1578 1109 1611 ,
1159 1547 1224 1593 et
1256 1528 1705 1594 industriolam
1734 1550 1917 1591 suam
1951 1527 2197 1615 populo
2212 1525 2791 1607 ‚commendarent;

648 1634 784 1714 vel,
828 1635 976 1721 quia
1013 1636 1261 1723 magnis
1297 1635 1662 1699 oratoribus
1696 1633 2147 1698 accusantibus
2174 1681 2192 1713 ,
2238 1654 2382 1719 spes
2428 1648 2568 1694 erat
2612 1648 2789 1695 certa

647 1741 962 1817 victorias,
1004 1739 1161 1804 dum
1196 1742 1317 1805 illis
1350 1741 1865 1820 subscriberent,
1898 1754 2010 1802 aut
2036 1738 2253 1827 gloriae
2280 1737 2643 1825 pauxillum
2672 1760 2795 1799 au-

646 1848 1091 1935 cupabantur3
1126 1865 1238 1913 aut
1273 1850 1463 1912 etiam
1491 1864 1742 1934 partem
1770 1847 2046 1934 praemii,
2089 1845 2269 1931 quod
2295 1845 2656 1909 victoribus
2692 1847 2792 1908 lex

652 1953 862 2016 dabat.

746 2060 986 2122 Praeter
1023 2060 1531 2146 subscriptores,
1571 2074 1787 2121 custos
1825 2057 2017 2119 etiam
2062 2079 2138 2119 ex
2170 2056 2310 2144 lege
2337 2056 2791 2143 apponebatur

647 2164 1037 2249 accusatori,
1076 2164 1189 2248 qui
1226 2163 1596 2226 observaret
1627 2185 1705 2225 ex
1733 2185 1812 2226 eo
1843 2160 1948 2223 die
1967 2209 1986 2243 ,
2011 2184 2144 2247 quo
2169 2160 2418 2223 delatus
2445 2178 2586 2223 erat
2614 2185 2781 2240 reus,

648 2268 944 2353 usquein
979 2266 1150 2329 diem
1178 2290 1307 2354 qua
1337 2290 1527 2331 causa
1556 2268 1902 2357 diceretur,
1926 2265 2085 2353 quid
2113 2266 2219 2330 ille
2246 2282 2499 2355 ageret3
2529 2288 2658 2353 qua
2684 2268 2785 2329 ria

649 2372 987 2437 moliretur
1009 2376 1515 2458 accusationem3
1549 2375 1789 2463 quibus
1819 2372 2030 2438 modis
2065 2397 2206 2437 eam
2241 2373 2630 2437 instrueret:
2665 2371 2786 2436 do·

648 2480 872 2542 lumne
892 2529 909 2561 ‚
945 2497 1010 2544 et
1044 2484 1509 2569 corruptelam,
1552 2499 1663 2545 aut
1693 2482 2007 2544 ambitum
2036 2503 2172 2542 non
2200 2477 2603 2542 admisceret.

740 2587 1024 2674 Recepto
1062 2588 1149 2649 rei
1189 2589 1482 2660 nomine,
1516 2588 1645 2651 hoc
1679 2603 1811 2666 est,
1848 2587 1913 2648 in
1962 2584 2213 2648 tabulas
2258 2586 2549 2671 praetoris
2586 2587 2789 2649 relato

648 2683 913 2754 nomine
946 2694 1082 2772 ejus
1112 2695 1224 2780 qui
1258 2709 1393 2756 erat
1427 2691 1826 2756 accusandus
1848 2740 1865 2772 ,
1902 2708 2137 2778 praetor
2157 2706 2395 2754 certam
2421 2688 2629 2772 diem,
2658 2715 2792 2778 qua

650 2815 984 2861 accusator
1036 2815 1100 2861 et
1154 2823 1300 2862 reus
1353 2798 1434 2862 ad
1483 2798 1798 2877 judicium
1853 2796 2185 2877 adessent,
2229 2797 2687 2860 constituebat.
2726 2797 2789 2860 Is

649 2903 884 2966 diesin
919 2904 1054 2966 aliis
1090 2904 1470 2968 criminibus
1516 2920 1652 2968 erat
1698 2902 2031 2984 decimus3
2087 2903 2155 2965 in
2207 2902 2341 2964 aliis
2389 2902 2787 2989 trigesimus

647 3010 723 3071 In
756 3009 1272 3096 crimineautem
1306 3009 1812 3098 repetundarum
1847 3024 2182 3072 accusator
2209 3007 2379 3071 diem
2414 3007 2786 3095 longiorem

649 3113 731 3177 ad
762 3114 1226 3201 inquirendum
1254 3116 1539 3203 petebat.

735 3221 959 3284 Cicero
1006 3221 1444 3308 inquisitionis
1502 3223 1571 3284 in
1623 3221 1902 3286 Siciliam
1950 3221 2085 3284 dies
2132 3236 2394 3284 centum
2447 3235 2512 3281 et
2557 3219 2787 3282 decem

646 3327 997 3414 postulavit
1027 3349 1042 3389 ε
1096 3328 1335 3415 quibus
1387 3317 1740 3416 impetratis
1777 3329 1917 3416 lege
1953 3327 2250 3414 praetoria
2287 3342 2489 3388 totam
2526 3327 2791 3411 provin-

643 3433 806 3496 ciam
842 3433 1220 3521 colligendis
1254 3435 1454 3498 literis
1479 3435 1546 3497 in
1581 3436 1653 3498 C.
1676 3436 1941 3498 Verrem
1963 3483 1979 3516 ,
2029 3450 2094 3497 et
2120 3431 2584 3496 denuntiandis
2611 3432 2787 3494 testi·

646 3538 914 3619 moniis,
946 3541 1321 3628 peragravit.
1354 3538 1595 3603 Eadem
1626 3540 1768 3628 lege
1794 3539 2092 3627 praetoria
2111 3552 2394 3625 potestas
2424 3539 2784 3601 accusatori

646 3641 921 3706 dabatur
958 3647 1176 3708 omnia
1221 3669 1358 3709 non
1399 3644 1600 3708 modo
1644 3646 1900 3714 Romae,
1937 3642 2047 3707 sed
2094 3644 2287 3706 etiam
2330 3644 2393 3706 in
2434 3644 2784 3732 provinciis

647 3746 1068 3835 obsignandi,
1104 3773 1177 3812 ac
1209 3749 1617 3836 deportandi,
1653 3773 1797 3837 quae
1828 3748 1907 3812 ad
1936 3747 2401 3814 instituendam
2426 3749 2784 3812 accusatio—

649 3876 799 3916 nem
837 3853 1159 3940 pertinere
1193 3856 1631 3919 arbitraretur.

735 3962 986 4024 Interea
1018 3961 1105 4041 is,
1151 3964 1335 4042 cujus
1365 3987 1605 4027 nomen
1640 3980 1975 4051 receptum
2009 3963 2179 4025 inter
2213 3984 2355 4024 reos
2391 3964 2636 4041 fuerat,
2670 3984 2780 4049 pa·

647 4084 869 4130 tronos
915 4068 1223 4154 quaesivit.
1271 4070 1366 4133 De
1404 4068 1694 4156 patronis
1731 4068 1954 4132 scribit
1995 4069 2310 4131 Asconius
2358 4081 2509 4128 ante
2541 4065 2772 4128 bellum

645 4172 827 4237 civile
863 4173 1125 4235 Caesaris
1160 4197 1304 4237 raro
1341 4197 1736 4262 quemquam
1770 4174 2062 4261 pluribus
2084 4223 2100 4253 ‚
2129 4195 2324 4260 quam
2352 4188 2641 4258 quatuor
2668 4193 2775 4257 pa·
