3044 4788
619 460 732 530 ΙΝ
782 458 1220 526 VERREM
1268 458 1642 542 AcT.11‚
1694 459 1881 526 ΜΒ.
1931 464 2027 529 11.
2245 462 2394 556 4732

251 587 648 677 Syracusas.
691 575 1065 672 Flagrabat
1105 575 1366 648 domus
1412 593 1564 649 tota
1606 583 1938 676 p'raetoria
1974 581 2213 653 studio
2254 583 2389 655 ho-

254 694 534 761 minum
586 702 655 758 et
704 687 1093 785 cupiditate
1128 713 1143 755 :
1182 712 1318 758 nec
1364 692 1666 776 mirum,
1698 689 2039 762 omnibus
2081 695 2390 764 comitiis

255 816 362 873 tot
416 800 783 871 civitatum
845 822 1057 868 unam
1113 798 1187 867 in
1242 796 1544 869 domum
1600 801 1993 888 revocatiS,
2048 816 2393 900 tantaque

252 908 647 980 ambitione
691 908 1075 1005 provinciae
1120 908 1345 977 totius
1381 910 1455 977 in
1501 933 1655 978 uno
1706 908 2045 982 cubiculo
2094 912 2391 984 inclusa.

251 1022 635 1117 Exquisitis
671 1019 904 1117 palam
943 1019 1232 1116 pretiiS,
1281 1031 1352 1087 et
1389 1016 1905 1090 licitationibus
1946 1018 2150 1092 factis
2165 1019 2223 1109 ⁶,
2262 1022 2389 1094 de-

253 1128 615 1202 scribebat
666 1152 1004 1199 censores
1038 1124 1254 1196 binos
1302 1127 1378 1196 in
1416 1127 1734 1223 singulas
1769 1130 2085 1203 civitates
2117 1134 2393 1203 Timar-

253 1234 520 1312 chides.
562 1243 631 1308 Is
685 1262 818 1308 suo
852 1235 1141 1323 labore,
1186 1238 1482 1332 suisque
1524 1237 2055 1311 accessionibus
2075 1254 2128 1328 7,
2177 1241 2395 1338 hujus

255 1350 525 1447 negotii
585 1363 807 1445 atque
859 1349 1100 1444 operis
1153 1346 1480 1417 molestia
1521 1346 2128 1443 consequebatur,
2178 1367 2263 1422 ut
2305 1352 2392 1422 ad

256 1463 505 1546 istum,
546 1459 715 1528 sine·
747 1456 893 1527 ulla
923 1454 1407 1527 sollicitudine
1431 1509 1450 1542 ‚
1503 1481 1788 1527 summa
1828 1462 2136 1554 pecunia
2172 1460 2391 1533 refer·

254 1584 475 1639 retur.
499 1572 652 1638 Jam
671 1564 792 1636 hic
810 1564 1297 1636 Timarchides
1322 1579 1670 1662 quantam
1703 1569 2087 1664 pecuniam
2111 1568 2394 1655 fecerit,

254 1680 468 1778 plane
514 1676 749 1748 adhuc
795 1699 1232 1772 cognoscere
1273 1700 1426 1745 non
1466 1677 1848 1772 potuistis:
1894 1694 2393 1752 verumtamen

254 1791 499 1888 priore
540 1788 820 1857 actione
846 1840 866 1874 ‚
907 1810 1124 1881 quam
1152 1788 1381 1871 varie,
1415 1810 1637 1882 quam
1673 1786 2004 1884 improbe
2036 1790 2395 1887 praedatus

253 1913 476 1984 esset,
516 1896 917 1967 multorum
959 1921 1047 1966 ex
1085 1896 1511 1966 testimoniis
1555 1898 2009 1993 cognovistis,

350 2012 530 2080 LIV.
569 2006 711 2078 Sed
743 2030 837 2076 ne
861 2006 1256 2093 miremini,
1286 2030 1430 2102 qua
1451 2010 1731 2077 ratione
1755 2008 1873 2079 hic
1899 2022 2175 2079 tantum
2199 2009 2390 2107 apud

254 2124 470 2189 istum
502 2116 801 2188 libertus
834 2119 1186 2213 potuerit,
1221 2140 1581 2212 exponam
1611 2116 1817 2189 vobis
1844 2116 2183 2206 breviter,
2215 2121 2396 2218 quid

254 2226 568 2298 hominis
609 2226 747 2297 sit:
786 2239 868 2295 ut
917 2239 987 2295 et
1020 2226 1226 2296 istius
1261 2228 1693 2322 nequitiam,
1737 2230 1867 2325 qui
1909 2229 2114 2300 illum
2150 2256 2394 2303 secum

257 2337 589 2410 habuerit
612 2392 631 2425 ,
668 2362 756 2408 eo
792 2338 1193 2435 praesertim‘
1215 2359 1521 2408 numero
1569 2361 1651 2408 ac
1684 2338 1848 2409 loco
1874 2391 1893 2426 ,
1922 2354 1992 2410 et
2036 2339 2394 2414 calamita-

256 2466 402 2522 tem
445 2451 831 2547 provinciae
875 2451 1344 2545 cognoscatis.
1382 2453 1466 2517 In
1507 2448 1895 2518 mulierum
1932 2454 2397 2550 corrupteliS,

256 2574 330 2630 et
366 2560 444 2628 in
485 2557 684 2628 omni
737 2557 1093 2652 ejusmodi
1125 2558 1410 2628 luxuria
1444 2572 1667 2653 atque
1706 2560 2071 2653 nequitia,
2127 2565 2394 2633 miran-

256 2668 436 2738 dum
486 2669 562 2737 in
609 2665 911 2737 modum
967 2666 1420 2764 reperiebam
1473 2666 1671 2738 hunc
1719 2668 2245 2740 Timarchidem
2305 2673 2392 2743 ad

258 2779 463 2850 istius
513 2776 892 2874 flagitiosas
948 2775 1284 2848 libidines
1344 2777 1935 2876 singularemque
1994 2784 2394 2877 nequitiam

258 2893 510 2960 natur‘n
543 2903 761 2985 atque
796 2901 1048 2985 aptum
1084 2886 1300 2959 fuisse
1327 2914 1347 2977 ;
1391 2890 1819 2984 investigare
1842 2943 1860 2976 ,
1887 2889 2082 2962 adire
2105 2946 2123 2974 ‚
2150 2894 2396 2991 appel-

258 3000 439 3083 lare,
470 3023 937 3096 corrumpere
960 3053 979 3087 ,
1019 2996 1310 3094 quidvis
1342 2996 1578 3070 facere
1616 3002 1690 3068 in
1737 3000 2097 3096 ejusmodi
2143 3003 2396 3088 rebu5‚

194 3099 197 3104 ’
258 3115 588 3207 quamvis
636 3109 925 3196 callide,
974 3113 1305 3206 quamvis
1356 3108 1734 3195 audacter,
1781 3114 2106 3206 quamvis
2153 3117 2398 3211 impu-

258 3220 559 3292 denter:
623 3220 963 3292 eumdem
1018 3221 1198 3290 mira
1246 3218 1575 3314 quaedam
1618 3223 2093 3316 excogitasse¹
2137 3247 2398 3318 genera

258 3328 584 3401 furandi:
627 3356 792 3402 nam
820 3334 1061 3428 ipsum
1074 3334 1447 3416 Verrem2,
1481 3343 1766 3401 tantum
1794 3333 2085 3401 avaritia
2113 3356 2398 3432 semper

329 3528 378 3575 6.
404 3526 950 3593 Lieicationibusfaceis.
970 3530 1145 3579 Auctis
1170 3528 1277 3577 scil.

257 3604 465 3653 subinde
508 3607 704 3670 pretiis,
738 3608 802 3656 ab
840 3609 897 3655 iis
934 3611 1021 3672 qui
1048 3620 1280 3673 praeturas

261 3685 612 3732 mercabantur.
633 3712 702 3722 -
729 3687 1069 3750 Descfibebae,
1106 3688 1282 3752 partie·

260 3762 424 3812 betur.

335 3859 380 3903 7.
423 3844 618 3892 Nannio
653 3846 806 3909 magia
848 3845 1067 3909 placebat
1107 3862 1279 3895 aceen-

256 3922 487 3971 sae'onibus.
509 3925 739 3986 Ignotum
758 3924 975 3972 verbum.
995 3926 1028 3973 J
1036 3962 1047 3973 .
1063 3927 1129 3974 V.
1152 3928 1279 3973 L.—

259 4005 439 4050 Sensue
459 4014 532 4050 est
554 4017 568 4050 :
596 4002 928 4051 Timarchides
946 4004 1169 4052 homines
1193 4004 1279 4052 ad-

260 4081 452 4141 eundo,
475 4082 799 4146 appellando,
834 4082 1077 4131 molestias
1111 4099 1279 4131 omnes

258 4162 353 4209 sibi
381 4164 465 4211 uni
490 4162 779 4218 insumendo
801 4157 1203 4228 consequebatur,
1224 4176 1278 4214 ut

1369 3528 1431 3576 ad
1442 3532 1670 3588 Verrem,
1691 3532 1794 3577 sine
1809 3529 1906 3578 ulla
1920 3531 2139 3579 molestia
2152 3567 2167 3592 ,
2190 3536 2393 3596 pecunia

1370 3608 1566 3656 rediret.

1441 3689 1569 3737 LIV.
1609 3704 1652 3737 1.
1692 3688 1840 3751 Vulg.
1881 3689 2176 3753 excogitare.
2214 3693 2396 3740 Omnes

1371 3768 1584 3830 probant
1610 3770 1798 3816 Ernest.
1825 3768 2240 3829 emendationem,
2261 3774 2397 3835 qnod

1368 3846 1433 3894 ad
1453 3847 1787 3896 antecedentia
1810 3850 2026 3897 refertur.

1439 3942 1487 3976 α.
1512 3929 1676 3993 Ipsum
1708 3931 1920 3976 Verrem.
1952 3929 2077 3978 Nam
2104 3932 2279 3978 Verres
2305 3932 2394 3978 im-

1368 4009 1493 4054 mani
1539 4017 1727 4054 tantum
1773 4017 1821 4055 et
1865 4007 1927 4055 ad
1981 4007 2194 4071 praedam
2230 4008 2421 4062 hiante,

1364 4088 1565 4136 avaritia
1602 4100 1774 4144 notus,
1806 4087 1928 4136 nihil
1976 4089 2027 4134 in
2072 4087 2215 4135 furtis
2257 4090 2393 4151 inge-

1366 4167 1502 4216 niose
1521 4168 1798 4233 excogitare
1817 4178 2008 4231 poterat
2021 4203 2035 4228 ,
2057 4177 2228 4232 utpote
2249 4168 2398 4216 hebes
