3044 4788
600 397 742 473 386
1378 403 1437 471 Ε
1449 405 1515 472 Χ
1529 406 1585 474 C
1598 404 1662 471 U
1678 405 1742 471 R
1753 405 1800 471 S
1814 404 1878 471 U
1896 404 1943 471 S

597 526 670 604 4⁰
696 524 879 613 quod
914 548 994 590 ex
1019 526 1165 607 jure
1200 524 1536 615 gentium,
1571 525 1702 589 hoc
1746 538 1874 605 est,
1926 523 2261 588 communi
2296 523 2598 588 omnium
2622 523 2749 587 ho-

598 632 885 713 minum,
918 632 977 695 ei
1009 653 1230 696 causas
1260 631 1556 711 judicare
1579 631 1828 713 liceret,
1861 646 2107 719 praetor
2130 648 2284 694 vero
2315 628 2610 694 urbanus
2631 631 2744 711 jus

599 737 819 820 civile,
861 735 930 800 id
954 753 1082 818 est,
1119 736 1459 824 proprium
1488 734 1750 801 ‘civibus
1776 736 2062 800 romanis
2079 784 2098 819 ‚
2131 732 2387 824 *semper
2409 735 2743 824 applicare

597 841 901 906 deberett
940 839 1320 927 ceteroquin
1375 862 1494 929 par
1517 836 1672 915 'erat
1705 841 2054 928 utriusque
2088 856 2409 930 potestas3
2450 840 2618 905 adeo
2666 857 2746 904 ut

595 965 834 1037 praetor
861 946 1241 1036 peregrinus
1273 947 1667 1029 rescindere,
1705 960 1772 1013 et
1801 942 2061 1012 abolere
2096 946 2448 1035 aliquando
2481 963 2740 1035 posset,

595 1051 777 1142 quod
811 1053 1102 1116 urbanus
1142 1054 1586 1121 constituerat.
1609 1054 1943 1142 Exempla
1974 1070 2365 1144 suggerunt,
2399 1055 2531 1119 Cic.
2555 1055 2672 1118 lib.
2702 1056 2738 1118 1

596 1160 664 1222 in
696 1158 877 1222 Verr.
906 1180 1043 1245 cap.
1073 1157 1181 1235 46.
1211 1156 1440 1242 Caesar,
1479 1158 1565 1223 de
1596 1157 1772 1227 Bello
1809 1159 1945 1224 civ.
1973 1159 2087 1224 lib.
2112 1159 2209 1223 111
2228 1208 2248 1240 ,
2302 1182 2444 1248 cap.
2465 1180 2569 1225 ao.

604 1310 613 1317 -
684 1264 1019 1329 Remansit
1044 1262 1332 1329 duorum
1360 1278 1714 1354 praetorum
1748 1274 2062 1330 numerus
2100 1264 2415 1353 quamdin
2448 1267 2516 1329 in
2555 1266 2744 1331 Italis

598 1370 942 1459 imperium
976 1370 1205 1459 populi
1238 1370 1499 1434 romani
1528 1392 1597 1436 se
1627 1362 1975 1435 continuit.
2004 1368 2250 1435 Verum
2295 1370 2510 1435 Sicilia
2542 1386 2744 1459 atque

598 1474 890 1542 Sardinia
920 1476 990 1539 in
1024 1475 1506 1563 provinciarum
1545 1476 1824 1540 formam
1858 1475 2134 1541 redactis
2167 1499 2345 1540 anno
2379 1474 2540 1560 526,
2570 1498 2740 1565 prae-

600 1598 824 1647 torum
848 1582 1175 1646 numerus
1208 1581 1553 1669 ampliatus
1580 1590 1707 1663 est,
1731 1595 1805 1646 ut
1838 1598 2051 1646 essent
2078 1599 2379 1670 quatuor.
2403 1583 2537 1647 Liv.
2566 1584 2742 1672 Epit.

604 1711 709 1753 ao.
755 1689 1027 1754 Causam
1054 1706 1180 1751 cur
1217 1672 1658 1776 dupiicaretur
1682 1687 1853 1752 hanc
1888 1686 2150 1770 subjicit
2182 1688 2589 1779 Pomponius
2607 1739 2644 1772 ‚.
2663 1690 2745 1755 de

494 1862 501 1869 ,
608 1795 785 1885 Orig.
795 1792 995 1877 juris,
1031 1808 1119 1857 ut‘
1141 1815 1380 1881 nempe
1413 1801 1630 1859 essent
1659 1794 1774 1882 qui
1804 1795 1874 1857 in
1907 1789 2362 1886 captas'nuper
2383 1796 2747 1861 Sardiniam

607 1916 673 1965 et
692 1900 973 1966 Siciliam
1004 1890 1247 1963 insulas
1272 1916 1558 1967 rectores
1576 1900 1927 1988 quotannis
1946 1901 2381 1967 mitterentur.
2401 1904 2747 1967 Crescente

606 2006 1103 2094 provinciarum<
1125 2026 1436 2085 numero,
1469 2020 1536 2069 et
1570 2005 1760 2069 latius
1797 2021 2167 2093 patescente
2201 2008 2482 2096 imperio
2502 2054 2520 2090 ,
2553 2008 2748 2071 creati

608 2126 766 2174 sunt
801 2133 912 2173 sex
944 2102 1456 2197 praetores-anno
1496 2108 1626 2176 556
1653 2109 1812 2197 (Liv.
1838 2112 2130 2196 XXXII,
2157 2135 2294 2202 cap.
2318 2113 2463 2202 27):
2498 2130 2574 2178 ut
2600 2113 2752 2177 sub-

608 2232 752 2280 acta
782 2210 1126 2302 Hispania,
1162 2231 1231 2281 et
1263 2217 1337 2277 in
1370 2212 1531 2280 duas
1564 2217 1925 2309 provincias
1960 2217 2337 2300 distributa,
2386 2220 2751 2285 citeriorem

616 2320 925 2389 nimirum
960 2313 1026 2383 et
1051 2319 1426 2386 ulteriorem
1445 2364 1464 2403 ,
1502 2321 1673 2386 duos
1705 2323 1896 2387 etiam
1932 2340 2235 2414 praetores
2268 2325 2555 2412 haberet.

614 2465 621 2472 ·
700 2427 772 2491 L.
789 2423 964 2490 Sulla
986 2426 1263 2494 dictator
1286 2428 1495 2491 factus
1522 2451 1698 2493 anno
1718 2429 1870 2517 672,
1890 2430 2152 2496 duobus
2175 2431 2456 2516 adjectis,
2475 2432 2756 2515 instituit

617 2548 695 2597 nt
726 2547 878 2598 octo
915 2521 1225 2621 praetores
1262 2521 1614 2620 quotannis
1647 2552 2039 2600 crearentur.
2054 2537 2279 2601 Victor
2304 2537 2524 2626 praelio
2552 2537 2754 2602 Phar-

615 2640 813 2705 salico
857 2640 1070 2703 Caesar
1115 2635 1340 2702 decem
1392 2640 1593 2703 creari
1642 2641 1881 2724 voluit;
1944 2639 2180 2708 deinde
2226 2643 2753 2732 quatuordecim3

590 2801 591 2804 ,
617 2760 841 2832 postea
871 2741 1217 2820 sexdecim.
1241 2743 1738 2810 Caesareocciso
1771 2744 1854 2808 ad
1884 2763 2168 2813 veterem
2194 2751 2598 2815 octonarium
2634 2773 2757 2814 nu-

621 2871 876 2913 merum
910 2864 1217 2937 praetores
1255 2848 1524 2913 rediere.
1559 2849 1744 2939 Pigh.
1778 2850 1937 2916 ibid.

711 2954 941 3034 Initio,
976 2954 1353 3043 praetorium
1383 2939 1627 3020 munus
1653 2979 1879 3022 annuo
1916 2961 2126 3048 spatio
2161 2962 2641 3027 continebatur.
2675 2965 2760 3027 At

620 3061 791 3126 circa
820 3082 1069 3124 annum
1109 3061 1304 3127 Urbis
1350 3063 1509 3149 609,
1564 3063 1632 3126 in
1687 3066 1937 3129 'annum
1991 3083 2369 3154 sequentem
2423 3070 2759 3160 prorogari

623 3166 857 3255 coepit,
894 3164 1149 3230 duabus
1183 3165 1539 3247 decausis,
1584 3164 1652 3230 1⁰
1679 3168 1921 3252 Africa,
1962 3171 2236 3254 Achaia,
2278 3188 2343 3236 et
2364 3173 2511 3237 Asia
2549 3197 2762 3262 nuper

625 3272 943 3354 subactis,
973 3273 1321 3362 provinciae
1354 3272 1574 3360 plures
1609 3275 1815 3362 'quam
1865 3292 2086 3361 antea,
2124 3275 2393 3343 fuerunt
2423 3280 2759 3371 regendae3

629 3387 699 3442 2⁰
729 3379 1113 3444 criminibus
1158 3403 1236 3444 ex
1267 3378 1506 3444 divitiis
1547 3396 1613 3445 et
1654 3383 1792 3447 otio
1839 3384 2012 3449 inter
2048 3386 2217 3450 cives
2253 3409 2451 3473 quam
2486 3388 2762 3452 maxime

623 3484 692 3546 in
728 3482 864 3547 dies
905 3484 1479 3569 invalescentibus,
1526 3486 1787 3575 publica
1833 3486 1913 3552 de
1958 3490 2035 3553 iis
2058 3539 2074 3567 ‚
2134 3507 2201 3554 et
2236 3489 2488 3557 assidua
2518 3493 2760 3575 judicia

625 3587 998 3671 instituere,
1044 3607 1111 3656 et
1140 3591 1484 3656 tribunalia
1509 3592 1580 3656 in
1615 3593 1794 3659 Urbe
1829 3596 2014 3683 plura
2047 3596 2290 3686 erigere
2324 3601 2760 3666 necessarium

626 3693 767 3757 fuit.
804 3694 1224 3785 Quapropter
1257 3698 1629 3764 institutum
1665 3718 1763 3766 est
1795 3718 1871 3766 ut
1907 3725 2019 3767 sex
2054 3720 2360 3792 praetores
2397 3727 2624 3771 omnes
2656 3708 2761 3770 in-

624 3817 809 3889 tegro
852 3802 955 3865 sui
1000 3804 1409 3892 magistratus
1447 3829 1624 3871 anno
1658 3807 1963 3898 deinceps
1997 3810 2065 3874 in
2093 3810 2269 3876 Urbe
2297 3813 2464 3891 juris
2500 3811 2761 3879 dicendi

626 3929 818 3971 causa
849 3926 1227 3974 manerent:
1257 3932 1294 3973 e
1330 3911 1571 3999 quibus
1608 3912 1741 3979 duo
1773 3915 2089 3981 urbanam
2125 3932 2191 3981 et
2221 3919 2631 4007 peregrinam
2656 3920 2763 4000 ju·

622 4011 1066 4078 risdictionem
1089 4013 1173 4079 de
1193 4039 1377 4083 more
1401 4018 1679 4102 obirent,
1696 4038 1760 4085 et
1782 4046 2002 4088 causas
2023 4023 2239 4089 civiles
2257 4043 2757 4115 cognoscerent3

623 4117 854 4209 reliqui
907 4136 1189 4208 quatuor
1234 4123 1528 4212 publicas
1574 4126 1920 4193 criminum
1969 4129 2336 4219 capitalium
2371 4131 2760 4219 quaestiones
