3044 4788
679 494 818 562 DE
864 492 1355 563 PRAETORE
1403 495 2120 564 PROVINCIALI.
2324 490 2461 566 535

427 614 659 701 Neque
698 614 981 702 auspicia
1013 613 1254 696 solum,
1287 614 1401 679 sed
1443 632 1508 680 et
1548 616 1767 702 omina
1799 615 2246 680 observabant.
2290 616 2460 679 Fue-

340 736 497 784 runt
525 737 742 785 autem
779 719 996 784 omina
1028 742 1108 784 ex
1135 720 1322 787 dictis
1340 769 1360 803 ,
1399 738 1475 785 ut
1495 745 1703 808 quum
1731 722 1956 786 Paullo
1988 722 2241 809 paranti
2272 743 2464 809 expe-

337 822 650 891 ditionem
674 823 978 889 adversus
998 824 1308 890 Perseum
1334 825 1731 891 Macedonioe
1753 849 1993 915 regem,
2014 824 2206 891 filiola
2234 843 2458 891 moeste

338 932 647 1013 occurrit,
679 930 898 996 diceus
915 979 932 1013 ,
961 931 1195 995 «Persa
1223 931 1415 1019 periit
1428 962 1473 995 ι.
1505 933 1627 996 Cui
1650 949 1856 1021 pater,
1882 932 2168 1019 «accipio
2201 954 2393 996 omen
2412 963 2456 997 ιι.

338 1036 493 1099 Erat
530 1053 745 1101 autem
783 1038 1003 1102 catella
1032 1053 1286 1101 mortua
1319 1060 1398 1100 eo
1437 1039 1722 1103 nomine.
1752 1039 1848 1102 Ex
1885 1039 2100 1118 factis,
2147 1054 2222 1101 ut
2252 1060 2458 1125 quum

339 1142 692 1207 Flaminius
729 1144 1016 1207 exercitu
1045 1143 1346 1223 lustrato,
1395 1166 1601 1230 quum
1641 1160 1867 1208 contra
1903 1143 2329 1208 Hannibalem
2364 1143 2461 1207 le·

339 1248 564 1335 giones
616 1247 910 1329 duceret,
960 1247 1095 1335 ipse
1142 1263 1208 1311 et
1257 1270 1468 1335 equus
1518 1248 1657 1328 ejus
1698 1248 2003 1313 concidit.
2051 1249 2148 1312 Ex
2185 1248 2421 1314 auditis
2440 1298 2458 1331 ,

342 1376 421 1418 ex
454 1352 623 1416 visis.
821 1418 822 1421 ,
2282 1366 2289 1379 “

429 1457 660 1543 Neque
684 1456 896 1521 solum
921 1457 1272 1545 auspicato,
1287 1456 1400 1522 sed
1428 1473 1495 1521 et
1527 1457 1712 1522 litato
1737 1479 1877 1520 rem
1902 1456 2458 1547 aggrediebantur.

340 1560 640 1626 Ostendit
680 1562 898 1626 multis
933 1585 1012 1626 ex
1044 1562 1203 1627 locis
1240 1562 1475 1627 Livius.
1521 1563 1679 1626 Erat
1715 1578 1932 1627 autem
1976 1563 2192 1643 litare,
2236 1587 2461 1651 pacem

343 1664 541 1730 deum
558 1666 964 1732 immolandis
984 1666 1209 1732 hostiis
1236 1650 1615 1756 impetrare:
1648 1668 1715 1732 id
1737 1683 1955 1731 autem
1982 1666 2196 1748 fiebat,
2218 1692 2426 1755 quum
2441 1716 2459 1749 ,

343 1794 501 1836 caesa
534 1772 778 1853 hostia,
814 1773 1137 1862 aruspices
1176 1788 1319 1837 exta
1350 1771 1689 1861 diligenter
1731 1773 2091 1861 aperientes
2124 1789 2322 1860 atque
2359 1774 2463 1835 in·

335 1878 708 1966 spicienteS,
729 1902 807 1943 ex
828 1878 1214 1967 quibusdam
1243 1879 1622 1967 aruspicinae
1648 1879 1980 1968 praeceptis
2004 1878 2318 1967 propitios
2344 1894 2460 1942 aut

335 1982 601 2047 infestos
634 1983 790 2047 deos
825 1984 1442 2072 interpretabantur.

422 2089 500 2151 In
527 2088 686 2153 extis
705 2106 924 2153 autem
941 2136 959 2170 ‚
985 2105 1060 2154 ut
1084 2089 1321 2169 jecore,
1342 2088 1683 2176 pulmone,
1713 2103 1778 2151 et
1801 2086 2018 2169 corde,
2041 2103 2235 2175 caput
2259 2102 2326 2150 et
2348 2084 2459 2149 fis-

335 2216 480 2257 sum
511 2194 957 2275 observabant,
990 2194 1060 2257 in
1092 2194 1316 2282 primis
1347 2216 1429 2258 an
1459 2209 1647 2257 aucta
1678 2209 1791 2258 aut
1825 2193 2171 2257 imminuta
2205 2206 2421 2256 essent
2440 2238 2459 2269 ,

335 2322 542 2387 quum
585 2301 661 2363 in.
689 2300 766 2365 iis
798 2316 1045 2389 partem
1075 2300 1486 2381 familiarem,
1530 2316 1726 2387 atque
1774 2298 2077 2364 hostilem
2099 2347 2116 2379 ‚
2150 2298 2241 2362 sic
2279 2297 2458 2362 enim

333 2407 687 2488 vocabant,
720 2408 1222 2472 constituissent.
1277 2409 1507 2495 Itaque
1538 2408 1591 2470 si
1641 2422 1836 2494 caput
1880 2407 1949 2469 in
1992 2406 2283 2486 jecinore
2320 2426 2454 2467 non

336 2512 596 2591 fuisset,
627 2513 909 2599 auspicia
947 2513 1248 2601 pestifera
1286 2533 1464 2600 esse3
1505 2511 1561 2573 si
1595 2526 1859 2573 auctum
1893 2525 2096 2589 esset,
2133 2510 2274 2572 laeta
2303 2530 2458 2596 por-

337 2614 516 2681 tendi
547 2616 761 2680 omnia
779 2664 797 2697 ,
821 2616 1284 2680 existimabant.
1316 2617 1571 2678 Docent
1601 2616 1830 2678 Cicero
1853 2629 1920 2677 et
1953 2613 2195 2677 Livius.

425 2721 518 2783 Ac
554 2718 633 2783 de
667 2720 963 2806 auspiciis
993 2719 1393 2807 imperatoris
1418 2718 1557 2782 haec
1590 2717 1758 2782 dicta
1787 2718 1937 2806 sint.
1962 2720 2062 2781 De
2091 2718 2342 2781 ratione
2372 2719 2467 2781 rei

339 2824 632 2915 gerendae
659 2826 807 2890 satis
834 2840 1086 2890 constat
1117 2844 1435 2888 summam
1468 2823 1618 2887 belli
1648 2823 1733 2914 ad
1757 2847 1907 2888 eum
1933 2823 2343 2912 pertinuisse,
2366 2837 2464 2886 at-

341 2953 469 3019 que
503 2930 585 2994 de
618 2955 690 2995 ea
725 2930 909 2995 illum
956 2931 1044 2993 ita
1082 2929 1473 3010 decrevisse,
1527 2944 1605 2992 ut
1640 2951 1836 3017 penes
1884 2952 2036 2993 eum
2083 2930 2187 3009 jus
2240 2929 2457 3016 ipsum

341 3038 536 3102 fuerit
553 3037 929 3117 dimicandi,
955 3035 1410 3124 oppugnandi,
1441 3034 1822 3117 obsidendi,
1854 3035 2114 3099 insidias
2147 3032 2463 3115 struendi,

341 3145 598 3234 sig-num
629 3167 862 3233 pugnae
890 3166 964 3208 ac
991 3141 1277 3230 receptui
1301 3141 1495 3206 dandi
1516 3190 1535 3222 ,
1567 3158 1770 3205 castra
1792 3140 2069 3222 locandi,
2098 3138 2462 3220 muniendi,

340 3249 684 3331 movendi3
719 3267 1023 3338 praeterea
1068 3249 1300 3312 milites
1349 3248 1419 3311 in
1449 3248 1664 3312 aestiva
1699 3265 1895 3336 atque
1939 3247 2211 3311 hiberna
2253 3243 2460 3309 dedu-

346 3355 580 3437 cendi,
630 3354 884 3421 obsides
923 3355 1221 3419 hostibus
1254 3352 1452 3418 dandi
1495 3370 1609 3418 aut
1638 3354 1721 3418 ab
1759 3354 1840 3417 iis
1884 3350 2270 3441 accipiendi,
2324 3372 2468 3437 quae

345 3462 559 3526 omnia
593 3461 814 3525 Cicero
842 3462 910 3524 in
933 3477 1069 3525 arte
1096 3459 1504 3548 imperatoria
1530 3460 1905 3548 complexus
1933 3473 2032 3522 est
2053 3506 2070 3540 ,
2096 3456 2181 3521 de
2199 3457 2378 3520 Orat.
2403 3457 2434 3520 Ι
2449 3503 2468 3536 ,

349 3589 485 3655 cap.
510 3567 618 3630 60.

433 3672 527 3735 Ea
556 3672 905 3760 imperator
929 3689 1042 3736 aut
1070 3694 1186 3759 per
1219 3693 1308 3746 se,
1334 3686 1448 3734 aut
1477 3693 1629 3735 cum
1657 3671 1928 3735 consilio
1955 3666 2467 3734 administrabat.

349 3816 595 3864 nuntiata:
623 3816 676 3864 iu
711 3816 872 3864 Sicilia
901 3816 1139 3864 militibus
1176 3815 1364 3878 aliquot
1452 3815 1536 3863 diu
1558 3816 1671 3881 plus
1699 3816 1819 3865 duas
1839 3816 1986 3864 horas
2010 3817 2196 3875 arsisse,
2221 3814 2290 3860 ita
2313 3823 2371 3859 ut
2399 3812 2471 3858 ni·

348 3895 564 3959 spicula,
602 3897 655 3943 in
692 3895 911 3944 Sardinia
945 3907 1104 3943 autem
1139 3895 1193 3943 in
1223 3910 1364 3943 muro
1448 3894 1519 3942 hil
1546 3897 1650 3956 ejus
1674 3896 1948 3944 ambureret
1972 3895 2130 3960 ignis,
2154 3892 2407 3940 dicebatur
2424 3912 2468 3937 ιι.

350 3975 667 4023 circumeunti
687 3974 874 4038 vigilias
898 3973 1048 4039 equiti
1063 3973 1362 4038 scipionem,
1451 3974 1542 4026 Cui
1574 3974 1769 4037 quidem
1805 3972 2199 4040 interpretationi
2237 3981 2342 4017 tum
2380 3967 2475 4015 alia

349 4069 494 4117 quem
512 4068 657 4102 mauu
674 4061 895 4101 tenuerat
921 4053 1088 4100 arsisse
1108 4075 1152 4100 u.
1189 4052 1322 4101 Idem
1347 4086 1362 4112 ,
1450 4054 1631 4114 multa,
1661 4065 1764 4102 tum
1794 4056 1889 4103 boc
1923 4065 2121 4118 quoque
2152 4051 2312 4110 favet,
2338 4047 2473 4111 quod

349 4134 524 4190 XLIII,
546 4134 605 4180 13
630 4147 643 4181 :
684 4154 705 4174 ιι
729 4132 955 4196 Fregellis
979 4133 1030 4178 in
1048 4130 1198 4179 domo
1227 4132 1363 4180 Atrei
1452 4133 1625 4181 Cicero
1650 4133 1770 4181 dicit
1793 4133 2063 4197 auspicium
2086 4148 2149 4179 ex
2175 4125 2479 4177 acuminibus

352 4210 486 4262 hasta
513 4227 658 4275 quam
679 4210 785 4261 filio
810 4211 951 4261 militi
972 4221 1150 4260 emerat
1168 4248 1185 4274 ,
1217 4211 1366 4259 iuter-
1455 4221 1613 4260 totum
1636 4211 1839 4260 militare
1859 4227 1981 4260 esse.
