3044 4788
742 472 870 537 DE
919 470 1365 539 JUDICIIS
1416 468 1917 537 PUBLICIS.
2248 461 2391 535 603

269 593 552 659 criminis
571 592 770 655 alium
789 613 974 655 reum
997 589 1239 655 deferat
1258 639 1275 671 ,
1295 590 1431 679 ipse
1451 586 1862 678 profiteatur:
1889 601 1954 650 et
1974 583 2395 670 subscriptio-

272 722 450 778 nem,
474 720 601 784 qua
633 719 702 761 se
728 695 795 759 id
827 695 1190 789 professum
1226 718 1399 776 esse,
1425 717 1500 760 ac
1529 716 1713 758 reum
1747 715 1782 755 a
1820 714 1889 755 se
1915 706 2251 780 peractum
2278 690 2395 769 iri,

269 805 565 869 declaret.
618 803 827 890 quue
859 803 926 865 in
961 802 1086 866 hoc
1120 802 1459 866 inventum
1503 816 1632 881 est,
1687 815 1762 863 ut
1811 812 2247 861 accusatorem
2267 843 2285 877 ,
2345 795 2399 858 si

270 933 404 974 non
439 911 756 991 vinceret,
783 909 1055 973 vinciret
1088 908 1224 971 haec
1256 907 1680 994 subscriptio,
1712 922 1778 971 et
1807 903 2185 970 temeritatis
2213 925 2400 968 coar-

270 1032 535 1103 gueret:
569 1030 762 1102 atque
796 1014 883 1078 ita
914 1015 1013 1079 uti
1045 1035 1130 1076 ne
1162 1013 1306 1099 quis
1340 1028 1583 1076 temere
1616 1010 1697 1075 ad
1728 1009 2202 1075 accusationem
2236 1007 2401 1071 adsi·

269 1118 456 1184 liret:
504 1120 793 1206 alioquin
829 1118 1084 1182 talionis
1115 1141 1303 1206 poena
1335 1118 1791 1207 obligaretur.
1829 1118 1903 1179 In
1956 1114 2096 1203 lege
2147 1114 2397 1257 penult.

270 1228 341 1287 C.
363 1224 446 1288 de
474 1239 746 1288 accusat.
769 1223 986 1302 Cujac.
1010 1224 1331 1288 observat.
1356 1224 1423 1301 Ι,
1461 1246 1566 1287 20.

267 1363 276 1371 ·
355 1329 748 1393 Libellorum
781 1328 1116 1416 inscriptio
1147 1329 1288 1391 talis
1324 1344 1479 1393 erat.
1506 1327 1805 1391 Primum
1833 1324 2098 1412 quidem
2137 1326 2399 1406 consul,

271 1454 335 1509 et
361 1436 495 1500 dies
522 1435 1040 1525 praeponebatur.
1061 1435 1313 1500 Deinde
1340 1436 1782 1524 sequebantur
1802 1434 2065 1497 nomina
2088 1434 2402 1521 praetoris,

269 1542 685 1622 accusatoris,
726 1541 857 1623 rei3
898 1543 1177 1623 crimen,
1227 1541 1310 1606 de
1349 1565 1483 1629 quo
1524 1542 1819 1611 futurum
1870 1555 2006 1604 erat
2043 1538 2401 1618 judicium3

269 1647 485 1728 locus,
536 1664 796 1736 tempus
832 1670 967 1734 quo
1000 1649 1212 1711 fuerat
1241 1648 1682 1712 commissum.
1732 1646 2005 1726 Paulus,
2056 1645 2135 1708 fr.
2172 1644 2210 1707 3
2251 1644 2400 1732 Dig.

179 1766 186 1773 “
270 1753 352 1818 de
379 1755 897 1818 accusationibus
930 1770 994 1817 et
1028 1755 1429 1842 inscription.

357 1861 454 1924 Ex
493 1861 592 1924 his
627 1860 1009 1948 intelligitur
1039 1877 1481 1925 accusatorem
1515 1876 1583 1923 et
1611 1881 1772 1924 voce
1810 1875 1876 1922 et
1900 1858 2115 1922 libello
2142 1856 2401 1937 omnia,

272 1981 338 2028 et
371 1966 650 2054 singula,
693 1966 930 2052 quibus
958 1987 1108 2028 reus
1135 1965 1203 2027 in
1231 1964 1436 2051 legem
1475 1963 1683 2044 illam,
1732 1987 1875 2050 quae
1918 1961 2397 2035 nominabatur,

273 2087 631 2157 peccasset,
683 2092 819 2134 esse
846 2069 1259 2156 complexum
1287 2092 1303 2132 ε
1352 2070 1450 2133 uti
1483 2092 1543 2132 ν.
1569 2093 1661 2157 gr.
1692 2070 1758 2131 in
1795 2090 1986 2132 causa
2017 2066 2402 2155 repetunda·

272 2197 448 2254 rum,
483 2173 735 2238 dicebat
774 2188 1107 2237 accusator
1141 2195 1328 2236 reum
1366 2172 1742 2254 abstulisse,
1787 2173 2012 2259 inique
2048 2170 2406 2251 judicasse,

272 2279 581 2367 supplicia
620 2279 702 2342 de
744 2279 992 2342 civibus
1030 2278 1316 2342 romanis
1351 2279 1744 2366 sumpsisse3
1788 2295 1901 2341 aut
1949 2277 2104 2357 alia,
2143 2299 2289 2363 quae
2335 2300 2406 2340 se

271 2384 543 2471 probare
576 2382 878 2448 adversus
911 2383 1092 2447 illum
1128 2406 1319 2471 posse
1352 2382 1726 2448 confideret.

359 2492 436 2553 ln
469 2486 690 2553 eadem
730 2511 920 2551 causa
954 2487 1118 2551 illud
1158 2488 1481 2575 praecipue
1527 2488 1941 2551 observatum
1988 2502 2117 2567 est,
2169 2502 2245 2550 ut
2290 2509 2406 2573 po-

275 2594 445 2682 puli,
474 2593 587 2680 qui
625 2609 988 2679 repeterent
1031 2593 1405 2680 pecuniam,
1438 2614 1512 2655 ac
1542 2591 1851 2679 spoliatos
1883 2613 1977 2672 se,
2016 2613 2132 2678 per
2159 2592 2403 2679 legatos

275 2714 721 2785 quererentur,
748 2713 1056 2783 patronos
1078 2718 1343 2783 quoque
1369 2695 1752 2761 nominandi
1777 2711 2160 2782 potestatem
2187 2712 2409 2782 postu-

276 2803 502 2867 larent.
555 2802 641 2865 Hi
677 2823 832 2864 vero
865 2801 978 2886 qui
1009 2800 1336 2868 sociorum
1370 2801 1627 2888 patroni
1661 2800 1959 2881 fuerunt,
2000 2822 2264 2862 reorum
2296 2822 2405 2864 ac-

276 2923 602 2972 cusatores
650 2907 1053 2969 exstiterunt.
1104 2905 1209 2968 Sic
1253 2906 1478 2969 Cicero
1521 2905 1747 2969 Siciliae
1795 2922 2108 2993 patronus
2132 2904 2402 2967 Verrem
2470 2929 2479 2940 ·

277 3014 413 3094 ejus
450 3012 970 3100 depeculatorem
1005 3013 1346 3076 accusavit.

363 3119 543 3205 Saepe
572 3118 785 3181 evenit
809 3134 884 3179 ut
913 3116 1077 3197 du0,
1102 3133 1215 3180 aut
1247 3116 1500 3205 plures,
1541 3141 1674 3181 non
1708 3118 1922 3182 solum
1967 3119 2034 3182 in
2068 3140 2260 3182 causa
2293 3141 2398 3181 re-

277 3223 748 3313 petundarum,
804 3222 918 3286 sed
972 3224 1161 3287 etiam
1210 3224 1522 3306 ambituS,
1576 3240 1642 3289 et
1690 3225 1963 3287 aliorum
2014 3224 2405 3304 criminum,

276 3326 745 3390 accusationem
798 3325 919 3388 sibi
968 3324 1408 3412 deposcerent.
1460 3323 1660 3406 Quod
1706 3347 1915 3412 quum
1956 3322 2217 3405 accidit,
2264 3340 2407 3387 tum

271 3432 589 3513 judicium
642 3431 884 3495 factum
927 3447 1025 3495 est
1069 3448 1217 3494 ante
1267 3431 1516 3512 omnia,
1551 3448 1698 3494 uter
1736 3429 2001 3494 deberet
2039 3452 2279 3493 nomen
2320 3429 2414 3493 rei

279 3537 527 3602 deferre
556 3560 570 3600 ε
629 3536 810 3625 quod
848 3536 1167 3617 judicium
1202 3535 1667 3601 divinationem
1700 3537 2022 3600 dixerunt.
2060 3537 2270 3619 Quale
2301 3558 2410 3599 au—

276 3660 410 3706 tem
437 3642 566 3705 hoc
589 3641 910 3722 judicium
935 3643 1153 3722 fuerit,
1177 3642 1359 3705 facile
1383 3642 1519 3729 ipsa
1538 3641 1865 3706 Ciceronis
1893 3642 1962 3705 in
1988 3641 2070 3722 Q
2083 3641 2404 3704 Caecilium

277 3747 632 3827 DivinatiO,
670 3763 732 3810 et
765 3746 944 3833 quod
979 3747 1130 3811 huic
1168 3747 1446 3812 orationi
1479 3745 1870 3835 praefiximus
1907 3764 2364 3837 argumentum
2386 3792 2404 3826 ‚

277 3867 554 3938 possunt
584 3850 838 3916 docere.
873 3853 1053 3940 Saepe
1086 3853 1278 3917 etiam
1313 3852 1499 3917 multi
1533 3853 1921 3917 exstiterunt
1950 3852 2237 3933 ejusdem
2279 3853 2407 3915 cri-

280 3957 475 4020 minis
515 3974 916 4022 accusatores
942 3982 957 4022 :
1008 3982 1086 4024 ex
1118 3959 1357 4046 quibus
1385 3960 1498 4046 qui
1526 3960 1766 4046 primas
1794 3961 1958 4049 egit,
1993 3960 2045 4022 is
2074 3974 2410 4022 accusator

280 4081 377 4128 est
426 4063 671 4147 dictus5
715 4067 826 4153 qui
876 4067 1226 4149 secundas,
1275 4069 1541 4146 tertias,
1576 4085 1700 4132 etc.
1745 4068 2149 4155 subscriptor
2196 4066 2411 4154 proxi-

287 4193 457 4250 mus,
495 4188 614 4235 etc.
648 4171 760 4234 Jus
818 4172 1266 4238 subscribendi
1317 4171 1591 4237 dabatur
1641 4198 1677 4237 a
1726 4190 2035 4261 praetore3
2083 4171 2270 4236 sicuti
2306 4171 2412 4248 jus
