3044 4788
1693 242 1710 293 l

963 429 1720 525 ARGUMENTUM.
2363 434 2403 508 5

354 552 437 606 Μ.
468 548 677 606 Iunius
705 547 987 620 dixisset,
1022 549 1308 626 legatione
1343 562 1539 608 autem
1580 549 1891 629 impeditus
1922 563 2070 609 esset
2099 553 2409 631 quominus

355 663 689 726 peroraret;
724 648 931 708 Cicero
963 664 1198 727 rogatus
1229 672 1264 709 a
1292 650 1517 724 Quintii
1542 650 1769 724 amicis,
1807 652 1869 709 in
1902 651 2105 729 primis
2127 671 2161 710 a
2191 657 2263 726 Q.
2283 657 2409 713 Ro-

344 745 477 803 scio
511 744 798 817 comoed0‚
840 764 1073 804 causam
1096 747 1220 824 ejus
1243 747 1525 825 suscepit,
1565 746 1886 826 habuitque
1913 748 2065 807 hanc
2085 750 2409 809 orationem

354 842 418 898 in
456 842 696 900 comitio
729 841 852 921 (qui
878 843 1039 901 locus
1067 857 1195 901 erat
1227 844 1288 902 in
1317 845 1480 917 soro,
1514 842 1621 903 ubi
1641 845 1871 923 privata
1891 844 2144 923 judicia,
2166 847 2289 906 sive
2308 847 2411 925 ju-

352 936 511 996 dicia
558 938 633 995 de
676 940 1087 997 controversiis
1126 938 1382 999 subortis
1419 940 1572 1000 inter
1614 942 1903 1017 privatos,
1936 942 2413 1023 exercebantur),

353 1039 443 1093 Μ.
465 1035 663 1093 Tullio
689 1035 942 1106 Decula,
965 1037 1074 1093 Cn.
1100 1038 1373 1095 Cornelio
1401 1036 1706 1097 Dolabella
1734 1059 1884 1098 coss.
1913 1059 2069 1098 anuo
2093 1041 2210 1115 672
2228 1089 2244 1118 ‚
2275 1042 2412 1102 Sul-

353 1134 507 1189 lanae
538 1131 836 1191 dictaturae
869 1134 1089 1211 primu,
1131 1134 1427 1193 Ciceronis
1458 1136 1736 1212 vigesimo
1766 1148 1952 1195 sexto.

440 1228 634 1286 Multa
661 1241 827 1287 erant
851 1229 910 1286 in
937 1228 1047 1287 hac
1073 1250 1242 1289 causa
1265 1250 1395 1307 quae
1420 1231 1647 1304 Quintii
1680 1245 1991 1310 patronum
2019 1233 2410 1307 deterrerent;

356 1327 765 1404 nempeNaevii
785 1326 989 1402 gratia,
1010 1328 1131 1405 qui,
1141 1327 1306 1386 malis
1328 1327 1548 1386 ditatus
1571 1327 1812 1400 artibuS‚
1830 1331 2229 1389 Marianarum
2250 1315 2411 1406 olim,

360 1443 517 1481 nunc
547 1442 688 1480 vero
714 1423 1082 1483 Sullanarum
1110 1424 1364 1502 partium
1400 1426 1615 1497 fautor,
1639 1425 1867 1491 nobiles
1900 1428 2207 1506 plerosque
2234 1429 2414 1488 advo-

361 1532 527 1577 catos
543 1517 824 1591 habebat;
869 1532 991 1578 tum
1014 1535 1331 1598 praetorum
1355 1521 1540 1592 favor,
1575 1521 1676 1599 qui
1691 1522 1815 1600 jam
1845 1523 2148 1597 Quintium
2173 1524 2414 1585 damna-

368 1629 606 1687 verant,
655 1630 775 1675 tum
816 1617 1064 1674 maxime
1107 1617 1405 1675 Hortensii
1450 1618 1813 1696 eloquentia,
1857 1638 2031 1697 quem
2079 1620 2337 1679 nondum
2380 1642 2413 1680 a

349 1712 662 1789 son'regno
687 1713 893 1772 Cicero
926 1708 1228 1790 dejecerat.
1254 1719 1389 1773 Non
1412 1734 1556 1774 vero
1586 1714 1880 1774 dubitavit
1906 1731 2103 1776 noster
2132 1730 2330 1796 aperte
2354 1719 2413 1776 in

363 1808 625 1872 Naevium
644 1808 863 1880 invehi,
891 1823 1207 1886 praetorum
1226 1810 1531 1870 Burrhieui
1551 1832 1619 1871 ac
1637 1811 1954 1871 Dolabellae
1971 1813 2212 1890 injurias
2230 1817 2414 1893 queri,

360 1905 439 1963 ita
466 1919 535 1963 ut
564 1926 684 1964 non
713 1906 1071 1966 fortitudinis
1100 1910 1291 1967 minus
1323 1910 1385 1967 in
1413 1910 1524 1968 hac
1557 1910 1839 1968 concione
1868 1930 2043 1990 quam
2073 1912 2416 1989 eloquentiae

360 2000 785 2060 nobilissimum
811 2004 1104 2081 specimen
1129 2004 1397 2063 ediderit.

439 2102 698 2157 Eventus
728 2099 838 2157 fuit
873 2100 1027 2158 felix.
1055 2099 1328 2161 Liberato
1363 2102 1641 2185 Quinti0,
1673 2104 1808 2164 tulit
1835 2104 2041 2173 Cicero
2070 2104 2415 2184 eloquentiae

358 2215 480 2254 suae
502 2196 775 2267 fructum,
798 2209 868 2254 ut
892 2196 1093 2256 scribit
1114 2203 1186 2257 A.
1215 2198 1459 2277 Gellius,
1486 2203 1617 2272 XV,
1647 2200 1740 2258 28.

1104 2402 1606 2472 SYNOPSIS.

354 2567 579 2633 Quatio
601 2576 678 2614 est
704 2567 756 2613 in
782 2582 956 2630 genere
974 2566 1195 2629 judiciali
1217 2580 1232 2614 τ
1253 2583 1317 2615 an
1342 2569 1454 2617 Sex.
1478 2568 1677 2616 Naevius
1701 2568 1971 2632 possederit
1998 2569 2128 2619 bona
2154 2571 2416 2634 P.Quiutii

285 2670 347 2704 ex
371 2654 535 2706 edicto
561 2655 806 2726 praetoris.
956 2641 967 2656 ⁸

357 2744 524 2791 Partes
559 2743 796 2796 orationis.
830 2744 1048 2808 quinque
1078 2756 1226 2794 sunt:
1257 2743 1559 2804 Exordium,
1598 2761 1651 2804 1,
1679 2762 1729 2795 a.
1758 2746 2013 2807 Narratio,
2048 2746 2156 2810 3-9.
2185 2746 2418 2800 Partitio.

295 2847 373 2879 xo.
397 2829 699 2891 contentio,
734 2845 906 2892 11-29.
935 2829 1206 2890 Peroratio,
1248 2832 1342 2891 30,
1362 2832 1450 2880 31.

356 2920 414 2965 ln
438 2920 683 2966 Exoumo
712 2917 883 2966 Cicero
909 2919 1087 2966 fatetur
1118 2934 1169 2967 se
1198 2919 1250 2967 in
1273 2918 1365 2967 hac
1391 2935 1534 2967 causa
1561 2918 1740 2983 purtim
1766 2920 2095 2984 eloquentiam
2119 2921 2182 2984 Q.
2204 2925 2417 2970 Horten·

293 3005 378 3063 sii,
395 3007 481 3068 qui
504 3006 734 3054 Naevium
757 3004 1075 3066 defendebat,
1110 3008 1267 3054 vereri
1286 3041 1301 3066 ,
1336 3008 1512 3071 partim
1541 3006 1694 3071 ipsius
1720 3007 1879 3055 Naevii
1908 3023 2052 3072 opes,
2079 3008 2209 3072 apud
2236 3010 2420 3056 multos

291 3092 480 3139 nobsses
504 3092 811 3140 Sullanarum
837 3094 1050 3157 partium
1074 3095 1301 3157 gratiosi,
1339 3094 1668 3143 extimescere.
1698 3093 1819 3143 Inde
1854 3097 1927 3144 M.
1958 3095 1992 3144 J
1994 3096 2097 3144 unii
2122 3097 2387 3144 absentiam
2404 3131 2418 3153 ‚

293 3179 514 3242 praetoris
546 3180 854 3243 iniquitatem
887 3180 1124 3245 queritur,
1154 3183 1240 3245 qui
1270 3197 1405 3229 reum
1433 3182 1587 3246 priori
1620 3182 1735 3230 loco
1771 3183 1910 3246 loqui
1927 3182 2154 3245 jusserit3
2184 3196 2421 3248 rogatque

292 3266 353 3316 C.
372 3267 659 3329 Aquinium,
687 3284 870 3332 eosque
896 3269 984 3332 qui
1008 3269 1053 3317 ei
1095 3268 1148 3316 iu
1183 3269 1389 3317 consilio
1426 3269 1650 3328 aderant,
1684 3281 1736 3317 ut
1760 3271 1953 3332 Quintii
1978 3270 2232 3319 solitudini
2272 3282 2418 3335 atque

292 3356 479 3418 inopiae
519 3367 685 3404 contra
716 3357 818 3404 vim
861 3367 911 3404 et
945 3357 1146 3421 gratiam
1180 3356 1441 3405 adversarii
1479 3369 1797 3417 succurrant,
1824 3373 1844 3405 ι
1865 3393 1881 3418 ,
1923 3374 1972 3407 a.
2001 3359 2080 3408 Sic
2112 3358 2175 3406 ab
2202 3359 2419 3406 Exordio

285 3443 412 3504 jacit
435 3453 601 3489 orator
621 3443 773 3507 prima
798 3443 1062 3491 affectuum
1086 3444 1268 3491 semina
1284 3478 1299 3502 ‚
1335 3445 1388 3491 in
1407 3445 1662 3506 Quintium
1691 3443 2150 3504 commiserationis,
2169 3456 2219 3494 et
2239 3444 2342 3493 odii
2369 3446 2420 3492 in

290 3531 552 3592 Navium,
588 3541 862 3595 ceterosque
889 3530 1205 3580 adversarios.

360 3620 599 3683 Sequitur
617 3618 909 3680 Numano,
938 3635 1047 3682 quae
1073 3619 1213 3683 quasi
1236 3621 1289 3666 in
1314 3618 1433 3666 duas
1458 3631 1618 3684 partes
1645 3618 1980 3668 distribuitur:
2008 3619 2060 3667 ι’
2087 3623 2145 3668 In
2164 3620 2422 3684 quamdam

292 3708 701 3771 praeparationem
717 3742 732 3765 ‚
754 3723 850 3771 qua
868 3718 1034 3755 orator
1049 3717 1312 3755 anteactam
1330 3707 1491 3756 Naevii
1508 3709 1659 3756 vitam
1677 3708 1850 3767 refert,
1865 3708 2003 3771 quod
2023 3709 2127 3770 ejus
2144 3709 2389 3771 ingenium
2407 3745 2422 3767 ‚

246 3775 249 3776 ⁷
296 3810 436 3856 quam
461 3794 721 3859 multiplex
748 3805 800 3841 et
820 3806 1116 3856 tortuosum,
1137 3805 1234 3842 etc.
1263 3795 1290 3842 3
1306 3829 1320 3851 ‚
1341 3803 1389 3850 6.
1425 3789 1480 3841 2⁰
1502 3796 1561 3841 In
1585 3796 1699 3842 facti
1729 3797 2054 3844 narrationem
2069 3828 2084 3855 ,
2122 3812 2296 3862 nempe
2319 3814 2421 3860 quo

296 3881 444 3929 modo
470 3881 823 3930 dissimulatam
854 3882 1105 3947 perfidiam
1129 3882 1379 3945 indicans,
1406 3863 1668 3945 Quintium*
1693 3882 1889 3931 Naevius
1932 3882 2124 3931 insidiis
2157 3883 2423 3931 circumve-

297 3970 444 4027 uerit,
473 3969 583 4030 5·9.
605 3971 764 4031 Quam
793 3970 1046 4018 concludit
1069 3971 1205 4018 brevi
1233 3969 1431 4018 invidie
1452 3970 1632 4019 affectu
1651 3973 1704 4019 in
1721 3970 2052 4031 adversarios,
2078 3971 2165 4036 qui
2189 3970 2423 4035 eloquen-

298 4056 361 4102 tia
385 4065 436 4102 et
460 4057 682 4120 potentia
709 4056 771 4104 ad
798 4056 1020 4117 injuriam
1040 4058 1325 4115 abutuntur,
1346 4073 1396 4121 9.

364 4145 491 4192 Tum
516 4143 710 4192 aceedit
732 4157 903 4194 auctor
929 4145 991 4194 ad
1017 4147 1380 4195 Pau-rrimus:
1395 4181 1409 4203 ‚
1443 4162 1521 4194 ιο.
1552 4147 1914 4212 Denuntiatque
1936 4163 1987 4195 se
2013 4157 2348 4214 ostensurum:
