<?xml version="1.0" encoding="UTF-8"?>
<!DOCTYPE html PUBLIC "-//W3C//DTD XHTML 1.0 Transitional//EN"
    "http://www.w3.org/TR/xhtml1/DTD/xhtml1-transitional.dtd">
<html xmlns="http://www.w3.org/1999/xhtml" xml:lang="en" lang="en">
 <head>
  <title>
</title>
<meta http-equiv="Content-Type" content="text/html;charset=utf-8" />
  <meta name='ocr-system' content='tesseract 3.04.00' />
  <meta name='ocr-capabilities' content='ocr_page ocr_carea ocr_par ocr_line ocrx_word'/>
</head>
<body>
  <div class='ocr_page' id='page_1' title='image "./mtciceronisquae09lemagoog/mtciceronisquae09lemagoog_0255.png"; bbox 0 0 3044 4788; ppageno 0'>
   <div class='ocr_carea' id='block_1_1' title="bbox 662 415 2470 518">
    <p class='ocr_par' dir='ltr' id='par_1_1' title="bbox 662 415 2470 518">
     <span class='ocr_line' id='line_1_1' title="bbox 662 415 2470 518; baseline 0 -21"><span class='ocrx_word' id='word_1_1' title='bbox 662 429 770 499; x_wconf 81' lang='grc' dir='ltr'><strong>ΙΝ</strong></span> <span class='ocrx_word' id='word_1_2' title='bbox 818 431 906 518; x_wconf 91' lang='lat' dir='ltr'><strong>Q.</strong></span> <span class='ocrx_word' id='word_1_3' title='bbox 961 415 1505 502; x_wconf 80' lang='lat' dir='ltr'><strong>cAEcleM</strong></span> <span class='ocrx_word' id='word_1_4' title='bbox 1556 429 2149 498; x_wconf 73' lang='lat' dir='ltr'><strong>DtleATlo.</strong></span> <span class='ocrx_word' id='word_1_5' title='bbox 2333 423 2470 497; x_wconf 80' lang='lat'><strong>215</strong></span> 
     </span>
    </p>
   </div>
   <div class='ocr_carea' id='block_1_2' title="bbox 343 549 2486 2514">
    <p class='ocr_par' dir='ltr' id='par_1_2' title="bbox 343 549 2480 1634">
     <span class='ocr_line' id='line_1_2' title="bbox 349 549 2470 647; baseline -0.002 -22"><span class='ocrx_word' id='word_1_6' title='bbox 349 555 702 625; x_wconf 79' lang='lat' dir='ltr'>tissimum</span> <span class='ocrx_word' id='word_1_7' title='bbox 742 573 990 621; x_wconf 82' lang='lat' dir='ltr'><strong>censes</strong></span> <span class='ocrx_word' id='word_1_8' title='bbox 1025 551 1342 647; x_wconf 82' lang='lat' dir='ltr'><strong>permitti</strong></span> <span class='ocrx_word' id='word_1_9' title='bbox 1372 564 1715 647; x_wconf 79' lang='lat' dir='ltr'>oportere</span> <span class='ocrx_word' id='word_1_10' title='bbox 1748 549 2126 622; x_wconf 89' lang='lat' dir='ltr'><strong>accusandi</strong></span> <span class='ocrx_word' id='word_1_11' title='bbox 2157 564 2470 647; x_wconf 89' lang='lat' dir='ltr'><strong>potesta·-</strong></span> 
     </span>
     <span class='ocr_line' id='line_1_3' title="bbox 350 657 2473 753; baseline -0.002 -18"><span class='ocrx_word' id='word_1_12' title='bbox 350 678 496 736; x_wconf 90' lang='lat' dir='ltr'><strong>tem</strong></span> <span class='ocrx_word' id='word_1_13' title='bbox 517 716 537 747; x_wconf 88' lang='lat'>‚</span> <span class='ocrx_word' id='word_1_14' title='bbox 576 663 694 733; x_wconf 88' lang='lat' dir='ltr'><strong>cui</strong></span> <span class='ocrx_word' id='word_1_15' title='bbox 733 660 1111 736; x_wconf 80' lang='lat' dir='ltr'><strong>maximam</strong></span> <span class='ocrx_word' id='word_1_16' title='bbox 1140 663 1219 729; x_wconf 90' lang='lat' dir='ltr'><strong>C.</strong></span> <span class='ocrx_word' id='word_1_17' title='bbox 1249 663 1506 730; x_wconf 80' lang='lat' dir='ltr'><strong>Verres</strong></span> <span class='ocrx_word' id='word_1_18' title='bbox 1538 658 1636 753; x_wconf 93' lang='lat' dir='ltr'><strong>inj</strong></span> <span class='ocrx_word' id='word_1_19' title='bbox 1648 661 1875 729; x_wconf 91' lang='lat' dir='ltr'><strong>uriam</strong></span> <span class='ocrx_word' id='word_1_20' title='bbox 1903 657 2194 747; x_wconf 81' lang='lat' dir='ltr'><strong>fecerit3</strong></span> <span class='ocrx_word' id='word_1_21' title='bbox 2226 673 2473 730; x_wconf 87' lang='lat' dir='ltr'><strong>utrum</strong></span> 
     </span>
     <span class='ocr_line' id='line_1_4' title="bbox 346 765 2470 867; baseline -0.003 -23"><span class='ocrx_word' id='word_1_22' title='bbox 346 770 636 844; x_wconf 88' lang='lat' dir='ltr'><strong>tandem</strong></span> <span class='ocrx_word' id='word_1_23' title='bbox 674 791 923 841; x_wconf 81' lang='lat' dir='ltr'><strong>censes</strong></span> <span class='ocrx_word' id='word_1_24' title='bbox 950 768 1092 840; x_wconf 87' lang='lat' dir='ltr'><strong>hoe</strong></span> <span class='ocrx_word' id='word_1_25' title='bbox 1117 766 1398 862; x_wconf 87' lang='lat' dir='ltr'><strong>judices</strong></span> <span class='ocrx_word' id='word_1_26' title='bbox 1427 769 1715 867; x_wconf 84' lang='lat' dir='ltr'><strong>gravius</strong></span> <span class='ocrx_word' id='word_1_27' title='bbox 1742 765 1931 840; x_wconf 86' lang='lat' dir='ltr'><strong>ferre</strong></span> <span class='ocrx_word' id='word_1_28' title='bbox 1967 784 2350 866; x_wconf 76' lang='lat' dir='ltr'>oportere,</span> <span class='ocrx_word' id='word_1_29' title='bbox 2399 783 2470 839; x_wconf 91' lang='lat' dir='ltr'><strong>te</strong></span> 
     </span>
     <span class='ocr_line' id='line_1_5' title="bbox 343 869 2469 975; baseline -0.001 -23"><span class='ocrx_word' id='word_1_30' title='bbox 343 879 436 952; x_wconf 89' lang='lat' dir='ltr'><strong>ab</strong></span> <span class='ocrx_word' id='word_1_31' title='bbox 464 880 587 952; x_wconf 93' lang='lat' dir='ltr'><strong>illo</strong></span> <span class='ocrx_word' id='word_1_32' title='bbox 622 902 776 950; x_wconf 86' lang='lat' dir='ltr'><strong>esse</strong></span> <span class='ocrx_word' id='word_1_33' title='bbox 805 878 1086 965; x_wconf 79' lang='lat' dir='ltr'><strong>laesum3</strong></span> <span class='ocrx_word' id='word_1_34' title='bbox 1116 903 1205 950; x_wconf 86' lang='lat' dir='ltr'><strong>an</strong></span> <span class='ocrx_word' id='word_1_35' title='bbox 1241 880 1686 975; x_wconf 84' lang='lat' dir='ltr'><strong>provinciam</strong></span> <span class='ocrx_word' id='word_1_36' title='bbox 1716 869 2025 949; x_wconf 85' lang='lat' dir='ltr'><strong>Siciliam</strong></span> <span class='ocrx_word' id='word_1_37' title='bbox 2063 902 2219 950; x_wconf 90' lang='lat' dir='ltr'><strong>esse</strong></span> <span class='ocrx_word' id='word_1_38' title='bbox 2254 903 2469 950; x_wconf 82' lang='lat' dir='ltr'><strong>vexa-</strong></span> 
     </span>
     <span class='ocr_line' id='line_1_6' title="bbox 343 985 2469 1087; baseline -0.002 -25"><span class='ocrx_word' id='word_1_39' title='bbox 343 1005 493 1063; x_wconf 85' lang='lat' dir='ltr'><strong>tam</strong></span> <span class='ocrx_word' id='word_1_40' title='bbox 519 1014 603 1061; x_wconf 90' lang='lat' dir='ltr'><strong>ac</strong></span> <span class='ocrx_word' id='word_1_41' title='bbox 636 987 988 1087; x_wconf 84' lang='lat' dir='ltr'><strong>perditam</strong></span> <span class='ocrx_word' id='word_1_42' title='bbox 1009 988 1037 1057; x_wconf 85' lang='lat'>?</span> <span class='ocrx_word' id='word_1_43' title='bbox 1056 990 1360 1086; x_wconf 79' lang='lat' dir='ltr'><strong>opinor,</strong></span> <span class='ocrx_word' id='word_1_44' title='bbox 1386 985 1759 1072; x_wconf 88' lang='lat' dir='ltr'><strong>concedis,</strong></span> <span class='ocrx_word' id='word_1_45' title='bbox 1780 987 2012 1060; x_wconf 89' lang='lat' dir='ltr'><strong>multo</strong></span> <span class='ocrx_word' id='word_1_46' title='bbox 2040 987 2185 1059; x_wconf 87' lang='lat' dir='ltr'><strong>hoc</strong></span> <span class='ocrx_word' id='word_1_47' title='bbox 2213 1002 2286 1058; x_wconf 86' lang='lat' dir='ltr'><strong>et</strong></span> <span class='ocrx_word' id='word_1_48' title='bbox 2315 1012 2469 1060; x_wconf 88' lang='lat' dir='ltr'><strong>esse</strong></span> 
     </span>
     <span class='ocr_line' id='line_1_7' title="bbox 344 1097 2469 1199; baseline -0.001 -27"><span class='ocrx_word' id='word_1_49' title='bbox 344 1103 662 1199; x_wconf 84' lang='lat' dir='ltr'><strong>gravius,</strong></span> <span class='ocrx_word' id='word_1_50' title='bbox 687 1114 761 1172; x_wconf 93' lang='lat' dir='ltr'><strong>et</strong></span> <span class='ocrx_word' id='word_1_51' title='bbox 786 1098 876 1170; x_wconf 90' lang='lat' dir='ltr'><strong>ab</strong></span> <span class='ocrx_word' id='word_1_52' title='bbox 907 1098 1251 1169; x_wconf 86' lang='lat' dir='ltr'><strong>omnibus</strong></span> <span class='ocrx_word' id='word_1_53' title='bbox 1279 1097 1450 1170; x_wconf 82' lang='lat' dir='ltr'><strong>ferri</strong></span> <span class='ocrx_word' id='word_1_54' title='bbox 1486 1098 1773 1194; x_wconf 84' lang='lat' dir='ltr'><strong>gravius</strong></span> <span class='ocrx_word' id='word_1_55' title='bbox 1795 1108 1856 1144; x_wconf 86' lang='lat'><strong>¹⁰</strong></span> <span class='ocrx_word' id='word_1_56' title='bbox 1884 1113 2245 1195; x_wconf 84' lang='lat' dir='ltr'><strong>oportere.</strong></span> <span class='ocrx_word' id='word_1_57' title='bbox 2275 1102 2469 1170; x_wconf 88' lang='lat' dir='ltr'><strong>Con·</strong></span> 
     </span>
     <span class='ocr_line' id='line_1_8' title="bbox 347 1206 2470 1308; baseline -0 -25"><span class='ocrx_word' id='word_1_58' title='bbox 347 1209 522 1283; x_wconf 88' lang='lat' dir='ltr'><strong>cede</strong></span> <span class='ocrx_word' id='word_1_59' title='bbox 582 1211 825 1308; x_wconf 87' lang='lat' dir='ltr'><strong>igitur,</strong></span> <span class='ocrx_word' id='word_1_60' title='bbox 883 1222 966 1278; x_wconf 94' lang='lat' dir='ltr'><strong>ut</strong></span> <span class='ocrx_word' id='word_1_61' title='bbox 1009 1207 1141 1279; x_wconf 90' lang='lat' dir='ltr'><strong>tibi</strong></span> <span class='ocrx_word' id='word_1_62' title='bbox 1185 1223 1674 1305; x_wconf 84' lang='lat' dir='ltr'><strong>anteponatur</strong></span> <span class='ocrx_word' id='word_1_63' title='bbox 1714 1209 1789 1277; x_wconf 90' lang='lat' dir='ltr'><strong>in</strong></span> <span class='ocrx_word' id='word_1_64' title='bbox 1842 1206 2250 1280; x_wconf 87' lang='lat' dir='ltr'><strong>accusando</strong></span> <span class='ocrx_word' id='word_1_65' title='bbox 2300 1233 2470 1304; x_wconf 88' lang='lat' dir='ltr'><strong>pro-</strong></span> 
     </span>
     <span class='ocr_line' id='line_1_9' title="bbox 346 1318 2480 1417; baseline -0.002 -25"><span class='ocrx_word' id='word_1_66' title='bbox 346 1323 580 1393; x_wconf 85' lang='lat' dir='ltr'><strong>vincia</strong></span> <span class='ocrx_word' id='word_1_67' title='bbox 613 1347 628 1392; x_wconf 86' lang='lat'><strong>:</strong></span> <span class='ocrx_word' id='word_1_68' title='bbox 660 1329 824 1390; x_wconf 82' lang='lat' dir='ltr'><strong>nam</strong></span> <span class='ocrx_word' id='word_1_69' title='bbox 865 1318 1232 1417; x_wconf 89' lang='lat' dir='ltr'><strong>provincia</strong></span> <span class='ocrx_word' id='word_1_70' title='bbox 1272 1332 1590 1403; x_wconf 87' lang='lat' dir='ltr'><strong>accusat,</strong></span> <span class='ocrx_word' id='word_1_71' title='bbox 1624 1340 1854 1413; x_wconf 92' lang='lat' dir='ltr'><strong>quum</strong></span> <span class='ocrx_word' id='word_1_72' title='bbox 1891 1318 1950 1388; x_wconf 89' lang='lat' dir='ltr'><strong>is</strong></span> <span class='ocrx_word' id='word_1_73' title='bbox 1977 1320 2120 1414; x_wconf 82' lang='lat' dir='ltr'><strong>agit</strong></span> <span class='ocrx_word' id='word_1_74' title='bbox 2150 1341 2436 1392; x_wconf 87' lang='lat' dir='ltr'><strong>causam</strong></span> <span class='ocrx_word' id='word_1_75' title='bbox 2459 1372 2480 1404; x_wconf 89' lang='lat'>‚</span> 
     </span>
     <span class='ocr_line' id='line_1_10' title="bbox 347 1426 2472 1527; baseline -0 -28"><span class='ocrx_word' id='word_1_76' title='bbox 347 1455 570 1527; x_wconf 89' lang='lat' dir='ltr'><strong>quem</strong></span> <span class='ocrx_word' id='word_1_77' title='bbox 607 1428 741 1500; x_wconf 88' lang='lat' dir='ltr'><strong>sibi</strong></span> <span class='ocrx_word' id='word_1_78' title='bbox 776 1429 893 1499; x_wconf 87' lang='lat' dir='ltr'><strong>illa</strong></span> <span class='ocrx_word' id='word_1_79' title='bbox 925 1426 1380 1500; x_wconf 84' lang='lat' dir='ltr'><strong>defensorem</strong></span> <span class='ocrx_word' id='word_1_80' title='bbox 1415 1428 1530 1499; x_wconf 89' lang='lat' dir='ltr'><strong>sui</strong></span> <span class='ocrx_word' id='word_1_81' title='bbox 1566 1426 1776 1522; x_wconf 86' lang='lat' dir='ltr'><strong>juris,</strong></span> <span class='ocrx_word' id='word_1_82' title='bbox 1819 1427 2128 1498; x_wconf 89' lang='lat' dir='ltr'><strong>ultorem</strong></span> <span class='ocrx_word' id='word_1_83' title='bbox 2174 1426 2472 1521; x_wconf 89' lang='lat' dir='ltr'><strong>injuria·</strong></span> 
     </span>
     <span class='ocr_line' id='line_1_11' title="bbox 347 1536 1867 1634; baseline -0.002 -24"><span class='ocrx_word' id='word_1_84' title='bbox 347 1564 551 1624; x_wconf 87' lang='lat' dir='ltr'><strong>rum,</strong></span> <span class='ocrx_word' id='word_1_85' title='bbox 585 1554 902 1610; x_wconf 88' lang='lat' dir='ltr'><strong>actorem</strong></span> <span class='ocrx_word' id='word_1_86' title='bbox 941 1563 1169 1609; x_wconf 83' lang='lat' dir='ltr'><strong>causae</strong></span> <span class='ocrx_word' id='word_1_87' title='bbox 1209 1538 1434 1609; x_wconf 86' lang='lat' dir='ltr'><strong>totius</strong></span> <span class='ocrx_word' id='word_1_88' title='bbox 1478 1536 1867 1634; x_wconf 89' lang='lat' dir='ltr'><strong>adoptavit.</strong></span> 
     </span>
    </p>

    <p class='ocr_par' dir='ltr' id='par_1_3' title="bbox 346 1644 2486 2514">
     <span class='ocr_line' id='line_1_12' title="bbox 447 1644 2474 1746; baseline -0.003 -23"><span class='ocrx_word' id='word_1_89' title='bbox 447 1652 673 1723; x_wconf 88' lang='lat' dir='ltr'><strong>XVII.</strong></span> <span class='ocrx_word' id='word_1_90' title='bbox 726 1651 816 1719; x_wconf 86' lang='lat' dir='ltr'><strong>At</strong></span> <span class='ocrx_word' id='word_1_91' title='bbox 856 1672 1012 1724; x_wconf 85' lang='lat' dir='ltr'><strong>eam</strong></span> <span class='ocrx_word' id='word_1_92' title='bbox 1036 1659 1054 1692; x_wconf 92' lang='lat'><em>¹</em></span> <span class='ocrx_word' id='word_1_93' title='bbox 1108 1647 1243 1719; x_wconf 89' lang='lat' dir='ltr'><strong>tibi</strong></span> <span class='ocrx_word' id='word_1_94' title='bbox 1280 1653 1357 1719; x_wconf 91' lang='lat' dir='ltr'><strong>C.</strong></span> <span class='ocrx_word' id='word_1_95' title='bbox 1386 1652 1649 1719; x_wconf 89' lang='lat' dir='ltr'><strong>Verres</strong></span> <span class='ocrx_word' id='word_1_96' title='bbox 1690 1644 1857 1720; x_wconf 88' lang='lat' dir='ltr'><strong>fecit</strong></span> <span class='ocrx_word' id='word_1_97' title='bbox 1890 1646 2269 1740; x_wconf 85' lang='lat' dir='ltr'><strong>injuriam,</strong></span> <span class='ocrx_word' id='word_1_98' title='bbox 2315 1670 2474 1746; x_wconf 86' lang='lat' dir='ltr'><strong>quae</strong></span> 
     </span>
     <span class='ocr_line' id='line_1_13' title="bbox 347 1754 2471 1855; baseline -0.002 -25"><span class='ocrx_word' id='word_1_99' title='bbox 347 1772 754 1830; x_wconf 86' lang='lat' dir='ltr'><strong>ceterorum</strong></span> <span class='ocrx_word' id='word_1_100' title='bbox 780 1783 1079 1855; x_wconf 87' lang='lat' dir='ltr'><strong>quoque</strong></span> <span class='ocrx_word' id='word_1_101' title='bbox 1116 1759 1394 1830; x_wconf 88' lang='lat' dir='ltr'><strong>animos</strong></span> <span class='ocrx_word' id='word_1_102' title='bbox 1421 1771 1665 1855; x_wconf 86' lang='lat' dir='ltr'><strong>posset</strong></span> <span class='ocrx_word' id='word_1_103' title='bbox 1691 1756 1929 1828; x_wconf 87' lang='lat' dir='ltr'><strong>alieno</strong></span> <span class='ocrx_word' id='word_1_104' title='bbox 1950 1767 1977 1798; x_wconf 83' lang='lat'>²</span> <span class='ocrx_word' id='word_1_105' title='bbox 2005 1754 2471 1827; x_wconf 87' lang='lat' dir='ltr'><strong>incommodo</strong></span> 
     </span>
     <span class='ocr_line' id='line_1_14' title="bbox 348 1865 2470 1967; baseline -0.002 -26"><span class='ocrx_word' id='word_1_106' title='bbox 348 1891 826 1941; x_wconf 86' lang='lat' dir='ltr'><strong>commovere.</strong></span> <span class='ocrx_word' id='word_1_107' title='bbox 896 1869 1194 1940; x_wconf 88' lang='lat' dir='ltr'><strong>Minime</strong></span> <span class='ocrx_word' id='word_1_108' title='bbox 1235 1896 1251 1937; x_wconf 76' lang='grc' dir='ltr'><strong><em>ε</em></strong></span> <span class='ocrx_word' id='word_1_109' title='bbox 1301 1892 1469 1938; x_wconf 89' lang='lat' dir='ltr'><strong>nam</strong></span> <span class='ocrx_word' id='word_1_110' title='bbox 1521 1867 1596 1937; x_wconf 84' lang='lat' dir='ltr'><strong>id</strong></span> <span class='ocrx_word' id='word_1_111' title='bbox 1640 1891 1938 1967; x_wconf 88' lang='lat' dir='ltr'><strong>quoque</strong></span> <span class='ocrx_word' id='word_1_112' title='bbox 1980 1865 2070 1937; x_wconf 89' lang='lat' dir='ltr'><strong>ad</strong></span> <span class='ocrx_word' id='word_1_113' title='bbox 2110 1891 2265 1937; x_wconf 91' lang='lat' dir='ltr'><strong>rem</strong></span> <span class='ocrx_word' id='word_1_114' title='bbox 2308 1890 2470 1963; x_wconf 91' lang='lat' dir='ltr'><strong>per-</strong></span> 
     </span>
     <span class='ocr_line' id='line_1_15' title="bbox 349 1974 2480 2073; baseline -0.001 -25"><span class='ocrx_word' id='word_1_115' title='bbox 349 1974 626 2048; x_wconf 80' lang='lat' dir='ltr'><strong>tinere³</strong></span> <span class='ocrx_word' id='word_1_116' title='bbox 655 1975 994 2063; x_wconf 87' lang='lat' dir='ltr'><strong>arbitror,</strong></span> <span class='ocrx_word' id='word_1_117' title='bbox 1008 1977 1242 2073; x_wconf 88' lang='lat' dir='ltr'><strong>qualis</strong></span> <span class='ocrx_word' id='word_1_118' title='bbox 1276 1977 1537 2072; x_wconf 90' lang='lat' dir='ltr'><strong>injuria</strong></span> <span class='ocrx_word' id='word_1_119' title='bbox 1568 1976 1877 2064; x_wconf 87' lang='lat' dir='ltr'><strong>dicatur;</strong></span> <span class='ocrx_word' id='word_1_120' title='bbox 1909 2002 2072 2073; x_wconf 79' lang='lat' dir='ltr'><strong>qum</strong></span> <span class='ocrx_word' id='word_1_121' title='bbox 2099 1999 2307 2047; x_wconf 89' lang='lat' dir='ltr'><strong>causa</strong></span> <span class='ocrx_word' id='word_1_122' title='bbox 2335 1978 2480 2046; x_wconf 83' lang='lat' dir='ltr'><strong>ini-</strong></span> 
     </span>
     <span class='ocr_line' id='line_1_16' title="bbox 354 2084 2486 2184; baseline -0.001 -27"><span class='ocrx_word' id='word_1_123' title='bbox 354 2086 788 2160; x_wconf 84' lang='lat' dir='ltr'><strong>micitiarum</strong></span> <span class='ocrx_word' id='word_1_124' title='bbox 844 2084 1274 2184; x_wconf 87' lang='lat' dir='ltr'><strong>proferatur.</strong></span> <span class='ocrx_word' id='word_1_125' title='bbox 1319 2088 1750 2182; x_wconf 85' lang='lat' dir='ltr'><strong>Cognoscite</strong></span> <span class='ocrx_word' id='word_1_126' title='bbox 1796 2110 1884 2158; x_wconf 84' lang='lat' dir='ltr'><strong>ex</strong></span> <span class='ocrx_word' id='word_1_127' title='bbox 1929 2110 2081 2156; x_wconf 87' lang='lat' dir='ltr'><strong>me:</strong></span> <span class='ocrx_word' id='word_1_128' title='bbox 2126 2109 2294 2156; x_wconf 88' lang='lat' dir='ltr'><strong>nam</strong></span> <span class='ocrx_word' id='word_1_129' title='bbox 2351 2088 2486 2156; x_wconf 81' lang='lat' dir='ltr'><strong>iste</strong></span> 
     </span>
     <span class='ocr_line' id='line_1_17' title="bbox 346 2194 2477 2294; baseline -0.001 -27"><span class='ocrx_word' id='word_1_130' title='bbox 346 2220 504 2270; x_wconf 83' lang='lat' dir='ltr'><strong>eam</strong></span> <span class='ocrx_word' id='word_1_131' title='bbox 541 2194 904 2293; x_wconf 83' lang='lat' dir='ltr'><strong>profecto,</strong></span> <span class='ocrx_word' id='word_1_132' title='bbox 947 2198 1085 2270; x_wconf 89' lang='lat' dir='ltr'><strong>nisi</strong></span> <span class='ocrx_word' id='word_1_133' title='bbox 1121 2197 1337 2294; x_wconf 89' lang='lat' dir='ltr'><strong>plane</strong></span> <span class='ocrx_word' id='word_1_134' title='bbox 1382 2195 1560 2268; x_wconf 90' lang='lat' dir='ltr'><strong>nihil</strong></span> <span class='ocrx_word' id='word_1_135' title='bbox 1592 2198 1777 2294; x_wconf 89' lang='lat' dir='ltr'><strong>sapit</strong></span> <span class='ocrx_word' id='word_1_136' title='bbox 1803 2251 1822 2283; x_wconf 94' lang='lat'>‚</span> <span class='ocrx_word' id='word_1_137' title='bbox 1868 2219 2268 2293; x_wconf 89' lang='lat' dir='ltr'><strong>numquam</strong></span> <span class='ocrx_word' id='word_1_138' title='bbox 2307 2219 2477 2293; x_wconf 90' lang='lat' dir='ltr'><strong>pro-</strong></span> 
     </span>
     <span class='ocr_line' id='line_1_18' title="bbox 346 2301 2474 2404; baseline 0 -29"><span class='ocrx_word' id='word_1_139' title='bbox 346 2301 549 2378; x_wconf 88' lang='lat' dir='ltr'><strong>feret.</strong></span> <span class='ocrx_word' id='word_1_140' title='bbox 570 2307 836 2404; x_wconf 84' lang='lat' dir='ltr'><strong>Agonis</strong></span> <span class='ocrx_word' id='word_1_141' title='bbox 855 2320 964 2378; x_wconf 87' lang='lat' dir='ltr'><strong>est</strong></span> <span class='ocrx_word' id='word_1_142' title='bbox 980 2306 1309 2403; x_wconf 82' lang='lat' dir='ltr'><strong>quaedam</strong></span> <span class='ocrx_word' id='word_1_143' title='bbox 1321 2362 1342 2392; x_wconf 76' lang='lat'><strong>,</strong></span> <span class='ocrx_word' id='word_1_144' title='bbox 1361 2305 1822 2402; x_wconf 62' lang='lat' dir='ltr'><strong>Lilybaetana,</strong></span> <span class='ocrx_word' id='word_1_145' title='bbox 1843 2304 2096 2376; x_wconf 89' lang='lat' dir='ltr'><strong>liberta</strong></span> <span class='ocrx_word' id='word_1_146' title='bbox 2112 2309 2142 2360; x_wconf 75' lang='lat'>4</span> <span class='ocrx_word' id='word_1_147' title='bbox 2172 2306 2474 2376; x_wconf 90' lang='lat' dir='ltr'><strong>Veneris</strong></span> 
     </span>
     <span class='ocr_line' id='line_1_19' title="bbox 348 2415 2474 2514; baseline 0 -29"><span class='ocrx_word' id='word_1_148' title='bbox 348 2417 668 2513; x_wconf 85' lang='lat' dir='ltr'><strong>Erycinae</strong></span> <span class='ocrx_word' id='word_1_149' title='bbox 700 2445 716 2486; x_wconf 76' lang='grc' dir='ltr'><strong><em>ε</em></strong></span> <span class='ocrx_word' id='word_1_150' title='bbox 746 2440 907 2512; x_wconf 71' lang='lat' dir='ltr'><strong>quae</strong></span> <span class='ocrx_word' id='word_1_151' title='bbox 939 2415 1218 2504; x_wconf 85' lang='lat' dir='ltr'><strong>mulier,</strong></span> <span class='ocrx_word' id='word_1_152' title='bbox 1252 2431 1419 2487; x_wconf 89' lang='lat' dir='ltr'><strong>ante</strong></span> <span class='ocrx_word' id='word_1_153' title='bbox 1459 2418 1653 2489; x_wconf 87' lang='lat' dir='ltr'><strong>bunc</strong></span> <span class='ocrx_word' id='word_1_154' title='bbox 1690 2431 2150 2514; x_wconf 63' lang='lat' dir='ltr'><strong>quaestorem,</strong></span> <span class='ocrx_word' id='word_1_155' title='bbox 2183 2418 2474 2512; x_wconf 87' lang='lat' dir='ltr'><strong>copiosa</strong></span> 
     </span>
    </p>
   </div>
   <div class='ocr_carea' id='block_1_3' title="bbox 1455 2686 2479 2834">
    <p class='ocr_par' dir='ltr' id='par_1_4' title="bbox 1455 2686 2479 2834">
     <span class='ocr_line' id='line_1_20' title="bbox 1455 2686 2477 2754; baseline -0.002 -18"><span class='ocrx_word' id='word_1_156' title='bbox 1455 2689 1795 2754; x_wconf 71' lang='lat' dir='ltr'><strong>mancipabant</strong></span> <span class='ocrx_word' id='word_1_157' title='bbox 1813 2724 1827 2746; x_wconf 92' lang='lat'><strong>,</strong></span> <span class='ocrx_word' id='word_1_158' title='bbox 1856 2699 1907 2735; x_wconf 88' lang='lat' dir='ltr'><strong>et</strong></span> <span class='ocrx_word' id='word_1_159' title='bbox 1939 2686 2055 2734; x_wconf 83' lang='lat' dir='ltr'><strong>inde</strong></span> <span class='ocrx_word' id='word_1_160' title='bbox 2088 2687 2307 2734; x_wconf 79' lang='lat' dir='ltr'><strong>fanorum</strong></span> <span class='ocrx_word' id='word_1_161' title='bbox 2351 2689 2477 2734; x_wconf 87' lang='lat' dir='ltr'><strong>servi</strong></span> 
     </span>
     <span class='ocr_line' id='line_1_21' title="bbox 1455 2761 2479 2834; baseline -0.001 -19"><span class='ocrx_word' id='word_1_162' title='bbox 1455 2770 1629 2831; x_wconf 67' lang='lat' dir='ltr'><strong>(graece</strong></span> <span class='ocrx_word' id='word_1_163' title='bbox 1641 2761 1946 2834; x_wconf 75' lang='grc' dir='ltr'><strong>ἶιρόδουλοι),</strong></span> <span class='ocrx_word' id='word_1_164' title='bbox 1957 2776 2039 2814; x_wconf 83' lang='lat' dir='ltr'><strong>aut</strong></span> <span class='ocrx_word' id='word_1_165' title='bbox 2050 2765 2194 2812; x_wconf 83' lang='lat' dir='ltr'><strong>etiam</strong></span> <span class='ocrx_word' id='word_1_166' title='bbox 2211 2763 2381 2814; x_wconf 87' lang='lat' dir='ltr'><strong>addito</strong></span> <span class='ocrx_word' id='word_1_167' title='bbox 2391 2783 2479 2814; x_wconf 88' lang='lat' dir='ltr'><strong>nu·</strong></span> 
     </span>
    </p>
   </div>
   <div class='ocr_carea' id='block_1_4' title="bbox 345 2686 1374 2830">
    <p class='ocr_par' dir='ltr' id='par_1_5' title="bbox 345 2686 1374 2830">
     <span class='ocr_line' id='line_1_22' title="bbox 346 2686 1374 2761; baseline 0 -25"><span class='ocrx_word' id='word_1_168' title='bbox 346 2686 601 2736; x_wconf 73' lang='lat' dir='ltr'><strong>Provincia</strong></span> <span class='ocrx_word' id='word_1_169' title='bbox 626 2698 789 2735; x_wconf 85' lang='lat' dir='ltr'><strong>sutem</strong></span> <span class='ocrx_word' id='word_1_170' title='bbox 812 2688 1034 2737; x_wconf 81' lang='lat' dir='ltr'><strong>maximis</strong></span> <span class='ocrx_word' id='word_1_171' title='bbox 1051 2699 1123 2735; x_wconf 89' lang='lat' dir='ltr'><strong>est</strong></span> <span class='ocrx_word' id='word_1_172' title='bbox 1140 2686 1374 2761; x_wconf 56' lang='lat' dir='ltr'><strong>afflictata,</strong></span> 
     </span>
     <span class='ocr_line' id='line_1_23' title="bbox 345 2765 1189 2830; baseline 0.001 -17"><span class='ocrx_word' id='word_1_173' title='bbox 345 2765 562 2829; x_wconf 79' lang='lat' dir='ltr'><strong>injuriis3</strong></span> <span class='ocrx_word' id='word_1_174' title='bbox 588 2777 660 2813; x_wconf 90' lang='lat' dir='ltr'><strong>est</strong></span> <span class='ocrx_word' id='word_1_175' title='bbox 680 2766 827 2829; x_wconf 75' lang='lat' dir='ltr'><strong>igitur</strong></span> <span class='ocrx_word' id='word_1_176' title='bbox 845 2766 1189 2830; x_wconf 81' lang='lat' dir='ltr'><strong>praeponenda.</strong></span> 
     </span>
    </p>
   </div>
   <div class='ocr_carea' id='block_1_5' title="bbox 342 2844 1376 4252">
    <p class='ocr_par' dir='ltr' id='par_1_6' title="bbox 346 2844 1366 2984">
     <span class='ocr_line' id='line_1_24' title="bbox 420 2844 1366 2909; baseline 0.001 -17"><span class='ocrx_word' id='word_1_177' title='bbox 420 2861 497 2894; x_wconf 85' lang='lat'><strong>10.</strong></span> <span class='ocrx_word' id='word_1_178' title='bbox 512 2844 652 2894; x_wconf 77' lang='lat' dir='ltr'><strong>Ferri</strong></span> <span class='ocrx_word' id='word_1_179' title='bbox 662 2845 877 2909; x_wconf 73' lang='lat' dir='ltr'><strong>gravius.</strong></span> <span class='ocrx_word' id='word_1_180' title='bbox 895 2846 1155 2893; x_wconf 81' lang='lat' dir='ltr'><strong>Graviores</strong></span> <span class='ocrx_word' id='word_1_181' title='bbox 1174 2857 1222 2893; x_wconf 87' lang='lat' dir='ltr'><strong>et</strong></span> <span class='ocrx_word' id='word_1_182' title='bbox 1237 2856 1366 2893; x_wconf 87' lang='lat' dir='ltr'><strong>atro·</strong></span> 
     </span>
     <span class='ocr_line' id='line_1_25' title="bbox 346 2924 1039 2984; baseline 0.003 -13"><span class='ocrx_word' id='word_1_183' title='bbox 346 2925 500 2973; x_wconf 71' lang='lat' dir='ltr'><strong>ciores</strong></span> <span class='ocrx_word' id='word_1_184' title='bbox 525 2924 790 2972; x_wconf 82' lang='lat' dir='ltr'><strong>existimari</strong></span> <span class='ocrx_word' id='word_1_185' title='bbox 821 2924 1039 2984; x_wconf 82' lang='lat' dir='ltr'><strong>injurias.</strong></span> 
     </span>
    </p>

    <p class='ocr_par' dir='ltr' id='par_1_7' title="bbox 346 3002 1367 3381">
     <span class='ocr_line' id='line_1_26' title="bbox 416 3002 1365 3062; baseline 0.002 -14"><span class='ocrx_word' id='word_1_186' title='bbox 416 3003 581 3050; x_wconf 79' lang='lat' dir='ltr'><strong>xvn.</strong></span> <span class='ocrx_word' id='word_1_187' title='bbox 616 3018 659 3052; x_wconf 76' lang='grc' dir='ltr'><strong>ι.</strong></span> <span class='ocrx_word' id='word_1_188' title='bbox 681 3006 750 3050; x_wconf 83' lang='lat' dir='ltr'><strong>Ae</strong></span> <span class='ocrx_word' id='word_1_189' title='bbox 765 3018 891 3050; x_wconf 77' lang='lat' dir='ltr'><strong>eam.</strong></span> <span class='ocrx_word' id='word_1_190' title='bbox 910 3004 977 3050; x_wconf 81' lang='lat' dir='ltr'><strong>At</strong></span> <span class='ocrx_word' id='word_1_191' title='bbox 996 3003 1145 3062; x_wconf 80' lang='lat' dir='ltr'><strong>dicis,</strong></span> <span class='ocrx_word' id='word_1_192' title='bbox 1168 3002 1334 3052; x_wconf 64' lang='lat' dir='ltr'><strong>Cocili</strong></span> <span class='ocrx_word' id='word_1_193' title='bbox 1350 3038 1365 3061; x_wconf 88' lang='lat'><strong>,</strong></span> 
     </span>
     <span class='ocr_line' id='line_1_27' title="bbox 348 3081 1364 3145; baseline 0.001 -18"><span class='ocrx_word' id='word_1_194' title='bbox 348 3095 450 3127; x_wconf 86' lang='lat' dir='ltr'><strong>non</strong></span> <span class='ocrx_word' id='word_1_195' title='bbox 492 3096 594 3128; x_wconf 81' lang='lat' dir='ltr'><strong>esse</strong></span> <span class='ocrx_word' id='word_1_196' title='bbox 631 3082 867 3145; x_wconf 83' lang='lat' dir='ltr'><strong>privatam</strong></span> <span class='ocrx_word' id='word_1_197' title='bbox 901 3081 1126 3142; x_wconf 82' lang='lat' dir='ltr'><strong>injuriam</strong></span> <span class='ocrx_word' id='word_1_198' title='bbox 1147 3116 1162 3139; x_wconf 90' lang='lat'><strong>,</strong></span> <span class='ocrx_word' id='word_1_199' title='bbox 1199 3098 1294 3145; x_wconf 84' lang='lat' dir='ltr'><strong>qua</strong></span> <span class='ocrx_word' id='word_1_200' title='bbox 1337 3098 1364 3128; x_wconf 79' lang='lat' dir='ltr'><strong>a</strong></span> 
     </span>
     <span class='ocr_line' id='line_1_28' title="bbox 348 3159 1367 3226; baseline 0.005 -23"><span class='ocrx_word' id='word_1_201' title='bbox 348 3159 499 3205; x_wconf 76' lang='lat' dir='ltr'><strong>Verre</strong></span> <span class='ocrx_word' id='word_1_202' title='bbox 522 3159 723 3209; x_wconf 73' lang='lat' dir='ltr'><strong>affectus</strong></span> <span class='ocrx_word' id='word_1_203' title='bbox 745 3160 811 3207; x_wconf 91' lang='lat' dir='ltr'><strong>sis</strong></span> <span class='ocrx_word' id='word_1_204' title='bbox 826 3196 840 3219; x_wconf 94' lang='lat'><strong>,</strong></span> <span class='ocrx_word' id='word_1_205' title='bbox 861 3160 945 3209; x_wconf 88' lang='lat' dir='ltr'><strong>sed</strong></span> <span class='ocrx_word' id='word_1_206' title='bbox 965 3162 1208 3226; x_wconf 75' lang='lat' dir='ltr'><strong>publicam</strong></span> <span class='ocrx_word' id='word_1_207' title='bbox 1231 3172 1278 3208; x_wconf 88' lang='lat' dir='ltr'><strong>et</strong></span> <span class='ocrx_word' id='word_1_208' title='bbox 1302 3160 1367 3208; x_wconf 89' lang='lat' dir='ltr'><strong>ad</strong></span> 
     </span>
     <span class='ocr_line' id='line_1_29' title="bbox 348 3241 1367 3305; baseline 0.004 -20"><span class='ocrx_word' id='word_1_209' title='bbox 348 3253 515 3287; x_wconf 87' lang='lat' dir='ltr'><strong>omnes</strong></span> <span class='ocrx_word' id='word_1_210' title='bbox 531 3242 878 3304; x_wconf 83' lang='lat' dir='ltr'><strong>pertinentem,</strong></span> <span class='ocrx_word' id='word_1_211' title='bbox 898 3242 1035 3305; x_wconf 85' lang='lat' dir='ltr'><strong>qnod</strong></span> <span class='ocrx_word' id='word_1_212' title='bbox 1062 3241 1367 3305; x_wconf 80' lang='lat' dir='ltr'><strong>magistratui</strong></span> 
     </span>
     <span class='ocr_line' id='line_1_30' title="bbox 346 3316 908 3381; baseline 0.004 -15"><span class='ocrx_word' id='word_1_213' title='bbox 346 3316 522 3381; x_wconf 80' lang='lat' dir='ltr'><strong>populi</strong></span> <span class='ocrx_word' id='word_1_214' title='bbox 541 3334 669 3368; x_wconf 84' lang='lat' dir='ltr'><strong>rom.</strong></span> <span class='ocrx_word' id='word_1_215' title='bbox 692 3322 752 3367; x_wconf 86' lang='lat' dir='ltr'><strong>sit</strong></span> <span class='ocrx_word' id='word_1_216' title='bbox 768 3319 908 3373; x_wconf 77' lang='lat' dir='ltr'><strong>sacta.</strong></span> 
     </span>
    </p>

    <p class='ocr_par' dir='ltr' id='par_1_8' title="bbox 345 3398 1368 3526">
     <span class='ocr_line' id='line_1_31' title="bbox 419 3398 1368 3447; baseline 0 -2"><span class='ocrx_word' id='word_1_217' title='bbox 419 3411 471 3445; x_wconf 77' lang='lat' dir='ltr'><strong>a.</strong></span> <span class='ocrx_word' id='word_1_218' title='bbox 500 3398 677 3446; x_wconf 77' lang='lat' dir='ltr'><strong>Alieno</strong></span> <span class='ocrx_word' id='word_1_219' title='bbox 705 3399 1028 3447; x_wconf 71' lang='lat' dir='ltr'><strong>bicommodo.</strong></span> <span class='ocrx_word' id='word_1_220' title='bbox 1057 3398 1136 3447; x_wconf 86' lang='lat' dir='ltr'><strong>Ob</strong></span> <span class='ocrx_word' id='word_1_221' title='bbox 1163 3398 1368 3447; x_wconf 81' lang='lat' dir='ltr'><strong>alienam</strong></span> 
     </span>
     <span class='ocr_line' id='line_1_32' title="bbox 345 3474 682 3526; baseline 0.009 -3"><span class='ocrx_word' id='word_1_222' title='bbox 345 3474 682 3526; x_wconf 70' lang='lat' dir='ltr'><strong>calamitatem.</strong></span> 
     </span>
    </p>

    <p class='ocr_par' dir='ltr' id='par_1_9' title="bbox 342 3555 1364 3684">
     <span class='ocr_line' id='line_1_33' title="bbox 418 3555 1364 3623; baseline 0.002 -20"><span class='ocrx_word' id='word_1_223' title='bbox 418 3555 468 3606; x_wconf 82' lang='lat'><strong>3.</strong></span> <span class='ocrx_word' id='word_1_224' title='bbox 494 3557 755 3605; x_wconf 71' lang='lat' dir='ltr'><strong>Pertinere.</strong></span> <span class='ocrx_word' id='word_1_225' title='bbox 777 3558 992 3607; x_wconf 78' lang='lat' dir='ltr'><strong>Subaud.</strong></span> <span class='ocrx_word' id='word_1_226' title='bbox 1011 3570 1064 3605; x_wconf 80' lang='lat' dir='ltr'><strong>ue</strong></span> <span class='ocrx_word' id='word_1_227' title='bbox 1079 3574 1170 3606; x_wconf 82' lang='lat' dir='ltr'><strong>vos</strong></span> <span class='ocrx_word' id='word_1_228' title='bbox 1188 3573 1364 3623; x_wconf 70' lang='lat' dir='ltr'><strong>cogno·</strong></span> 
     </span>
     <span class='ocr_line' id='line_1_34' title="bbox 342 3635 508 3684; baseline 0.018 -3"><span class='ocrx_word' id='word_1_229' title='bbox 342 3635 508 3684; x_wconf 69' lang='lat' dir='ltr'><strong>scaeis.</strong></span> 
     </span>
    </p>

    <p class='ocr_par' dir='ltr' id='par_1_10' title="bbox 343 3714 1376 4252">
     <span class='ocr_line' id='line_1_35' title="bbox 416 3714 1365 3780; baseline -0.001 -17"><span class='ocrx_word' id='word_1_230' title='bbox 416 3721 471 3769; x_wconf 70' lang='lat'><strong>4.</strong></span> <span class='ocrx_word' id='word_1_231' title='bbox 506 3714 700 3763; x_wconf 77' lang='lat' dir='ltr'><strong>Liber-ta</strong></span> <span class='ocrx_word' id='word_1_232' title='bbox 734 3714 946 3765; x_wconf 70' lang='lat' dir='ltr'><strong>Vener-is.</strong></span> <span class='ocrx_word' id='word_1_233' title='bbox 988 3716 1152 3777; x_wconf 87' lang='lat' dir='ltr'><strong>Quum</strong></span> <span class='ocrx_word' id='word_1_234' title='bbox 1191 3715 1365 3780; x_wconf 68' lang='lat' dir='ltr'><strong>praeci-</strong></span> 
     </span>
     <span class='ocr_line' id='line_1_36' title="bbox 343 3793 1367 3857; baseline 0.002 -18"><span class='ocrx_word' id='word_1_235' title='bbox 343 3808 493 3857; x_wconf 82' lang='lat' dir='ltr'><strong>puum</strong></span> <span class='ocrx_word' id='word_1_236' title='bbox 517 3794 721 3857; x_wconf 87' lang='lat' dir='ltr'><strong>aliquod</strong></span> <span class='ocrx_word' id='word_1_237' title='bbox 748 3811 931 3842; x_wconf 87' lang='lat' dir='ltr'><strong>numen</strong></span> <span class='ocrx_word' id='word_1_238' title='bbox 955 3793 1129 3842; x_wconf 84' lang='lat' dir='ltr'><strong>civitas</strong></span> <span class='ocrx_word' id='word_1_239' title='bbox 1164 3810 1367 3857; x_wconf 75' lang='lat' dir='ltr'><strong>quaeque</strong></span> 
     </span>
     <span class='ocr_line' id='line_1_37' title="bbox 343 3871 1368 3938; baseline 0.001 -20"><span class='ocrx_word' id='word_1_240' title='bbox 343 3871 525 3920; x_wconf 84' lang='lat' dir='ltr'><strong>coleret</strong></span> <span class='ocrx_word' id='word_1_241' title='bbox 541 3906 558 3931; x_wconf 88' lang='lat'><strong>,</strong></span> <span class='ocrx_word' id='word_1_242' title='bbox 581 3873 731 3921; x_wconf 77' lang='lat' dir='ltr'><strong>Siculi</strong></span> <span class='ocrx_word' id='word_1_243' title='bbox 749 3872 1043 3938; x_wconf 76' lang='lat' dir='ltr'><strong>peculiarem</strong></span> <span class='ocrx_word' id='word_1_244' title='bbox 1067 3873 1253 3920; x_wconf 88' lang='lat' dir='ltr'><strong>cultum</strong></span> <span class='ocrx_word' id='word_1_245' title='bbox 1272 3876 1368 3919; x_wconf 82' lang='lat' dir='ltr'><strong>Ve-</strong></span> 
     </span>
     <span class='ocr_line' id='line_1_38' title="bbox 344 3940 1367 4015; baseline 0.001 -17"><span class='ocrx_word' id='word_1_246' title='bbox 344 3952 448 3998; x_wconf 88' lang='lat' dir='ltr'><strong>neri</strong></span> <span class='ocrx_word' id='word_1_247' title='bbox 476 3952 780 4014; x_wconf 82' lang='lat' dir='ltr'><strong>tribuebant,</strong></span> <span class='ocrx_word' id='word_1_248' title='bbox 823 3954 961 4012; x_wconf 82' lang='lat' dir='ltr'><strong>cujus</strong></span> <span class='ocrx_word' id='word_1_249' title='bbox 989 3940 1367 4015; x_wconf 82' lang='lat' dir='ltr'><strong>pulcherrimum</strong></span> 
     </span>
     <span class='ocr_line' id='line_1_39' title="bbox 344 4030 1370 4095; baseline 0.002 -19"><span class='ocrx_word' id='word_1_250' title='bbox 344 4030 580 4094; x_wconf 82' lang='lat' dir='ltr'><strong>templum</strong></span> <span class='ocrx_word' id='word_1_251' title='bbox 624 4032 674 4077; x_wconf 92' lang='lat' dir='ltr'><strong>in</strong></span> <span class='ocrx_word' id='word_1_252' title='bbox 720 4030 920 4095; x_wconf 78' lang='lat' dir='ltr'><strong>Erycini</strong></span> <span class='ocrx_word' id='word_1_253' title='bbox 972 4030 1152 4078; x_wconf 84' lang='lat' dir='ltr'><strong>montis</strong></span> <span class='ocrx_word' id='word_1_254' title='bbox 1192 4031 1370 4078; x_wconf 79' lang='lat' dir='ltr'><strong>vertice</strong></span> 
     </span>
     <span class='ocr_line' id='line_1_40' title="bbox 345 4108 1368 4175; baseline 0.001 -20"><span class='ocrx_word' id='word_1_255' title='bbox 345 4109 498 4158; x_wconf 83' lang='lat' dir='ltr'><strong>totius</strong></span> <span class='ocrx_word' id='word_1_256' title='bbox 520 4110 789 4175; x_wconf 70' lang='lat' dir='ltr'><strong>provinciae</strong></span> <span class='ocrx_word' id='word_1_257' title='bbox 815 4109 1084 4171; x_wconf 80' lang='lat' dir='ltr'><strong>frequentia</strong></span> <span class='ocrx_word' id='word_1_258' title='bbox 1106 4108 1368 4157; x_wconf 77' lang='lat' dir='ltr'><strong>colebatur.</strong></span> 
     </span>
     <span class='ocr_line' id='line_1_41' title="bbox 345 4188 1376 4252; baseline 0.001 -18"><span class='ocrx_word' id='word_1_259' title='bbox 345 4189 502 4237; x_wconf 71' lang='lat' dir='ltr'><strong>Porro</strong></span> <span class='ocrx_word' id='word_1_260' title='bbox 541 4190 636 4237; x_wconf 85' lang='lat' dir='ltr'><strong>diis</strong></span> <span class='ocrx_word' id='word_1_261' title='bbox 675 4188 816 4237; x_wconf 85' lang='lat' dir='ltr'><strong>multi</strong></span> <span class='ocrx_word' id='word_1_262' title='bbox 852 4204 906 4235; x_wconf 90' lang='lat' dir='ltr'><strong>se</strong></span> <span class='ocrx_word' id='word_1_263' title='bbox 942 4204 1156 4252; x_wconf 83' lang='lat' dir='ltr'><strong>suosque</strong></span> <span class='ocrx_word' id='word_1_264' title='bbox 1196 4188 1376 4236; x_wconf 83' lang='lat' dir='ltr'><strong>liberos</strong></span> 
     </span>
    </p>
   </div>
   <div class='ocr_carea' id='block_1_6' title="bbox 1453 2843 2493 4253">
    <p class='ocr_par' dir='ltr' id='par_1_11' title="bbox 1453 2843 2493 4253">
     <span class='ocr_line' id='line_1_42' title="bbox 1455 2843 2476 2910; baseline -0.002 -17"><span class='ocrx_word' id='word_1_265' title='bbox 1455 2848 1599 2894; x_wconf 81' lang='lat' dir='ltr'><strong>minis</strong></span> <span class='ocrx_word' id='word_1_266' title='bbox 1634 2856 1960 2910; x_wconf 86' lang='lat' dir='ltr'><strong>cognomento</strong></span> <span class='ocrx_word' id='word_1_267' title='bbox 2001 2843 2312 2903; x_wconf 82' lang='lat' dir='ltr'><strong>dicebantur;</strong></span> <span class='ocrx_word' id='word_1_268' title='bbox 2360 2854 2416 2892; x_wconf 89' lang='lat' dir='ltr'><strong>ut</strong></span> <span class='ocrx_word' id='word_1_269' title='bbox 2449 2861 2476 2892; x_wconf 86' lang='lat' dir='ltr'><strong>a</strong></span> 
     </span>
     <span class='ocr_line' id='line_1_43' title="bbox 1454 2923 2478 2986; baseline -0.002 -13"><span class='ocrx_word' id='word_1_270' title='bbox 1454 2928 1644 2973; x_wconf 78' lang='lat' dir='ltr'><strong>Venere</strong></span> <span class='ocrx_word' id='word_1_271' title='bbox 1676 2926 1910 2980; x_wconf 78' lang='lat' dir='ltr'><strong>Venere1&#39;‚·</strong></span> <span class='ocrx_word' id='word_1_272' title='bbox 1947 2936 1997 2972; x_wconf 90' lang='lat' dir='ltr'><strong>et</strong></span> <span class='ocrx_word' id='word_1_273' title='bbox 2025 2925 2078 2971; x_wconf 87' lang='lat' dir='ltr'><strong>in</strong></span> <span class='ocrx_word' id='word_1_274' title='bbox 2106 2923 2241 2971; x_wconf 84' lang='lat' dir='ltr'><strong>Italia</strong></span> <span class='ocrx_word' id='word_1_275' title='bbox 2258 2961 2275 2986; x_wconf 87' lang='lat'><strong>,</strong></span> <span class='ocrx_word' id='word_1_276' title='bbox 2303 2924 2478 2972; x_wconf 74' lang='lat' dir='ltr'><strong>Martis</strong></span> 
     </span>
     <span class='ocr_line' id='line_1_44' title="bbox 1453 3003 2483 3068; baseline -0.003 -16"><span class='ocrx_word' id='word_1_277' title='bbox 1453 3015 1589 3053; x_wconf 84' lang='lat' dir='ltr'><strong>erant</strong></span> <span class='ocrx_word' id='word_1_278' title='bbox 1616 3003 1802 3068; x_wconf 84' lang='lat' dir='ltr'><strong>publici</strong></span> <span class='ocrx_word' id='word_1_279' title='bbox 1825 3003 2023 3067; x_wconf 84' lang='lat' dir='ltr'><strong>quidam</strong></span> <span class='ocrx_word' id='word_1_280' title='bbox 2043 3004 2248 3050; x_wconf 86' lang='lat' dir='ltr'><strong>ministri</strong></span> <span class='ocrx_word' id='word_1_281' title='bbox 2263 3039 2279 3065; x_wconf 87' lang='lat'><strong>,</strong></span> <span class='ocrx_word' id='word_1_282' title='bbox 2308 3003 2483 3051; x_wconf 79' lang='lat' dir='ltr'><strong>Larini</strong></span> 
     </span>
     <span class='ocr_line' id='line_1_45' title="bbox 1455 3081 2477 3148; baseline -0.003 -16"><span class='ocrx_word' id='word_1_283' title='bbox 1455 3083 1711 3132; x_wconf 75' lang='lat' dir='ltr'><strong>Martiales</strong></span> <span class='ocrx_word' id='word_1_284' title='bbox 1740 3082 1956 3131; x_wconf 86' lang='lat' dir='ltr'><strong>nomine.</strong></span> <span class='ocrx_word' id='word_1_285' title='bbox 1993 3081 2112 3129; x_wconf 81' lang='lat' dir='ltr'><strong>Vid.</strong></span> <span class='ocrx_word' id='word_1_286' title='bbox 2155 3097 2249 3148; x_wconf 83' lang='lat' dir='ltr'><strong>pro</strong></span> <span class='ocrx_word' id='word_1_287' title='bbox 2285 3082 2477 3131; x_wconf 85' lang='lat' dir='ltr'><strong>Cluent.</strong></span> 
     </span>
     <span class='ocr_line' id='line_1_46' title="bbox 1461 3159 2479 3219; baseline -0.002 -8"><span class='ocrx_word' id='word_1_288' title='bbox 1461 3166 1540 3211; x_wconf 81' lang='lat'><strong>15.</strong></span> <span class='ocrx_word' id='word_1_289' title='bbox 1569 3165 1641 3209; x_wconf 85' lang='lat' dir='ltr'><strong>Ita</strong></span> <span class='ocrx_word' id='word_1_290' title='bbox 1680 3177 1782 3208; x_wconf 90' lang='lat' dir='ltr'><strong>non</strong></span> <span class='ocrx_word' id='word_1_291' title='bbox 1821 3171 1958 3209; x_wconf 88' lang='lat' dir='ltr'><strong>erant</strong></span> <span class='ocrx_word' id='word_1_292' title='bbox 1995 3162 2121 3208; x_wconf 83' lang='lat' dir='ltr'><strong>servi</strong></span> <span class='ocrx_word' id='word_1_293' title='bbox 2158 3159 2479 3219; x_wconf 78' lang='lat' dir='ltr'><strong>conditione,</strong></span> 
     </span>
     <span class='ocr_line' id='line_1_47' title="bbox 1456 3237 2479 3303; baseline -0.003 -14"><span class='ocrx_word' id='word_1_294' title='bbox 1456 3241 1541 3289; x_wconf 86' lang='lat' dir='ltr'><strong>sed</strong></span> <span class='ocrx_word' id='word_1_295' title='bbox 1580 3241 1723 3289; x_wconf 79' lang='lat' dir='ltr'><strong>liberi</strong></span> <span class='ocrx_word' id='word_1_296' title='bbox 1758 3240 2010 3296; x_wconf 85' lang='lat' dir='ltr'><strong>homines,</strong></span> <span class='ocrx_word' id='word_1_297' title='bbox 2047 3241 2131 3303; x_wconf 88' lang='lat' dir='ltr'><strong>qui</strong></span> <span class='ocrx_word' id='word_1_298' title='bbox 2171 3249 2258 3287; x_wconf 83' lang='lat' dir='ltr'><strong>aut</strong></span> <span class='ocrx_word' id='word_1_299' title='bbox 2296 3237 2389 3302; x_wconf 82' lang='lat' dir='ltr'><strong>ipsi</strong></span> <span class='ocrx_word' id='word_1_300' title='bbox 2429 3256 2479 3286; x_wconf 90' lang='lat' dir='ltr'><strong>se</strong></span> 
     </span>
     <span class='ocr_line' id='line_1_48' title="bbox 1456 3317 2483 3384; baseline -0.001 -17"><span class='ocrx_word' id='word_1_301' title='bbox 1456 3337 1636 3384; x_wconf 86' lang='lat' dir='ltr'><strong>suaque</strong></span> <span class='ocrx_word' id='word_1_302' title='bbox 1663 3320 1885 3368; x_wconf 82' lang='lat' dir='ltr'><strong>servituti</strong></span> <span class='ocrx_word' id='word_1_303' title='bbox 1899 3318 2106 3379; x_wconf 85' lang='lat' dir='ltr'><strong>alicujus</strong></span> <span class='ocrx_word' id='word_1_304' title='bbox 2120 3319 2331 3365; x_wconf 86' lang='lat' dir='ltr'><strong>numinis</strong></span> <span class='ocrx_word' id='word_1_305' title='bbox 2348 3317 2483 3366; x_wconf 84' lang='lat' dir='ltr'><strong>addi·</strong></span> 
     </span>
     <span class='ocr_line' id='line_1_49' title="bbox 1455 3394 2478 3462; baseline -0.004 -15"><span class='ocrx_word' id='word_1_306' title='bbox 1455 3411 1647 3456; x_wconf 81' lang='lat' dir='ltr'><strong>xerant,</strong></span> <span class='ocrx_word' id='word_1_307' title='bbox 1663 3398 1910 3462; x_wconf 77' lang='lat' dir='ltr'><strong>religionis</strong></span> <span class='ocrx_word' id='word_1_308' title='bbox 1931 3412 2091 3456; x_wconf 87' lang='lat' dir='ltr'><strong>causa,</strong></span> <span class='ocrx_word' id='word_1_309' title='bbox 2116 3407 2199 3443; x_wconf 88' lang='lat' dir='ltr'><strong>aut</strong></span> <span class='ocrx_word' id='word_1_310' title='bbox 2225 3394 2350 3443; x_wconf 84' lang='lat' dir='ltr'><strong>hanc</strong></span> <span class='ocrx_word' id='word_1_311' title='bbox 2379 3413 2478 3445; x_wconf 88' lang='lat' dir='ltr'><strong>ser·</strong></span> 
     </span>
     <span class='ocr_line' id='line_1_50' title="bbox 1458 3478 2478 3542; baseline 0.001 -18"><span class='ocrx_word' id='word_1_312' title='bbox 1458 3478 1658 3525; x_wconf 82' lang='lat' dir='ltr'><strong>vitutem</strong></span> <span class='ocrx_word' id='word_1_313' title='bbox 1673 3494 1698 3525; x_wconf 86' lang='lat' dir='ltr'><strong>a</strong></span> <span class='ocrx_word' id='word_1_314' title='bbox 1712 3478 1993 3542; x_wconf 80' lang='lat' dir='ltr'><strong>parentibus</strong></span> <span class='ocrx_word' id='word_1_315' title='bbox 2005 3486 2311 3541; x_wconf 82' lang='lat' dir='ltr'><strong>acceperant,</strong></span> <span class='ocrx_word' id='word_1_316' title='bbox 2320 3487 2405 3525; x_wconf 85' lang='lat' dir='ltr'><strong>ant</strong></span> <span class='ocrx_word' id='word_1_317' title='bbox 2417 3478 2478 3525; x_wconf 90' lang='lat' dir='ltr'><strong>ab</strong></span> 
     </span>
     <span class='ocr_line' id='line_1_51' title="bbox 1455 3555 2482 3620; baseline -0.002 -17"><span class='ocrx_word' id='word_1_318' title='bbox 1455 3558 1513 3604; x_wconf 86' lang='lat' dir='ltr'><strong>iis</strong></span> <span class='ocrx_word' id='word_1_319' title='bbox 1541 3573 1752 3620; x_wconf 83' lang='lat' dir='ltr'><strong>quornm</strong></span> <span class='ocrx_word' id='word_1_320' title='bbox 1780 3558 1971 3605; x_wconf 75' lang='lat' dir='ltr'><strong>fuerant</strong></span> <span class='ocrx_word' id='word_1_321' title='bbox 2003 3555 2221 3603; x_wconf 87' lang='lat' dir='ltr'><strong>heredes.</strong></span> <span class='ocrx_word' id='word_1_322' title='bbox 2242 3555 2308 3602; x_wconf 84' lang='lat' dir='ltr'><strong>Hi</strong></span> <span class='ocrx_word' id='word_1_323' title='bbox 2327 3570 2482 3618; x_wconf 88' lang='lat' dir='ltr'><strong>quum</strong></span> 
     </span>
     <span class='ocr_line' id='line_1_52' title="bbox 1455 3634 2478 3707; baseline -0.004 -23"><span class='ocrx_word' id='word_1_324' title='bbox 1455 3647 1701 3701; x_wconf 85' lang='lat' dir='ltr'><strong>sumptum</strong></span> <span class='ocrx_word' id='word_1_325' title='bbox 1756 3645 2036 3707; x_wconf 69' lang='lat' dir='ltr'><strong>praestarent</strong></span> <span class='ocrx_word' id='word_1_326' title='bbox 2097 3634 2160 3682; x_wconf 84' lang='lat' dir='ltr'><strong>ad</strong></span> <span class='ocrx_word' id='word_1_327' title='bbox 2232 3650 2478 3682; x_wconf 85' lang='lat' dir='ltr'><strong>sacrorum</strong></span> 
     </span>
     <span class='ocr_line' id='line_1_53' title="bbox 1453 3713 2480 3775; baseline -0.006 -11"><span class='ocrx_word' id='word_1_328' title='bbox 1453 3717 1770 3775; x_wconf 79' lang='lat' dir='ltr'><strong>functionem,</strong></span> <span class='ocrx_word' id='word_1_329' title='bbox 1781 3731 1882 3763; x_wconf 91' lang='lat' dir='ltr'><strong>non</strong></span> <span class='ocrx_word' id='word_1_330' title='bbox 1896 3715 2002 3763; x_wconf 78' lang='lat' dir='ltr'><strong>leve</strong></span> <span class='ocrx_word' id='word_1_331' title='bbox 2019 3713 2322 3763; x_wconf 82' lang='lat' dir='ltr'><strong>sustinebant</strong></span> <span class='ocrx_word' id='word_1_332' title='bbox 2336 3728 2480 3760; x_wconf 82' lang='lat' dir='ltr'><strong>onus.</strong></span> 
     </span>
     <span class='ocr_line' id='line_1_54' title="bbox 1454 3792 2479 3860; baseline -0.006 -17"><span class='ocrx_word' id='word_1_333' title='bbox 1454 3794 1604 3859; x_wconf 89' lang='lat' dir='ltr'><strong>Quod</strong></span> <span class='ocrx_word' id='word_1_334' title='bbox 1635 3811 1787 3860; x_wconf 88' lang='lat' dir='ltr'><strong>quum</strong></span> <span class='ocrx_word' id='word_1_335' title='bbox 1812 3794 2017 3858; x_wconf 86' lang='lat' dir='ltr'><strong>pecunla</strong></span> <span class='ocrx_word' id='word_1_336' title='bbox 2045 3793 2385 3851; x_wconf 80' lang='lat' dir='ltr'><strong>redemissent,</strong></span> <span class='ocrx_word' id='word_1_337' title='bbox 2411 3792 2479 3838; x_wconf 87' lang='lat' dir='ltr'><strong>di-</strong></span> 
     </span>
     <span class='ocr_line' id='line_1_55' title="bbox 1456 3871 2485 3928; baseline -0.004 -7"><span class='ocrx_word' id='word_1_338' title='bbox 1456 3874 1691 3922; x_wconf 81' lang='lat' dir='ltr'><strong>cebantur</strong></span> <span class='ocrx_word' id='word_1_339' title='bbox 1728 3872 1891 3921; x_wconf 69' lang='lat' dir='ltr'><strong>liberta·</strong></span> <span class='ocrx_word' id='word_1_340' title='bbox 1918 3885 1967 3922; x_wconf 85' lang='lat' dir='ltr'><strong>et</strong></span> <span class='ocrx_word' id='word_1_341' title='bbox 2000 3873 2182 3921; x_wconf 73' lang='lat' dir='ltr'><strong>Iiberta·</strong></span> <span class='ocrx_word' id='word_1_342' title='bbox 2208 3872 2339 3920; x_wconf 87' lang='lat' dir='ltr'><strong>illins</strong></span> <span class='ocrx_word' id='word_1_343' title='bbox 2369 3871 2446 3918; x_wconf 88' lang='lat' dir='ltr'><strong>dei</strong></span> <span class='ocrx_word' id='word_1_344' title='bbox 2470 3905 2485 3928; x_wconf 90' lang='lat'><strong>,</strong></span> 
     </span>
     <span class='ocr_line' id='line_1_56' title="bbox 1457 3950 2483 4015; baseline -0.008 -13"><span class='ocrx_word' id='word_1_345' title='bbox 1457 3956 1596 4015; x_wconf 84' lang='lat' dir='ltr'><strong>cnjus</strong></span> <span class='ocrx_word' id='word_1_346' title='bbox 1626 3954 1819 4001; x_wconf 72' lang='lat' dir='ltr'><strong>fuerant</strong></span> <span class='ocrx_word' id='word_1_347' title='bbox 1843 3953 1985 4004; x_wconf 82' lang='lat' dir='ltr'><strong>servi.</strong></span> <span class='ocrx_word' id='word_1_348' title='bbox 2018 3953 2098 4000; x_wconf 80' lang='lat' dir='ltr'><strong>Sic</strong></span> <span class='ocrx_word' id='word_1_349' title='bbox 2126 3953 2176 3998; x_wconf 87' lang='lat' dir='ltr'><strong>in</strong></span> <span class='ocrx_word' id='word_1_350' title='bbox 2202 3950 2483 4013; x_wconf 86' lang='lat' dir='ltr'><strong>inscriptio·</strong></span> 
     </span>
     <span class='ocr_line' id='line_1_57' title="bbox 1459 4026 2480 4089; baseline -0.005 -9"><span class='ocrx_word' id='word_1_351' title='bbox 1459 4034 1602 4081; x_wconf 85' lang='lat' dir='ltr'><strong>nibus</strong></span> <span class='ocrx_word' id='word_1_352' title='bbox 1626 4042 2031 4081; x_wconf 84' lang='lat' dir='ltr'><strong>commemoratur</strong></span> <span class='ocrx_word' id='word_1_353' title='bbox 2060 4031 2302 4079; x_wconf 79' lang='lat' dir='ltr'><strong>«libertus</strong></span> <span class='ocrx_word' id='word_1_354' title='bbox 2329 4026 2480 4089; x_wconf 74' lang='lat' dir='ltr'><strong>virgi·</strong></span> 
     </span>
     <span class='ocr_line' id='line_1_58' title="bbox 1461 4106 2486 4163; baseline -0.007 -5"><span class='ocrx_word' id='word_1_355' title='bbox 1461 4129 1578 4158; x_wconf 87' lang='lat' dir='ltr'><strong>num</strong></span> <span class='ocrx_word' id='word_1_356' title='bbox 1600 4111 1867 4159; x_wconf 81' lang='lat' dir='ltr'><strong>Vestalium</strong></span> <span class='ocrx_word' id='word_1_357' title='bbox 1893 4114 1954 4160; x_wconf 90' lang='lat' dir='ltr'><strong>C.</strong></span> <span class='ocrx_word' id='word_1_358' title='bbox 1984 4111 2271 4163; x_wconf 78' lang='lat' dir='ltr'><strong>Sextilius-‚</strong></span> <span class='ocrx_word' id='word_1_359' title='bbox 2297 4118 2344 4155; x_wconf 85' lang='lat' dir='ltr'><strong>et</strong></span> <span class='ocrx_word' id='word_1_360' title='bbox 2383 4128 2404 4146; x_wconf 83' lang='lat'><strong>..</strong></span> <span class='ocrx_word' id='word_1_361' title='bbox 2427 4106 2486 4152; x_wconf 87' lang='lat' dir='ltr'><strong>li·</strong></span> 
     </span>
     <span class='ocr_line' id='line_1_59' title="bbox 1463 4189 2493 4253; baseline -0.006 -17"><span class='ocrx_word' id='word_1_362' title='bbox 1463 4190 1630 4237; x_wconf 84' lang='lat' dir='ltr'><strong>bertus</strong></span> <span class='ocrx_word' id='word_1_363' title='bbox 1681 4191 1894 4236; x_wconf 83' lang='lat' dir='ltr'><strong>numinis</strong></span> <span class='ocrx_word' id='word_1_364' title='bbox 1938 4189 2199 4253; x_wconf 78' lang='lat' dir='ltr'><strong>AEsculapii</strong></span> <span class='ocrx_word' id='word_1_365' title='bbox 2249 4190 2493 4239; x_wconf 66' lang='lat' dir='ltr'><strong>Hermes,</strong></span> 
     </span>
    </p>
   </div>
  </div>
 </body>
</html>
