3044 4788
667 370 809 467 298
1296 373 1391 439 M.
1444 373 1521 438 Τ.
1577 372 2165 443 CICERONIS

658 508 736 565 et·
766 490 1218 591 diligentiam
1260 518 1276 561 :
1333 491 1540 589 quod
1574 515 1694 564 me
1735 516 1887 563 non
1928 490 2205 565 fefellit.
2267 494 2449 565 Nam
2486 500 2816 567 comitiis

657 609 839 676 meis
858 598 915 690 ⁸,
952 628 1184 700 quum
1223 605 1356 673 iste
1393 599 1680 673 infinita
1709 602 2093 698 largitione
2130 616 2384 674 contra
2417 627 2536 673 me
2568 619 2814 676 utere·

658 728 804 801 tur,
826 712 1146 811 populus
1165 735 1507 782 romanus
1531 711 1878 807 judicavit
1898 767 1919 803 ,
1952 716 2159 784 istius
2187 715 2567 809 pecuniam
2588 769 2609 800 ,
2643 740 2812 813 quae

656 822 854 921 apud
885 846 1004 893 me
1036 835 1291 893 contra
1318 820 1540 893 fidem
1575 845 1811 893 meam
1849 822 2032 893 nihil
2060 825 2455 921 potuisset,
2492 823 2696 920 apud
2729 850 2813 896 se

659 946 914 1005 contra
945 932 1302 1003 honorem
1332 956 1579 1004 meum
1616 931 1800 1003 nihil
1852 957 2061 1029 posse
2110 931 2402 1004 debere.
2446 936 2613 1024 Quo
2645 938 2815 1032 qui·

661 1041 830 1114 dem
867 1040 987 1114 die
1021 1044 1377 1140 primum,
1406 1040 1728 1136 judiceS,
1780 1044 1974 1113 citati
2014 1046 2088 1112 in
2138 1041 2340 1114 hunc
2380 1067 2591 1113 reum
2623 1067 2810 1113 con-

664 1151 988 1240 sedistis»,
1026 1155 1192 1249 quis
1232 1166 1378 1224 tam
1409 1155 1744 1223 inimicus
1780 1152 1950 1224 huic
1979 1151 2221 1223 ordini
2249 1149 2427 1240 fuit,
2452 1157 2619 1249 quis
2656 1168 2809 1223 tam

668 1286 1029 1332 novarum
1064 1287 1348 1352 rerum,
1388 1262 1836 1358 judiciorum
1858 1273 1914 1347 9,
1948 1262 2427 1359 judicumque
2451 1262 2813 1359 cupidus,

667 1374 797 1468 qui
819 1394 966 1443 non
987 1387 1387 1470 conspectu
1411 1396 1902 1470 consessuque
1920 1387 2162 1444 vestro
2185 1374 2816 1444 commoveretur?

666 1485 916 1573 Quum
948 1485 1027 1553 in
1064 1508 1153 1555 eo
1183 1496 1421 1555 vestra
1449 1482 1626 1553 mihi
1656 1481 1967 1580 dignitas
1995 1481 2322 1556 fructum
2347 1483 2815 1579 diligentiae¹⁰

665 1590 1004 1681 referret3
1048 1593 1124 1664 id
1166 1619 1329 1664 sum
1366 1607 1838 1691 assequutus,
1873 1609 1958 1666 ut
1988 1619 2136 1665 una
2168 1593 2383 1680 hora,
2420 1619 2568 1692 qua
2617 1598 2810 1691 coepi

665 1701 948 1792 dicere,
1009 1729 1138 1776 reo
1188 1703 1439 1774 audaci
1462 1714 1553 1790 ¹¹,
1599 1706 2030 1801 pecunioSO,
2093 1700 2431 1800 profuso,
2486 1702 2814 1800 perdito,

668 1838 874 1913 spem
895 1813 1150 1909 judicii
1184 1811 1703 1910 corrumpendi
1733 1813 2235 1913 praecidet-eun
2264 1827 2349 1885 ut
2383 1816 2629 1911 primo
2658 1813 2814 1900 die,

668 1927 969 1996 testium
1003 1936 1207 1995 tanto
1243 1948 1555 1994 numero
1592 1928 1847 2012 citato,
1883 1926 2204 2023 populus
2238 1948 2587 1995 romanus
2609 1924 2814 2020 judi·

670 2051 865 2107 caret
887 2090 907 2123 ,
946 2039 1105 2132 ipso
1141 2034 1477 2108 absoluto
1516 2035 2046 2134 rempublicam
2083 2051 2270 2106 stare
2310 2060 2459 2106 non
2485 2059 2702 2133 posse
2727 2046 2815 2118 ¹²;

671 2158 756 2214 ut
787 2143 968 2215 alter
996 2143 1155 2215 dies·
1193 2149 1441 2217 amicis
1476 2149 1684 2218 istius
1726 2168 1808 2217 ac
1848 2144 2359 2217 defensoribus
2396 2170 2549 2216 non
2585 2144 2816 2215 modo

656 2246 880 2349 'spem
913 2256 1226 2326 victoriae
1246 2308 1267 2343 ,
1301 2255 1429 2327 sed
1464 2259 1680 2351 etiam
1718 2256 2171 2327 voluntatem
2204 2253 2654 2327 defensionis
2687 2279 2816 2325 au-

672 2360 927 2453 ferret3
968 2378 1053 2437 ut
1088 2367 1343 2437 tertius
1378 2365 1534 2440 dies
1565 2369 1667 2440 sic
1710 2366 2083 2439 hominem
2128 2381 2653 2465 prosterneret,
2693 2382 2813 2454 ut,

674 2473 935 2546 morbo
960 2475 1298 2548 simulato
1318 2531 1338 2566 ,
1369 2503 1520 2549 non
1539 2532 1561 2568 ,
1586 2477 1767 2575 quid
1792 2478 2298 2576 responderet,
2337 2477 2465 2550 sed
2487 2532 2507 2564 ,
2543 2501 2809 2575 quem-

668 2583 1065 2657 admodum
1113 2611 1267 2659 non
1317 2588 1833 2687 responderet,
1868 2588 2350 2660 deliberaret:
2386 2588 2655 2660 deinde
2695 2613 2812 2660 re·

671 2695 891 2793 liquis
926 2694 1292 2787 diebu513,
1320 2697 1435 2770 his
1466 2697 1933 2785 criminibus,
1961 2697 2074 2769 his
2107 2697 2451 2785 testibus),
2488 2711 2563 2769 et
2598 2697 2814 2769 urba-

674 2808 826 2891 nis,
886 2820 960 2876 et
1009 2807 1576 2904 provincialibus
1617 2811 1724 2880 sic
1772 2806 2086 2879 obrutus
2144 2823 2366 2906 atque
2418 2832 2814 2906 oppressus

671 2928 817 3000 est,
844 2930 927 2986 ut
948 2915 1059 2986 his
1086 2917 1430 2990 ludorum
1459 2917 1720 2991 diebus
1739 2926 1801 2971 ¹⁴
1838 2920 2312 3016 interpositiS,
2346 2942 2565 2988 nemo
2589 2922 2811 2991 istum

675 3028 1438 3122 comperendinatum,
1474 3026 1601 3100 sed
1640 3027 2205 3099 condemnatum
2236 3026 2615 3122 judicaret.

776 3140 967 3207 VIII.
1008 3140 1477 3240 Quapropter
1502 3164 1673 3237 ego,
1704 3139 1904 3236 quod
1932 3138 2023 3210 ad
2042 3162 2160 3209 me
2182 3141 2478 3226 attinet,
2491 3137 2776 3235 judices
2793 3191 2814 3225 ,

677 3380 766 3446 qui
786 3397 890 3431 non
918 3393 1105 3432 norunt
1122 3417 1138 3443 ,
1158 3383 1337 3448 sapius
1361 3392 1418 3431 ut
1436 3381 1487 3433 h.
1503 3382 1541 3431 1.
1565 3400 1700 3433 um·-
1862 3399 1947 3433 ια.
1977 3385 2121 3431 Stare
2145 3398 2245 3430 non
2266 3398 2429 3447 posse.
2450 3381 2604 3443 Quod
2628 3381 2719 3445 qui
2737 3382 2815 3429 in-

676 3470 837 3524 patur.
1029 3470 1033 3476 “
1349 3505 1355 3510 .
1785 3462 2030 3527 tegent-imi
2050 3461 2244 3523 judices
2271 3462 2593 3523 haberentur,
2631 3461 2672 3509 ii
2705 3475 2817 3508 σοι·-

751 3540 800 3588 8.
819 3541 959 3591 Meae's.
986 3543 1180 3605 Quibus
1203 3558 1307 3590 men
1331 3555 1406 3588 res
1431 3556 1521 3589 eeu
1544 3539 1701 3590 aedili·
1786 3542 2065 3606 ruptissime
2079 3541 2372 3603 indicerent.

680 3627 755 3666 tas
776 3619 1263 3682 ngebatur.v1d.act.
1285 3624 1338 3681 1,
1366 3638 1415 3684 9.
1865 3622 1945 3669 13.
1974 3620 2190 3685 Reliquis
2216 3620 2401 3668 diebus.
2419 3621 2546 3677 Se23
2571 3631 2685 3665 nam
2714 3616 2817 3665 die-

749 3711 800 3759 9.
824 3699 1148 3749 ludia-iorum.
1171 3699 1387 3749 Subaud.
1403 3716 1652 3751 aovorum.
1787 3699 1882 3748 bns
1918 3716 2100 3748 novem
2144 3700 2348 3763 primam
2382 3698 2629 3747 actionem
2660 3706 2818 3744 tune·-

756 3791 839 3825 1o.
884 3777 1182 3843 Diligentius.
1220 3782 1380 3842 Quam
1418 3780 1607 3829 scilicet
1645 3781 1701 3828 in
1785 3791 1942 3829 actam
1966 3793 2068 3828 esse
2091 3778 2321 3828 ostendit.

677 3854 954 3917 rejiciendis
970 3857 1218 3918 jndicibus
1241 3857 1572 3907 adhibueram.
1865 3868 1947 3916 ¹4-
1991 3858 2080 3906 His
2118 3857 2345 3906 ludorum
2384 3854 2567 3903 diebus.
2600 3855 2692 3902 Per
2724 3852 2821 3901 hoe

754 3951 835 3983 u.
856 3936 1070 3985 Audaci.
1101 3937 1183 3986 Ad
1201 3938 1701 4002 commpmdm—
1787 3940 1914 3999 dies,
1942 3938 2029 4002 qui
2055 3954 2211 4004 prope
2238 3935 2555 4000 quadraginta
2593 3919 2823 3996 inim'1²⁰‘

679 4015 901 4065 Perdice.
930 4016 1030 4079 Qui
1055 4017 1204 4066 nullis
1227 4016 1520 4076 rationibus,
1548 4016 1699 4066 modo
1786 4018 1870 4067 niti
1892 4029 2034 4079 sunt,
2058 4017 2294 4068 ludorum
2313 4013 2619 4066 commvnia
2639 4014 2756 4062 Aet.
2773 4013 2819 4068 Ι,

678 4095 743 4146 ed
762 4094 911 4145 finem
928 4096 1229 4161 perveniret,
1250 4096 1496 4162 parcebat.
1788 4112 1900 4160 etp.
1924 4113 2004 4146 xo.
