3044 4788
762 423 1219 491 NICOLAI
1273 424 1958 495 DESJARDINS
2185 430 2416 524 xxxvij

307 543 497 614 tem?
552 545 657 614 Sit
699 566 949 614 cursus
997 545 1068 612 in
1126 545 1450 615 oratione
1488 547 1882 635 incitatior,
1927 548 2048 619 sed
2107 551 2428 623 modesta

300 668 372 721 et
416 650 790 723 moderata
845 655 938 722 sit
997 654 1366 749 ingressio.
1421 654 1685 739 Prodat
1733 679 1808 724 se
1845 660 1919 725 in
1966 663 2427 734 contentione

295 762 756 857 eloquentia,
792 762 916 832 sed
954 764 1360 834 occultetur
1402 766 1473 832 in
1517 765 1856 851 exordi03
1894 791 2030 836 nec
2059 769 2129 837 in
2157 773 2428 867 princi-

294 874 470 967 piis,
534 875 672 943 nisi
715 872 804 944 ab
852 880 1095 969 Apro,
1139 889 1212 944 et
1261 873 1350 945 ab
1416 875 1572 969 ejus
1613 877 2050 971 aequalibus,
2094 880 2424 973 jactetur.

293 982 458 1050 vid.
508 983 816 1071 Quintil.
855 987 990 1066 lv,
1040 1008 1094 1051 1.

362 1088 633 1162 =Venio
673 1115 869 1162 nunc
894 1091 985 1162 ad
1022 1095 1500 1180 narrationeS,
1541 1097 1616 1163 in
1654 1093 1921 1190 quibus
1953 1087 2209 1192 longus'
2235 1105 2430 1196 Apro

292 1199 584 1270 videtur
648 1226 799 1272 esse
873 1200 1167 1272 Tullius.
1238 1205 1601 1292 Quoniam
1667 1229 1818 1274 non
1881 1210 2095 1276 unius
2153 1213 2430 1305 generis

295 1308 597 1379 fuerunt
662 1336 932 1397 causae,
999 1335 1177 1406 quas
1222 1313 1313 1382 ad
1374 1337 1448 1383 se
1513 1313 1781 1384 delatas
1837 1319 2143 1414 recepit,
2200 1321 2274 1389 in
2330 1322 2429 1391 eis

296 1420 514 1491 fuisse
555 1420 973 1505 nonnullaS‚
1032 1446 1189 1517 quae
1227 1439 1464 1491 essent
1513 1422 1868 1515 ejusmodi
1910 1440 1990 1493 ut
2029 1425 2425 1522 longiorem

298 1532 785 1601 narrationem
837 1532 1322 1626 requirerent,
1373 1532 1751 1601 verisimile
1801 1546 1927 1602 est.
1971 1538 2108 1602 Tot
2152 1535 2425 1631 legum,

303 1654 414 1707 tot
456 1640 884 1727 edictorum,
924 1654 1029 1710 tot
1059 1643 1457 1727 rationum,
1486 1639 1726 1737 qualia
1772 1655 1939 1712 sunt
1976 1646 2052 1712 in
2084 1648 2428 1716 orationi·

300 1747 441 1819 bus
467 1775 598 1846 pro
629 1754 935 1834 Caecina,
962 1775 1099 1847 pro
1125 1750 1458 1820 Cluentio
1479 1806 1497 1838 ,
1537 1749 1724 1821 libro
1753 1752 1964 1821 tertio
1991 1756 2064 1821 in
2095 1757 2390 1826 Verrem
2413 1812 2431 1841 ,

299 1873 370 1928 et
405 1885 568 1956 qum
596 1860 1007 1957 singulatim
1047 1860 1515 1956 expendenda
1554 1875 1792 1945 erant,
1831 1862 2102 1958 prolixa
2139 1888 2430 1937 enume-

297 1970 483 2039 ratio
509 1994 661 2038 non
692 1985 970 2066 poterat
1002 1969 1320 2040 breviter
1359 1970 1701 2065 expediri.
1749 1976 1997 2068 Longa
2028 1988 2223 2059 sunt,
2259 1979 2429 2072 quia

297 2078 581 2174 singula
630 2094 800 2148 sunt
838 2078 1219 2174 diligenter
1267 2079 1710 2176 explicanda.
1766 2084 2013 2177 Longa
2056 2098 2257 2170 sunt,
2308 2101 2433 2157 aut

298 2187 676 2273 videntur,
735 2189 907 2283 quia
965 2188 1158 2258 nuda
1202 2203 1403 2275 sunt,
1461 2203 1534 2258 et
1571 2192 1810 2259 ornari
1856 2206 2136 2287 negant.
2163 2198 2429 2265 Verum

296 2299 429 2367 ista
474 2298 774 2366 minime
813 2295 1083 2367 debent
1125 2302 1202 2367 in
1239 2301 1668 2368 Ciceronem
1715 2299 2120 2370 transferri:
2149 2308 2434 2401 propria

296 2422 469 2477 sunt
506 2431 771 2488 causae,
813 2405 902 2477 de
950 2433 1096 2502 qua
1149 2408 1420 2504 pendet
1461 2411 1591 2504 qui
1636 2433 1791 2478 eam
1833 2411 2116 2506 recipit,
2156 2428 2418 2486 orator.

300 2516 425 2586 Illa
484 2520 541 2586 si
601 2520 874 2612 respuit
921 2517 1235 2587 oratoria
1279 2531 1703 2587 ornamenta
1753 2517 2068 2606 dicendi,
2125 2519 2262 2591 hoc
2320 2540 2425 2595 sat

299 2630 435 2697 erit
486 2641 853 2698 oratorem
892 2651 1049 2697 eam
1097 2624 1517 2723 explicuisse
1547 2625 1889 2697 'accurate
1947 2643 2018 2698 et
2076 2628 2423 2704 dilucide:

298 2740 372 2805 in
411 2761 567 2832 quo
608 2736 857 2805 Cicero
905 2737 1322 2831 neutiquam
1366 2760 1534 2805 sane
1588 2750 1695 2805 est
1753 2736 2416 2832 reprehendendus.

301 2852 384 2914 At
437 2844 570 2915 ubi
620 2843 835 2914 nullis
870 2846 1011 2939 jam
1075 2844 1413 2914 conclusa
1461 2842 1934 2914 formularum
1974 2848 2429 2942 captionibus

309 2958 539 3024 oratio
598 2968 838 3051 potest
890 2954 1175 3050 longius
1220 2953 1535 3048 evagari,
1597 2966 1867 3049 quanta
1916 2958 2430 3029 sententiarum

316 3062 693 3160 gravitate!
745 3078 1017 3160 quanto
1054 3062 1440 3133 verborum
1480 3060 1843 3157 pondere!
1879 3081 2150 3159 quanta
2188 3092 2426 3138 rerum

312 3179 519 3270 copia
578 3200 652 3244 se
699 3172 1001 3271 explicat
1059 3174 1131 3241 in
1168 3173 1491 3243 Verrinis
1545 3174 1922 3268 postremis
1975 3173 2292 3262 duabus3
2353 3183 2426 3249 in

312 3283 760 3354 orationibus
815 3309 950 3381 pro
1006 3283 1277 3367 Sexti0‚
1335 3306 1467 3379 pro
1518 3283 1829 3365 Milone;
1876 3283 2266 3382 Philippica
2321 3314 2456 3360 se-,

312 3392 587 3462 cunda!
624 3397 857 3484 Quem
878 3448 897 3481 ,
926 3394 1059 3462 nisi
1089 3417 1340 3463 sensus
1367 3394 1770 3462 communis
1800 3393 2009 3489 plane
2038 3411 2432 3490 expertem,

314 3500 636 3572 defixum
662 3529 809 3574 non
834 3505 930 3574 ita
960 3502 1273 3573 detineat
1297 3503 1726 3573 narrationis
1747 3505 1980 3572 nativa
1994 3504 2427 3597 jucunditas,

315 3628 396 3682 ut
428 3637 588 3682 eam
615 3614 723 3683 vel
747 3610 1150 3683 breviorem
1179 3638 1331 3683 esse
1367 3638 1518 3682 non
1552 3615 1934 3709 queratur?
1959 3617 2206 3711 Longa
2234 3611 2425 3687 enim

314 3721 737 3826 appellanda
784 3748 934 3793 non
973 3737 1078 3793 est
1118 3723 1429 3793 narratio
1469 3725 1543 3792 in
1585 3748 1728 3819 qua
1768 3749 1913 3794 non
1956 3723 2118 3821 plus
2165 3727 2428 3800 verbo-

316 3858 473 3904 rum
516 3849 627 3904 est
670 3858 889 3931 quam
922 3859 1208 3930 necesse
1243 3837 1352 3904 sit.
1402 3838 1500 3903 Ea
1539 3848 1646 3903 est
1688 3837 1994 3904 oratoria
2039 3837 2220 3906 ratio
2258 3862 2431 3909 con-

318 3958 509 4013 stans
546 3957 620 4014 et
653 3957 1004 4040 perpetua
1034 3943 1421 4016 Ciceronis
1465 3949 1647 4014 Rem
1679 3957 1916 4013 narrat
1945 3941 2182 4015 verbis
2216 3971 2433 4041 quam

319 4069 551 4149 potest
582 4052 982 4123 lectissimis
1020 4069 1091 4124 et
1119 4055 1574 4150 gravissimiS,
1614 4078 1763 4150 quo
1794 4053 2109 4148 judicem
2148 4055 2434 4126 doceat:

321 4190 517 4251 mox,
558 4179 643 4234 ut
688 4178 811 4233 aut
858 4164 1104 4234 odium
1135 4162 1541 4236 adversario
1581 4164 2034 4252 conficiatur,
2073 4180 2196 4236 aut
2220 4164 2440 4260 judex
