3044 4788
645 418 747 485 IN
798 410 1235 485 VERREM
1285 415 1502 482 AcT.
1550 414 1660 500 11,
1711 416 1905 484 Lm.
1947 417 2046 484 11.
2279 417 2422 512 4¹9

283 542 845 611 controversiam
871 538 1213 624 venisset,
1230 536 1655 633 judicioque
1679 550 2073 635 peteretur,
2091 535 2248 608 fieri
2267 562 2420 608 non

283 675 526 748 posse,
556 665 639 720 ut
677 651 833 719 sine
868 640 1105 746 praeda
1142 648 1295 744 ipse
1331 647 1755 719 discederet.
1778 646 2154 744 Approbat
2193 650 2425 719 consi-

287 759 510 830 lium:
553 771 811 830 auctor
844 770 984 845 est,
1027 772 1108 827 ut
1151 780 1371 854 quam
1413 758 1736 855 primum
1776 780 1987 853 agere
2036 758 2426 855 incipiant,

285 867 808 965 hominemque
849 866 925 937 id
960 868 1220 955 aetatiS,
1246 869 1550 939 minime
1590 866 2013 962 litigiosum,
2051 883 2425 963 quam-tu-

285 977 849 1048 multuosissime
893 974 1335 1048 adoriantur.

382 1091 534 1158 XV.
575 1086 933 1157 Scribitur
968 1085 1300 1159 Heraclio
1332 1086 1490 1158 dica
1513 1086 1580 1156 ¹.'
1605 1088 1847 1157 Primo
1882 1074 2238 1158 mirantur
2266 1113 2425 1159 om·-

288 1221 416 1269 nes
434 1195 974 1294 improbitatem
1003 1196 1412 1267 calumniae:
1437 1194 1701 1266 deinde
1726 1196 1856 1292 qui
1873 1196 2089 1266 istum
2110 1211 2434 1283 nossent,

287 1310 550 1405 partim
566 1306 1145 1404 suspicabantur,
1162 1308 1424 1404 partim
1439 1306 1656 1404 plane
1664 1304 2144 1404 videbant,adj
2153 1321 2315 1380 ectu
2323 1316 2429 1377 m²

289 1441 444 1488 esse
492 1416 788 1488 oculum
837 1414 1245 1487 hereditati.
1294 1422 1578 1488 Interea
1607 1414 1759 1487 dies
1788 1414 2112 1504 advenit,
2137 1440 2289 1514 quo
2314 1416 2438 1487 die

289 1551 445 1599 sese
499 1552 589 1600 ex
638 1527 1008 1616 instituto,
1058 1552 1141 1599 ac
1184 1528 1343 1626 lege
1398 1527 1716 1625 Rupilia,
1761 1526 1956 1597 dicas
2007 1528 2436 1598 sortiturum

291 1639 653 1735 Syracusis
695 1641 832 1711 iste
882 1637 1202 1710 edixerat
1243 1667 1259 1709 :
1303 1650 1597 1736 paratus
1642 1635 1734 1707 ad
1773 1636 1962 1707 hanc
1999 1635 2233 1707 dicam
2281 1662 2437 1709 sor·-

292 1743 644 1817 tiendam³
662 1761 977 1819 venerat.
991 1752 1175 1818 Tum
1200 1771 1369 1819 eum
1392 1746 1605 1819 docet
1628 1745 2024 1833 Heraclius,
2048 1770 2197 1818 non
2226 1771 2442 1845 posse

293 1882 383 1928 eo
418 1856 536 1927 die
579 1858 848 1945 sortiri,
882 1857 1103 1955 ‚quod
1160 1859 1277 1929 lex
1326 1858 1613 1956 Rupilia
1655 1871 1931 1929 vetaret
1982 1856 2239 1928 diebus
2299 1883 2436 1928 xxx

293 1968 532 2038 sortiri
560 1966 830 2056 dicam,
860 1966 1129 2064 quibus
1165 1970 1431 2066 scripta
1468 1980 1655 2039 esset
1685 1994 1700 2038 ε
1739 1965 1891 2039 dies
1925 1991 2069 2037 xxx
2106 1967 2437 2038 nondum

294 2077 609 2181 fuerant..
643 2078 993 2177 Sperabat
1027 2080 1432 2167 Heraclius,
1472 2081 1532 2150 si
1563 2078 1771 2148 illum
1804 2076 1996 2148 diem
2025 2074 2396 2174 effugisset
2418 2132 2438 2161 ,

295 2204 460 2262 ante
496 2189 793 2260 alteram
837 2190 1297 2261 sortitionem
1327 2191 1414 2279 Q.
1440 2189 1764 2275 Arrium,
1806 2209 2029 2283 quem
2068 2188 2440 2284 provincia

297 2315 449 2370 tum
485 2301 794 2370 maxime
832 2297 1326 2398 exspectabat,
1364 2320 1889 2369 successurum.
1925 2300 2072 2368 Iste
2097 2294 2442 2367 omnibus

296 2410 477 2482 dicis
497 2413 527 2461 ⁴
571 2410 764 2481 diem
800 2409 1115 2497 distulit;
1157 2423 1229 2480 et
1261 2433 1419 2479 eam
1460 2407 1652 2479 diem
1686 2406 2099 2492 constituit,
2132 2420 2214 2475 ut
2248 2405 2442 2477 hanc

293 2517 603 2590 Heraclii
650 2518 883 2588 dicam
934 2520 1174 2589 sortiri
1214 2532 1383 2616 post
1431 2516 1586 2588 dies
1631 2542 1778 2587 xxx
1820 2540 1907 2587 ex
1960 2515 2117 2612 lege
2170 2531 2437 2613 posset.

298 2632 773 2724 Posteaquam
826 2651 911 2698 ea
954 2626 1105 2698 dies
1149 2630 1391 2714 venit3
1437 2628 1574 2697 iste
1627 2626 1880 2724 incipit
1923 2624 2303 2712 simulare,
2364 2649 2442 2696 se

297 2736 485 2809 velle
514 2738 775 2808 sortiri.
806 2738 1173 2809 Heraclius
1203 2762 1366 2809 cum
1399 2737 1760 2808 advocatis
1778 2735 1961 2822 adit,
1988 2750 2060 2807 et
2088 2734 2442 2832 postulat,

297 2862 384 2919 ut
410 2844 588 2918 sibi⁵
623 2869 788 2918 cum
817 2847 1255 2945 palaestritis,
1285 2847 1425 2919 hoc
1463 2861 1571 2918 est
1591 2901 1609 2933 ,
1636 2870 1801 2917 cum
1836 2844 2116 2943 populo
2144 2849 2444 2941 Syracu-

300 2979 498 3044 san0,
516 2981 725 3055 aequo
750 2958 914 3052 jure
944 2955 1342 3055 disceptare
1371 2957 1604 3028 liceat.
1625 2954 2026 3026 Adversarii
2050 2954 2441 3053 postulant,

303 3068 489 3137 utin
518 3091 674 3138 eam
715 3092 867 3138 rem
900 3065 1180 3162 judices
1207 3063 1478 3138 dentur
1519 3090 1608 3136 ex
1658 3064 1771 3134 his
1804 3062 2251 3152 civitatibus,
2281 3088 2442 3159 quae

300 3177 375 3245 in
406 3176 476 3248 id
505 3175 745 3248 forum
780 3176 1259 3248 convenirent
1275 3174 1333 3265 ὃς
1362 3175 1592 3265 electi,
1607 3176 1735 3273 qui
1762 3175 1970 3245 Verri
2001 3173 2438 3246 viderentur.

303 3289 672 3360 Heraclius
703 3302 989 3374 contra,
1012 3302 1095 3359 ut
1127 3287 1405 3382 judices
1432 3311 1473 3357 e
1506 3287 1665 3384 lege
1702 3285 1987 3384 Rupilia
2011 3283 2280 3356 dentur
2309 3312 2325 3354 :
2363 3299 2446 3355 ut

383 3587 431 3620 ι.
450 3571 787 3631 mamutio,
808 3589 1012 3637 :tyaneo
1033 3568 1161 3628 δίκη.
1176 3574 1325 3627 Dicas
1421 3585 1455 3628 ,·
1486 3582 1540 3634 4.
1578 3575 1667 3622 Est
1712 3589 1741 3621 a
1782 3572 1924 3623 Fabc.
1966 3583 2019 3620 et
2064 3570 2251 3621 neten.
2283 3575 2443 3622 Ante·

302 3651 475 3700 :oniti
504 3662 600 3712 est,
620 3652 1152 3718 *ordinemucamarum
1194 3664 1327 3705 sorte
1413 3652 1536 3702 editi
1549 3688 1566 3715 ,
1577 3651 1796 3718 judiciis.
1813 3654 1943 3703 J.V.
1961 3653 2018 3700 1..

303 3731 615 3779 constituere.
651 3733 732 3779 stc
770 3732 915 3795 apud
948 3734 1230 3782 ruentium
1272 3734 1329 3784 in
1488 3733 1538 3780 5.
1568 3734 1635 3782 lle
1653 3731 1760 3779 sibi.
1795 3732 1922 3780 Petit
1948 3742 2005 3780 ut
2029 3729 2157 3789 sibi,
2181 3730 2444 3795 Syracusa·

302 3809 628 3859 Phormione:
652 3831 679 3852 α
696 3811 1021 3874 Eunuqnam
1044 3811 1325 3871 injuriarum
1414 3825 1483 3862 no
1505 3827 1619 3859 cum
1640 3811 1950 3876 'palan-itia,
1973 3809 2256 3859 hominnm
2295 3811 2446 3874 Syn·

304 3889 485 3937 audisti
508 3889 633 3936 mihi
661 3891 892 3954 scriptam
919 3888 1130 3937 diam».
1415 3892 1639 3949 manin,
1663 3906 1723 3940 cx
1762 3891 1869 3939 ιώ
1904 3889 2126 3954 tegibus,
2169 3889 2441 3939 oen-dum

379 3985 428 4017 a.
468 3968 742 4034 Adjeceum.
773 3962 841 4017 H.
867 3985 912 4018 c.
936 3969 1137 4017 Verrem
1172 3969 1327 4016 oculis
1411 3968 1569 4031 legem
1586 3968 1836 4032 Rupiliam
1853 3969 2125 4033 disceptare
2139 3967 2302 4017 lieo-t.

305 4047 622 4098 hereditatem
640 4048 703 4097 ad
724 4048 941 4114 prada-n
962 4047 1261 4111 danismam·
1485 4047 1538 4095 0.
1584 4048 1915 4097 mab-eae.
1960 4049 2089 4111 Qun
2131 4046 2184 4093 iu
2230 4046 2443 4109 Syracu-

376 4126 423 4176 3.
442 4127 990 4178 &aindas-‚Prima
1008 4125 1324 4176 educendam.
1415 4141 1536 4173 sano
1577 4126 1687 4174 soro
1727 4125 2085 4186 judicaremus-3
2115 4138 2227 4186 qun
2261 4140 2326 4171 ox
2349 4127 2441 4188 jn·

2116 4233 2244 4304 27.
