3044 4788
624 423 763 512 254
1262 424 1359 492 M.
1411 425 1489 492 T.
1545 425 2123 497 CICERONIS

620 555 751 638 sit,
792 573 882 620 ne
913 539 1476 618 multa'crimina
1513 549 2084 643 praetermittere,
2119 571 2342 644 quam
2380 573 2473 620 ne
2508 557 2764 648 quain

621 665 838 732 istum
862 659 1136 755 fingere
1164 657 1552 727 existimer.
1586 660 1844 755 Neque
1873 661 2070 729 enim
2097 658 2273 727 mihi
2297 658 2585 732 videtur
2610 661 2769 734 haec

619 769 1043 856 multitude,
1088 791 1248 864 quae
1287 766 1375 838 ad
1414 765 1862 839 audiendum
1911 769 2285 853 convenit,
2329 791 2770 865 cognoscere

620 907 711 953 ex
742 904 859 950 me
889 901 1173 949 causam
1202 875 1511 947 voluisse
1534 931 1553 964 ‚
1593 876 1717 948 sed
1758 900 1872 965 ea,
1906 901 2070 975 quae
2105 880 2275 967 scit,
2319 902 2608 951 mecum
2639 906 2760 953 re·

619 1011 1081 1087 cognoscere.

717 1104 839 1170 VI.
881 1100 1060 1187 Quae
1102 1120 1331 1194 quum
1378 1096 1475 1166 ita
1525 1098 1702 1183 sint,
1746 1098 1883 1168 iste
1915 1096 2139 1167 homo
2181 1120 2429 1169 amens
2473 1123 2556 1170 ac
2596 1125 2765 1199 per·-

622 1211 818 1282 ditus
861 1209 995 1279 alia
1029 1232 1314 1278 mecum
1346 1208 1627 1278 ratione
1658 1223 1933 1305 pugnat
1963 1234 1977 1277 :
2015 1232 2167 1278 non
2204 1208 2281 1278 id
2308 1212 2487 1306 agit,
2512 1224 2601 1281 ut
2631 1212 2765 1281 ali-

623 1322 828 1418 cujus
880 1320 1370 1416 eloquentiam
1419 1317 1601 1387 mihi
1667 1333 2036 1417 opponat3
2093 1343 2247 1390 non
2305 1325 2561 1417 gratia,
2610 1346 2765 1393 non

623 1430 1044 1502 auctoritate
1078 1428 1507 1524 cujusquam
1529 1481 1548 1514 ‚
1582 1452 1735 1499 non
1775 1433 2098 1527 potentia
2133 1432 2395 1501 nititur
2426 1457 2442 1501 ε
2474 1433 2767 1504 simulat

621 1540 735 1612 his
776 1564 853 1611 se
896 1538 1117 1611 rebus
1154 1536 1559 1625 confidere3
1599 1538 1727 1608 sed
1762 1538 2006 1626 vide0‚
2046 1537 2221 1636 quid
2262 1555 2461 1638 agat3
2519 1565 2764 1638 neque

620 1653 814 1722 enim
832 1653 976 1748 agit
987 1648 2767 1746 occultissime.Proponitinania1mihinobilitatis2,

619 1760 762 1832 hoc
798 1776 927 1848 est,
954 1760 1335 1830 hominum
1369 1759 1860 1855 arrogantium
1897 1761 2225 1850 nomina3
2254 1753 2382 1859 qui
2424 1786 2577 1832 non
2615 1775 2763 1831 tam

620 1898 738 1944 me
779 1872 1233 1973 impediunt,
1276 1869 1476 1965 quod
1525 1869 1810 1948 nobiles
1852 1885 2058 1960 sunt,
2108 1896 2329 1968 quam
2374 1871 2760 1966 adjuvant,

609 1983 823 2080 ‘quod
845 1978 1047 2052 noti³
1078 1994 1247 2051 sunt
1275 2009 1290 2051 ε
1319 1980 1608 2051 simulat
1636 2006 1711 2052 se
1728 2006 1988 2053 eorum
2005 1981 2339 2080 praesidio
2366 1981 2761 2068 confidere,

619 2115 852 2189 quum
899 2091 1172 2160 interea
1217 2088 1464 2160 aliud‘*
1510 2091 1858 2188 quiddam
1902 2093 2050 2189 jam
2094 2091 2222 2163 diu
2271 2092 2763 2165 machinetur.

616 2206 857 2291 Quam
908 2224 1111 2298 spem
1165 2223 1361 2271 nunc
1410 2200 1673 2273 habeat
1723 2205 1797 2273 in
1842 2201 2220 2290 manibuS,
2264 2217 2338 2274 et
2381 2203 2560 2299 quid
2603 2226 2763 2274 mo·

617 2314 857 2398 fiatur,
885 2310 1201 2383 breviter
1221 2311 1371 2408 jam
1392 2367 1411 2401 ‚
1437 2310 1756 2406 judice5‚
1787 2336 2143 2412 exponam
2176 2340 2191 2382 z
2238 2311 2367 2384 sed
2404 2313 2643 2412 priuS,
2674 2325 2767 2382 ut·

617 2425 710 2496 ab
738 2425 946 2496 initio
980 2448 1096 2496 res
1133 2423 1224 2496 ab
1267 2449 1356 2496 eo
1393 2426 1783 2496 constituta
1824 2429 1953 2515 sit,
1992 2450 2243 2524 quaeso
2265 2481 2284 2513 ‚
2324 2427 2760 2523 cognoscite.

612 2545 714 2610 Ut
755 2529 1072 2638 primum
1110 2564 1151 2610 e
1190 2539 1565 2636 provincia
1604 2539 1861 2629 rediit,
1900 2536 2359 2639 redemptio⁵
2395 2553 2505 2611 est
2541 2538 2761 2634 hujus

684 2728 772 2773 VI.
800 2740 844 2771 ι.
864 2723 1065 2773 luania.
1076 2723 1214 2770 Vane
1233 2733 1283 2770 et
1300 2722 1477 2784 futilis,
1488 2739 1644 2787 quum
1729 2724 1992 2787 adoptatus
2005 2760 2021 2786 ‚
2049 2739 2106 2771 ac
2123 2734 2357 2788 praeterea
2384 2724 2642 2788 Scipiones
2659 2737 2760 2771 om-

618 2805 680 2852 αἱ)
720 2804 789 2851 eis
821 2804 976 2850 virtus
1001 2802 1143 2851 absit.
1183 2801 1262 2850 Sic
1299 2800 1363 2848 ad
1391 2802 1641 2866 Appium:
1732 2818 1844 2862 nes,
1873 2813 1922 2850 et
1947 2801 2191 2851 Marcelli.

616 2883 878 2931 «Etiamne
911 2893 965 2930 tu
995 2881 1142 2929 ullam
1174 2881 1486 2944 Appietatem
1503 2916 1517 2941 ,
1556 2891 1643 2928 ant

618 2961 962 3010 Lentulitatem
1015 2961 1174 3009 velere
1219 2960 1353 3024 apud
1406 2977 1482 3008 me
1532 2960 1642 3024 plus

614 3056 760 3105 quam
796 3050 1076 3087 ornamenta
1123 3040 1317 3086 virtutis
1362 3040 1642 3087 existimas?

615 3122 781 3183 Quum
805 3136 860 3166 ea
886 3129 1216 3183 consequutus
1239 3118 1464 3167 nondum
1484 3132 1642 3180 eram,

613 3216 726 3263 quae
756 3211 871 3249 sunt
898 3200 1156 3247 hominum
1184 3197 1506 3263 opinionibus
1539 3212 1640 3265 smf

613 3280 857 3342 piissima,
884 3291 1047 3327 tamen
1085 3280 1178 3326 ista
1218 3288 1375 3325 vestra
1411 3277 1640 3335 nomina,

612 3376 877 3423 numquam
905 3375 1011 3406 sum
1038 3356 1336 3415 admiratum
1372 3357 1505 3403 viros
1533 3371 1641 3415 eos,

610 3440 697 3502 qui
719 3456 774 3487 ea
797 3437 939 3485 vobis
965 3437 1273 3501 reliquissent
1292 3469 1307 3493 ‚
1342 3432 1544 3499 magnos
1571 3451 1642 3482 sn-

611 3516 875 3565 biti-abar».

682 3612 731 3643 α.
766 3595 1065 3645 Nobilieaeis.
1090 3594 1359 3643 Hominum
1397 3592 1636 3640 nobilium

609 3674 698 3737 qui
713 3674 855 3721 Verri
870 3674 1116 3723 favebant.
1129 3675 1173 3722 Ii
1191 3681 1329 3722 erant
1348 3674 1410 3735 Q.
1426 3673 1638 3719 Horten·

609 3753 728 3812 sius,
747 3763 982 3816 patronus
999 3754 1120 3814 ejus,
1138 3753 1312 3802 consul
1328 3751 1605 3814 designatus
1621 3766 1638 3812 3

612 3844 709 3879 tres
737 3831 956 3890 Metelli,
983 3848 1197 3894 quorum
1221 3831 1439 3894 Quintus
1464 3834 1635 3881 consul

606 3921 712 3959 erat
738 3910 1042 3974 designatus,
1079 3912 1276 3958 Marcus
1300 3920 1480 3975 praetor
1507 3910 1632 3958 desi-

608 4000 780 4054 gnatus
803 4022 818 4048 ,
879 3989 1098 4038 Lucilius
1158 3991 1333 4039 Siciliae
1389 4001 1628 4056 praeerat;

1803 2882 1857 2930 3.
1887 2881 2025 2930 Noti.
2056 2884 2101 2931 1.
2132 2899 2176 2929 e.
2207 2881 2427 2929 infames.
2459 2879 2655 2929 Acen-be
2679 2879 2755 2927 di-

1730 2971 1864 3008 ctum
1893 2972 1982 3025 per
2015 2960 2464 3026 agnominationem
2495 2961 2756 3009 verborum

1729 3039 1904 3089 nobilis
1921 3053 1972 3089 et
1989 3053 2150 3090 notus.
2182 3042 2262 3089 Sic
2283 3057 2378 3105 pro
2403 3039 2528 3089 coel.
2543 3061 2564 3083 ι
2582 3040 2757 3089 Clodia

1729 3119 1931 3169 muliere
1958 3137 2063 3169 non
2086 3120 2245 3168 solum
2276 3120 2459 3179 nobili,
2495 3120 2582 3169 sed
2614 3121 2757 3168 etism

1729 3209 1850 3248 nota
1867 3222 1918 3263 ι,
1955 3212 2003 3250 et
2030 3217 2123 3266 pro
2152 3200 2309 3249 macc.
2342 3200 2608 3251 «hominm
2626 3202 2758 3267 apud

1729 3295 1823 3328 nos
1843 3281 1977 3342 uoti,
1995 3283 2125 3327 inter
2142 3295 2257 3328 suos
2274 3279 2465 3328 nobiles
2480 3303 2527 3331 n.

1804 3369 1849 3416 4.
1867 3359 2052 3408 Ascon.
2083 3380 2105 3402 ι
2120 3374 2165 3406 ι.
2190 3359 2426 3423 quiddam
2451 3360 2539 3409 din
2549 3382 2592 3408 ιι.
2614 3359 2756 3408 Unde

1728 3440 1845 3486 Ern.
1872 3441 2006 3500 conj.
2023 3454 2103 3487 «a.
2127 3439 2249 3503 quid
2266 3440 2364 3499 jam
2390 3439 2475 3487 diu
2494 3462 2536 3486 a.
2555 3439 2678 3489 J.V.
2699 3443 2753 3487 L.

1800 3517 1852 3564 5.
1890 3516 2187 3581 Redemptio.
2228 3519 2493 3578 Homines,
2537 3534 2755 3567 corrum-

1725 3594 1999 3660 pendorum
2013 3595 2316 3657 judiciorum
2334 3595 2560 3657 artifices,
2580 3598 2748 3662 grandi

1725 3674 1947 3723 mercede
1972 3691 1999 3722 s
2014 3679 2164 3724 Verre
2192 3676 2501 3725 redemerunt
2527 3692 2753 3742 procura·

1726 3755 1909 3802 tionem
1972 3756 2445 3819 corrumpendorum
2496 3756 2717 3817 judicum
2734 3790 2753 3815 ‚

1725 3849 1922 3898 operam
1978 3851 2138 3894 suam,
2187 3835 2239 3882 in
2290 3835 2395 3895 ejus
2447 3835 2752 3883 absolutione

1720 3914 2013 3977 praestanda,
2032 3914 2371 3964 vendiderunt.
2391 3914 2753 3966 contumeliose

1722 3991 1867 4040 ducta
1915 3992 2200 4057 metaphora
2249 3992 2312 4040 ab
2356 3994 2589 4058 operariis
2606 4029 2621 4053 ‚
2664 3996 2751 4058 qui

604 4072 661 4118 C.
683 4070 833 4119 Curio
858 4069 1154 4131 consulat-1³3
1183 4073 1247 4133 Q.
1266 4071 1495 4118 Metellus
1511 4071 1629 4120 Pius
1716 4088 1843 4136 opus
1867 4072 2056 4137 aliquid
2083 4071 2384 4133 faciendum,
2408 4084 2544 4129 certo
2562 4074 2751 4138 pretio,

602 4151 769 4214 Scipio
809 4167 837 4198 a
873 4150 1073 4200 Metello
1101 4152 1189 4200 Pio
1206 4187 1219 4212 ,
1248 4149 1496 4199 Numidici
1519 4148 1624 4198 filio
1716 4150 1975 4212 redimunt,
2011 4168 2096 4200 seu
2119 4153 2423 4201 conducunt.
2441 4154 2521 4202 Sic
2541 4153 2644 4203 Pis.
2668 4153 2749 4201 36.
