3044 4788
740 403 1132 474 ORATIO
1182 403 1389 471 PRO
1440 401 1504 467 S.
1558 402 1953 470 Rosolo.
2309 404 2407 501 93

274 532 610 627 quinata,
639 528 781 596 nisi
809 537 1139 621 sumptus
1172 519 1381 592 effusi
1424 544 1591 591 cum
1627 520 1900 617 probro
1935 537 2154 620 atque
2188 522 2411 597 dede-

279 664 476 723 core,
514 640 657 706 nisi
684 648 1036 734 prorupta
1073 615 1414 717 audacia,
1453 632 1592 700 nisi
1647 645 1844 701 tanta
1886 636 2287 722 temeritaS,
2331 652 2416 707 ut

278 774 424 818 non
454 746 719 846 procul
747 743 1132 815 abhorreat
1159 740 1252 811 ab
1278 743 1574 811 insania.
1615 741 1924 813 Accedat
1955 741 2100 815 huc
2126 760 2418 842 oportet

274 858 531 928 odium
556 857 901 954 parentiS,
923 850 1562 929 animadversionis
1587 865 1902 947 paternae
1930 869 2188 944 metus,
2206 858 2415 926 amici

276 965 627 1064 improbi,
652 965 834 1034 servi
866 964 1164 1048 conscii,
1191 975 1477 1058 tempus
1510 958 1885 1049 idoneum,
1907 963 2111 1034 locus
2143 989 2416 1063 oppor-

276 1092 456 1147 tune
479 1090 737 1172 captus
758 1070 850 1142 ad
874 1095 1030 1142 eam
1059 1094 1211 1140 rem
1235 1096 1251 1138 :
1272 1093 1476 1167 paene
1496 1068 1756 1155 dicam,
1779 1095 2134 1168 respersas
2158 1098 2417 1144 manus

279 1189 638 1283 sanguine
671 1198 974 1280 paterno
1007 1178 1289 1275 judices
1326 1176 1619 1248 videant
1658 1194 1982 1275 oportet,
2027 1185 2086 1252 si
2131 1197 2412 1254 tantum

281 1296 601 1382 facinus,
646 1309 793 1363 tam
839 1295 1190 1378 immane,
1238 1304 1383 1359 tam
1420 1287 1805 1373 acerbum,
1857 1289 2198 1363 credituri
2244 1296 2412 1365 sint.

280 1410 524 1498 Quare
542 1404 711 1490 hoc,
736 1426 891 1498 quo
916 1403 1153 1470 minus
1175 1414 1284 1469 est
1310 1397 1681 1486 credibile,
1709 1402 1845 1470 nisi
1876 1402 2305 1492 ostenditur,
2329 1430 2418 1476 eo

286 1519 515 1611 magis
546 1528 686 1597 est,
717 1514 793 1581 si.
814 1511 1293 1599 convincitur,
1323 1506 1868 1580 vindicandum.
2079 1592 2092 1601 ,

391 1628 611 1694 XXV.
637 1626 888 1718 Itaque
916 1644 1148 1717 quum
1178 1618 1422 1688 multis
1446 1644 1534 1688 ex
1563 1618 1782 1690 rebus
1811 1622 2112 1719 intelligi
2145 1639 2422 1722 potest,

297 1735 603 1830 majores
632 1745 917 1802 nostros
964 1754 1111 1798 non
1147 1726 1368 1797 modo
1406 1732 1623 1798 armis
1650 1729 1852 1827 plus,
1884 1755 2103 1827 quam
2149 1748 2419 1805 ceteras

295 1849 649 1930 nationes,
671 1866 926 1911 verum
951 1842 1165 1910 etiam
1195 1838 1497 1909 consilio
1535 1842 2029 1937 sapientiaque
2062 1846 2383 1940 potuisse
2402 1895 2422 1931 ,

288 1970 447 2024 tum
483 1978 570 2022 ex
598 1951 733 2021 hac
762 1975 838 2019 re
869 1948 982 2018 vel
1017 1950 1323 2017 maxime
1341 2001 1360 2034 ,
1387 1948 1590 2043 quod
1613 1952 1688 2018 in
1718 1952 1980 2047 impios
2003 1963 2022 1995 ¹
2060 1955 2419 2054 singulare

287 2064 735 2162 supplicium
763 2062 1237 2128 invenerunt:
1262 2081 1411 2153 qua
1439 2060 1516 2127 in
1546 2083 1623 2129 re
1649 2075 2006 2155 quantum
2034 2065 2421 2161 prudentia

286 2174 756 2272 praestiterint
796 2172 915 2254 iis,
956 2171 1083 2263 qui
1115 2166 1311 2264 apud
1354 2182 1629 2279 ceteros
1661 2174 2162 2268 sapientissimi
2205 2173 2424 2246 fuisse

287 2284 667 2367 dicuntur,
686 2276 1152 2351 considerate.
1184 2274 1743 2348 Prudentissima
1769 2282 2013 2350 civitas
2037 2282 2432 2355 Athenien-

290 2398 482 2464 sium
505 2447 525 2480 ,
549 2390 729 2462 dum
756 2399 881 2459 ea²
919 2413 1160 2459 rerum
1198 2389 1429 2484 potita
1461 2402 1599 2474 est,
1631 2387 1849 2460 fuisse
1885 2390 2191 2463 traditur
2220 2421 2236 2463 :
2271 2397 2428 2492 ejus

296 2527 518 2601 porro
546 2501 853 2572 civitatis
875 2500 1482 2594 sapientissimum
1506 2500 1843 2570 Solonem
1861 2498 1890 2544 ³
1917 2501 2170 2574 dicunt
2189 2504 2433 2592 fuisse,

297 2639 495 2698 eum,
512 2613 643 2708 qui
673 2610 888 2705 legeS,
911 2606 1181 2704 quibus
1208 2606 1426 2677 hodie
1449 2633 1748 2705 quoque
1778 2625 2112 2699 utuntur,
2134 2617 2434 2711 scripse-

299 2725 415 2793 rit.
463 2727 533 2792 Is
579 2743 812 2816 quum
862 2720 1449 2812 interrogaretur,
1495 2741 1626 2787 cur
1673 2720 1954 2790 nullum
1994 2723 2431 2821 supplicium

301 2833 795 2903 constituisset
825 2831 899 2896 in
928 2852 1134 2914 eum,
1165 2830 1294 2923 qui
1319 2842 1691 2924 parentem
1735 2846 2093 2918 necasset,
2138 2858 2437 2931 respon·

302 2942 456 3028 dit,
500 2966 576 3010 se
624 2939 702 3010 id
733 2941 1097 3007 neminem
1130 2935 1535 3007 facturuml·
1575 2953 1885 3035 putasse,
1931 2945 2303 3039 Sapienter
2334 2943 2436 3016 fe-
2488 2973 2496 2983 ·

309 3056 490 3122 cisse
533 3050 824 3134 dicitur,
849 3072 1080 3143 quum
1127 3045 1217 3117 de
1258 3071 1345 3117 eo
1379 3047 1560 3117 nihil
1592 3053 1945 3137 sanxerit,
1990 3051 2191 3147 quod
2223 3067 2434 3125 antea

310 3164 774 3233 commissum
828 3182 979 3226 non
1024 3171 1212 3244 erat,
1266 3182 1358 3227 ne
1398 3181 1547 3226 non
1586 3172 1731 3227 tam
1762 3159 2178 3256 prohibere,
2212 3189 2433 3262 quam

308 3266 745 3342 admonere⁵
791 3267 1179 3337 videretur.
1230 3271 1522 3359 Quanto
1560 3269 1863 3363 majores
1896 3275 2123 3341 nostri
2160 3279 2442 3372 sapien-

383 3425 557 3471 XXV.
585 3439 628 3471 1.
654 3421 852 3486 Impius.
874 3422 1000 3484 Erga
1016 3432 1239 3484 parentes
1255 3437 1328 3468 sa-
1414 3420 1594 3468 Christ.
1611 3420 1733 3483 639.
1755 3421 1831 3467 De
1853 3436 1956 3484 quo
1977 3422 2096 3470 olim
2115 3425 2436 3479 Anacharsis:

306 3504 534 3567 erilegoa.
555 3527 625 3538 -
642 3501 917 3566 Singulae-e.
932 3499 1037 3547 mis
1058 3499 1329 3563 proprium,
1414 3499 1559 3546 «viso
1585 3499 1766 3548 Solone
1793 3501 1954 3548 omnia
1980 3501 2174 3552 vidisti:
2211 3505 2286 3554 hae
2321 3519 2436 3556 sunt

306 3583 571 3648 peculiare.
1416 3578 1652 3638 Athena,
1686 3581 1793 3627 haec
1818 3591 1888 3628 est
1916 3591 2019 3630 tota
2049 3584 2292 3634 Graecia».
2309 3588 2438 3637 Vide

382 3678 433 3710 ι.
466 3663 597 3707 Dum
636 3675 714 3706 ea.
748 3661 989 3723 Tempora
1013 3656 1180 3705 libem
1200 3658 1333 3706 Grae·
1417 3659 1618 3705 Lucian.
1640 3660 1822 3709 Toxar.
1864 3661 2110 3709 Plutarch-
2145 3665 2198 3710 in
2240 3665 2436 3715 Solone.

305 3741 399 3789 cin
421 3737 689 3802 signifieat,
707 3754 850 3801 qnam
877 3737 1056 3785 deinde
1082 3735 1334 3799 Philippus
1420 3736 1531 3784 vnl.
1550 3739 1685 3785 Max.
1699 3740 1762 3796 V,
1792 3739 1841 3785 3.

305 3818 524 3868 uacedo
562 3816 742 3864 servire
786 3816 975 3864 docuit.
1023 3814 1334 3863 Prudentiam
1494 3824 1543 3872 4.
1584 3815 1837 3863 Neminem
1869 3814 2142 3876 facturum.
2180 3821 2260 3869 Sic
2298 3825 2441 3871 Laer-

303 3909 473 3945 antem
502 3895 875 3944 Atheniensium
904 3895 1073 3943 civitas
1101 3911 1213 3942 cum
1245 3895 1336 3941 im-
1421 3893 1548 3943 tius:
1573 3883 1827 3960 ἐρωτηθεὶς
1850 3887 1934 3944 διὰ
1952 3892 1998 3945 τί
2019 3893 2149 3947 κατὰ
2173 3901 2441 3967 πατροκτό-

306 3977 452 4042 perio
476 3975 625 4022 simul
647 3974 829 4022 amisit.
1422 3988 1500 4022 νου
1526 3970 1664 4039 νόμον
1692 3973 1775 4023 οὐκ.
1795 3973 1923 4027 ἔθηκε
1940 4011 1954 4034 ,
1985 3969 2073 4026 διὰ
2093 3976 2148 4027 τὸ
2179 3977 2440 4029 «ἐπελπίσαι

386 4055 693 4103 &Salonam
712 4053 1077 4102 Atheniensium
1094 4052 1339 4115 legislator
1426 4050 1529 4119 ἔφη.
1553 4053 1632 4102 Cf.
1658 4053 1785 4102 Plut.
1811 4054 1863 4101 in
1888 4056 2088 4105 Romul.

308 4135 472 4183 Solon
516 4144 660 4181 natus
698 4144 773 4180 est
810 4131 1011 4180 Athenin
1058 4147 1171 4179 ann.
1227 4142 1338 4179 ante
1499 4132 1546 4178 5.
1571 4131 1864 4180 Admonere.
1896 4135 1954 4181 In
1979 4136 2167 4183 animoa
2192 4136 2445 4185 hominum
