3044 4788
688 416 831 483 fin»
1477 408 2018 490 APPENDIX

689 529 1015 611 excellere,
1039 530 1253 616 inquit
1283 527 1605 603 modeste,
1639 551 1770 592 non
1810 531 2068 618 ingenio
2086 578 2105 611 ‚
2134 529 2245 594 sed
2269 530 2495 596 dolore
2514 558 2841 623 asseque-

684 640 801 702 bar
823 670 866 700 u.
900 637 1080 700 Orat.
1115 657 1249 722 cap.
1282 633 1386 719 37.

774 744 953 826 Quin
980 740 1271 806 solebant
1292 740 1359 801 in
1387 736 1874 801 defensionibus
1904 755 2214 821 oratores,
2243 742 2664 806 miseratione
2688 768 2828 831 quo

687 849 1008 913 dolentius
1030 858 1382 922 uterentur,
1404 857 1468 904 et
1486 843 1688 929 magis
1706 841 1998 920 judicum
2018 845 2269 909 animos
2294 866 2824 928 commoverent,

689 979 923 1045 pueros
963 954 1238 1018 infantes
1285 951 1352 1011 in
1382 948 1703 1028 judicium
1736 948 2129 1037 producere,
2165 964 2241 1011 ut
2273 974 2507 1016 eorum
2547 970 2815 1041 aspectu

683 1056 993 1121 commoti
1037 1052 1285 1133 judices
1326 1050 1704 1138 parentibus
1733 1050 2165 1138 ignoscerent.
2215 1050 2314 1112 Ita
2351 1049 2528 1137 Serg.
2572 1054 2813 1131 Galba,

686 1156 1019 1244 productis
1042 1156 1111 1216 in
1137 1151 1456 1233 judicium
1476 1140 1643 1232 filiis,
1679 1150 2034 1238 periculum
2056 1150 2279 1214 evasit.
2296 1151 2437 1213 val.
2462 1152 2809 1235 Mamm,

701 1280 723 1318 1
739 1304 756 1335 ,
782 1280 838 1318 2.
864 1257 958 1316 Ita
983 1254 1212 1317 Cicero
1233 1276 1352 1341 pro
1372 1253 1546 1317 Sulla
1570 1267 1637 1315 et
1662 1274 1781 1339 pro
1805 1251 2056 1331 Flacco,
2076 1273 2283 1338 quum
2310 1273 2549 1337 pueros
2580 1275 2803 1315 θοι-ιω]

690 1361 966 1423 infantes
989 1360 1058 1422 in
1094 1358 1393 1422 manibus
1428 1379 1736 1446 perorans
1765 1373 2044 1439 teneret,
2075 1358 2381 1445 plangore
2413 1374 2481 1419 et
2508 1358 2805 1421 lamenta·

670 1466 868 1528 ·tione
911 1466 1127 1527 forum
1164 1462 1524 1551 complevit.

771 1573 1012 1635 Praeter
1036 1588 1347 1657 patronos
1371 1586 1434 1629 et
1456 1570 1799 1633 advocatos
1817 1618 1834 1648 ,
1871 1590 2014 1631 mos
2043 1570 2197 1644 fuit,
2221 1585 2297 1631 ut
2325 1570 2417 1631 rei
2446 1567 2809 1637 laudatores

687 1680 874 1741 etiam
915 1673 1338 1753 adhiberent,
1376 1672 1546 1734 viros
1578 1694 1798 1760 graves
1834 1687 1899 1734 et
1930 1672 2178 1735 nobiles
2217 1696 2501 1759 quorum
2529 1679 2806 1740 auctori-

685 1800 812 1846 tate
844 1798 905 1845 et
943 1777 1320 1844 testimonio
1346 1773 1671 1856 judicibus
1705 1774 2336 1841 commendarentur.
2367 1778 2450 1841 ni
2487 1778 2672 1843 fuere
2701 1798 2807 1844 aut

684 1888 1067 1975 municipes,
1101 1899 1214 1947 aut
1244 1882 1687 1970 provinciales.
1733 1880 2187 1945 Laudaverunt
2231 1883 2546 1947 Scaurum
2581 1908 2808 1949 conm-

681 1997 841 2059 lares
876 2015 1145 2072 novem,
1186 2006 1252 2052 et
1286 1990 1564 2053 Faustus
1601 1988 1936 2052 Cornelius
1960 2036 1978 2069 ,
2012 1988 2205 2051 Sullae
2242 1988 2429 2054 filius.
2462 1994 2802 2056 Asconius.

678 2099 984 2162 Roscium
1025 2093 1457 2158 laudaverunt
1487 2092 1772 2156 Amerini
1800 2092 2158 2179 municipes
2177 2140 2195 2171 ,
2229 2091 2492 2157 decreto
2520 2093 2800 2159 decurio-

680 2225 841 2266 num
861 2200 950 2264 ad
984 2199 1225 2262 Sullam
1257 2197 1533 2284 profecti
1562 2220 1579 2261 ε
1617 2220 1737 2284 pro
1766 2198 1843 2259 R.
1874 2200 2014 2260 Am.
2043 2220 2179 2285 cap.
2205 2220 2267 2283 9.
2304 2200 2476 2262 Reos
2512 2219 2803 2287 repetum

679 2309 910 2372 darum
942 2319 1277 2393 praetores,
1311 2301 1488 2365 missi
1521 2323 1603 2363 ex
1633 2301 1977 2389 provinciis
2016 2302 2273 2390 publico
2307 2304 2585 2368 nomine
2619 2307 2795 2396 legati

679 2411 1103 2478 laudaverunt
1135 2426 1200 2473 et
1238 2406 1689 2473 defenderunt.

765 2514 1140 2584 Istiusmodi
1185 2513 1591 2579 laudatorum
1628 2537 1941 2579 numerus
1979 2531 2113 2579 erat
2149 2538 2284 2579 non
2327 2517 2467 2605 lege
2508 2521 2801 2606 quidem,

679 2626 791 2690 sed
825 2621 1300 2688 consuetudine
1322 2669 1339 2702 ,
1378 2618 1701 2685 definitus.
1753 2621 1882 2702 Qui
1921 2621 2053 2684 sive
2088 2621 2639 2708 repetundarum,
2678 2629 2803 2690 sive

678 2732 839 2795 alius
870 2728 1151 2810 cujusvis
1187 2727 1473 2800 criminis
1507 2750 1657 2790 reus
1692 2741 1858 2790 esset
1879 2773 1898 2806 ,
1946 2743 2060 2789 aut
2105 2726 2393 2809 nullum,
2431 2746 2546 2792 aut
2580 2730 2801 2796 decem

677 2837 829 2901 dare
855 2833 1218 2899 laudatores
1246 2853 1395 2895 eum
1433 2833 1742 2918 oportuit.
1768 2832 1846 2894 In
1870 2830 2052 2895 Verr.
2081 2831 2194 2896 lib.
2218 2832 2297 2913 V,
2325 2856 2463 2921 cap.
2497 2857 2603 2900 22.
2635 2839 2805 2901 Hinc.

677 2942 945 3004 Verrem
968 2936 1215 3002 Tullius
1250 2936 1522 3025 exagitat
1541 2985 1560 3017 ,
1596 2936 2029 3024 quod‚quum
2067 2938 2264 3000 tot-in
2290 2939 2498 3002 Sicilia
2522 2942 2800 3005 civitates

677 3061 912 3126 essent,
931 3067 1062 3108 una
1090 3063 1241 3106 eum
1264 3041 1553 3105 laudaret
1584 3043 1967 3106 Mamertina
1995 3043 2236 3123 civitaS,
2265 3043 2424 3108 ibid.
2450 3046 2546 3108 Ex
2566 3048 2799 3134 quibus

681 3154 816 3232 ejus
849 3148 1060 3213 verbis
1093 3147 1369 3226 conjicio
1412 3147 1592 3232 quasi
1631 3147 1989 3234 legitimum
2039 3148 2267 3228 fuisse,
2305 3166 2378 3212 ut
2400 3198 2417 3229 ‚
2465 3151 2581 3237 qui
2619 3174 2799 3238 repe-

679 3255 1027 3321 tundarum
1076 3254 1214 3341 lege
1262 3251 1727 3340 postularetur,
1771 3275 1847 3315 ex
1895 3252 2163 3340 singulis
2209 3252 2390 3319 denis
2436 3257 2797 3321 civitatibus

677 3359 1022 3452 provinciae
1042 3381 1173 3423 suae
1195 3358 1398 3421 denos
1421 3357 1601 3421 daret
1627 3357 2009 3422 laudatores.
2032 3359 2199 3421 Nam
2218 3359 2517 3423 laudabat
2529 3363 2796 3426 Verrem

677 3466 1062 3532 Mamertina
1086 3464 1304 3528 civitas
1332 3486 1346 3526 :
1374 3462 1573 3542 Hejus
1606 3479 1741 3526 erat
1766 3464 2063 3551 princeps
2095 3463 2513 3546 laudationiS,
2534 3465 2661 3531 hoc
2682 3486 2796 3547 est,

677 3574 1037 3659 legatorum
1062 3569 1175 3657 qui
1195 3571 1466 3632 Romam
1494 3568 1785 3656 legitimo
1805 3590 2079 3631 numero
2104 3586 2431 3651 venerant,
2455 3571 2795 3638 utVerrem

679 3675 1054 3740 laudarent:
1082 3692 1150 3738 at
1177 3674 1599 3738 nihilominus
1630 3674 1814 3736 Verri
1837 3674 2159 3756 objicitur,
2193 3674 2372 3762 quod
2400 3676 2583 3746 illum
2618 3683 2795 3766 quasi

676 3781 1036 3871 legitimum
1077 3779 1524 3844 laudationum
1570 3801 1917 3845 numerum
1972 3803 2103 3845 non
2144 3782 2504 3869 expleverit.
2553 3785 2796 3848 Intelli-

678 3887 964 3977 gendum
995 3899 1094 3948 est
1122 3905 1279 3972 ergo
1312 3907 1546 3949 novem
1576 3885 1726 3948 alias
1755 3886 1862 3950 hic
1890 3886 2129 3973 requiri
2159 3887 2472 3966 civitates,
2503 3905 2578 3952 ut
2609 3890 2796 3954 dena·

673 3995 809 4059 rius
859 3992 962 4055 ille
1001 3989 1328 4054 civitatum
1373 4013 1684 4055 numerus
1719 3991 2050 4056 efficiatur.
2097 3994 2397 4056 Ceterum
2443 3994 2571 4056 hoc
2602 4018 2791 4058 omne

673 4121 876 4189 genus
899 4096 1246 4184 Pompeius
1279 4095 1417 4185 lege
1440 4098 1736 4179 sustulit,
1767 4114 1994 4187 utpote
2023 4100 2136 4185 qui
2163 4114 2273 4162 aut
2294 4100 2490 4187 gratia
2519 4100 2785 4181 inducti,

669 4222 781 4270 aut
813 4218 989 4267 metu
1027 4218 1229 4266 coacti
1266 4219 1576 4266 venirent.
