3044 4788
708 447 1093 515 oRArlo
1141 446 1349 514 PRo
1399 446 1488 534 Q.
1538 445 1943 515 Rosolo.
2263 445 2393 518 153

264 575 492 643 simus
536 570 631 638 sit
687 570 889 637 curia
926 581 1226 664 propter
1268 566 1799 637 abstinentiam.
1853 562 1994 634 Sed
2038 564 2219 661 quid
2259 590 2394 662 ego

267 685 562 778 ineptus
583 676 675 749 de
697 680 961 748 Roscio
992 676 1188 775 apud
1213 680 1546 748 Pisonem
1575 673 1788 746 dico?
1815 678 2148 771 ignotum
2179 675 2402 745 homi-

264 815 435 860 nem
472 789 746 859 scilicet
788 786 1123 884 pluribus
1160 786 1398 858 verbis
1443 783 1901 857 commendo.
1946 789 2166 855 Estne
2205 789 2401 882 quis·

260 923 484 995 quam
532 900 864 968 omnium
914 895 1364 984 mortalium,
1410 895 1499 966 de
1539 919 1689 992 quo
1734 896 1992 966 melius
2039 899 2399 967 existimes

262 1008 388 1079 tu?
420 1024 625 1079 estne
653 1011 1061 1104 quisquam,
1087 1010 1213 1103 qui
1244 1006 1373 1078 tibi
1396 1009 1676 1105 purior,
1707 1004 2123 1103 pudentior,
2147 1005 2400 1076 huma-

261 1120 456 1206 nior,
482 1115 900 1205 officiosior,
928 1115 1435 1214 liberaliorque
1477 1115 1847 1187 videatur?
1871 1115 2107 1207 Quid?
2138 1131 2217 1186 tu
2236 1171 2254 1204 ,
2282 1121 2401 1188 Sa·

259 1230 444 1313 turi,
474 1229 606 1323 qui
631 1240 884 1298 contra
909 1226 1108 1299 hunc
1131 1231 1331 1320 venis
1351 1238 1406 1270 ¹¹
1427 1280 1447 1315 ,
1480 1229 1841 1298 existimas
1873 1225 2120 1298 aliter?
2151 1253 2397 1298 nonne

263 1340 875 1435 quotiescumque
928 1339 1004 1406 in
1050 1361 1263 1408 causa
1312 1340 1388 1407 in
1445 1361 1713 1407 nomen
1767 1336 1985 1432 hujus
2034 1337 2348 1408 incidisti
2379 1392 2398 1423 ‚

265 1450 483 1518 toties
516 1445 716 1517 hunc
759 1460 833 1518 et
865 1451 1102 1519 virum
1136 1447 1416 1518 bonum
1458 1472 1612 1518 esse
1645 1446 1887 1517 dixisti
1910 1500 1930 1535 ,
1983 1462 2057 1518 et
2100 1447 2397 1520 honoris

266 1580 488 1627 causa
509 1556 917 1653 appellasti?
950 1556 1152 1653 quod
1175 1582 1392 1628 nemo
1422 1560 1560 1628 nisi
1593 1571 1722 1627 aut
1740 1557 2248 1628 honestissimo
2272 1575 2399 1630 aut

265 1667 699 1735 amicissimo
729 1664 964 1738 facere
999 1671 1388 1738 consuevit.
1445 1669 1609 1756 Qua
1645 1670 1721 1736 in
1768 1692 1845 1739 re
1885 1667 2064 1737 mihi
2100 1667 2397 1740 ridicule

271 1799 357 1844 es
403 1776 591 1845 visus
635 1800 785 1847 esse
828 1779 1290 1864 inconstans,
1339 1781 1466 1873 qui
1506 1776 1845 1848 eumdem
1875 1792 1949 1848 et
1974 1777 2302 1867 laederes,
2330 1794 2401 1850 et

265 1881 621 1971 laudareS‚
649 1899 721 1955 et
754 1888 991 1956 virum
1023 1890 1384 1984 optimum
1403 1941 1421 1973 ,
1454 1901 1530 1957 et
1559 1886 1930 1957 hominem
1955 1887 2402 1985 improbissi-

268 2016 467 2062 mum
514 2016 671 2063 esse
702 1991 1008 2082 diceres;
1059 1995 1398 2066 eumdem
1433 2009 1514 2065 tu
1551 2010 1624 2067 et
1661 1996 1959 2067 honoris
2013 2023 2222 2068 causa
2274 2023 2399 2097 ap·

263 2099 619 2198 pellabaS,
658 2117 731 2172 et
756 2106 992 2171 virum
1020 2106 1444 2199 primarium
1479 2129 1632 2174 esse
1667 2104 1987 2192 dicebas,
2022 2122 2092 2176 et
2119 2110 2395 2177 socium

264 2209 633 2281 fraudasse
660 2210 1028 2306 arguebas
1057 2210 1219 2299 Sed,
1246 2226 1327 2281 ut
1352 2215 1640 2309 opinor,
1665 2214 1954 2286 laudem
1980 2220 2259 2287 veritati
2289 2222 2400 2288 tri·

261 2320 569 2409 buebaS,
595 2324 871 2392 crimen
905 2323 1141 2418 gratiae
1174 2321 1622 2393 concedebas
1652 2349 1667 2391 ε
1703 2322 1795 2394 de
1822 2323 2001 2412 hoc,
2042 2339 2125 2396 ut
2153 2329 2394 2398 existi·

267 2432 514 2503 mabas
532 2486 552 2521 ,
579 2431 1051 2530 praedicabas3
1085 2432 1389 2504 Chaereae
1421 2432 1776 2505 arbitratu
1804 2458 2091 2505 causam
2118 2436 2395 2531 agebas.

367 2546 523 2613 VII.
555 2541 934 2613 Fraudavit
957 2547 1278 2615 Roscius.
1305 2547 1428 2612 Est
1445 2543 1587 2613 hoc
1611 2543 1907 2641 quidem
1931 2543 2229 2614 auribus
2252 2550 2401 2615 ani-

267 2655 552 2748 misque
569 2652 949 2727 hominum
969 2652 1389 2723 absurdum.
1415 2652 1659 2743 Quid?
1679 2657 1738 2725 si
1769 2651 2059 2725 tandem
2083 2654 2398 2751 aliquem

270 2761 607 2833 divitem¹
654 2762 1025 2848 timidum,
1058 2762 1503 2851 dementem,
1542 2767 1848 2835 inertem
1892 2779 2146 2836 nactus
2180 2780 2400 2851 esset,

272 2875 400 2968 qui
428 2875 738 2969 experiri
772 2897 920 2942 non
949 2872 1236 2971 posset?
1287 2887 1524 2944 tamen
1562 2873 1984 2945 incredibile
2021 2889 2226 2945 esset.
2258 2879 2399 2944 Ve-

273 2997 678 3052 rumtamen
706 3036 727 3070 ,
787 3008 1007 3079 quem
1047 2981 1428 3070 fraudarit,
1481 2982 1875 3054 videamuS.
1920 2987 1997 3054 C.
2048 2985 2399 3055 Fannium

275 3089 640 3161 Chaeream
665 3094 1005 3162 Roscius²
1042 3089 1418 3163 fraudavit.
1450 3098 1600 3163 Oro
1619 3147 1638 3181 ,
1665 3107 1883 3189 atque
1916 3092 2219 3164 obsecro
2247 3118 2403 3178 VOS,

276 3204 402 3296 qui
431 3198 725 3286 nostis³‚
752 3204 971 3272 vitam
995 3205 1184 3274 inter
1209 3227 1284 3272 se
1309 3206 1691 3298 utriusque
1717 3200 2077 3289 conferte3
2104 3204 2230 3299 qui
2251 3226 2400 3271 non

278 3315 500 3383 nostis
523 3365 542 3398 ,
595 3309 851 3381 faciem
904 3314 1283 3408 utriusque
1335 3311 1780 3383 considerate
1809 3337 1825 3379 z
1870 3335 2113 3381 nonne
2161 3315 2401 3408 ipsum

350 3546 428 3581 ιι.
474 3531 630 3580 Venis.
672 3532 888 3585 Sub-ud.
922 3534 975 3582 in
1011 3532 1281 3595 judicium:
1375 3533 1450 3589 his
1475 3536 1528 3581 in
1565 3532 1866 3580 nominibus.
1914 3532 1994 3580 Sic
2016 3532 2078 3579 ab
2098 3531 2249 3579 Vario
2273 3547 2401 3596 qno·

280 3612 365 3675 qui
388 3611 521 3659 hune
547 3628 763 3668 accusas.
791 3612 905 3661 vid.
925 3613 987 3660 ad
1004 3616 1111 3663 Att.
1133 3615 1175 3672 1,
1208 3627 1253 3660 x.
1377 3614 1486 3662 dam
1513 3624 1765 3661 accusatus
1782 3613 1853 3660 Μ.
1883 3614 2090 3661 Scaurus
2113 3612 2393 3678 respondit:

343 3692 454 3738 vn.
498 3708 544 3741 ι.
586 3691 808 3739 Divitem.
850 3695 1026 3742 Sensus
1067 3704 1141 3741 eet
1171 3707 1185 3742 ε
1237 3692 1289 3739 Si
1375 3694 1439 3755 Q.
1474 3693 1651 3740 Varius
1702 3691 1950 3755 Hispanus
2009 3692 2082 3740 Μ.
2135 3695 2403 3749 Scaurum,

278 3770 478 3817 Roscius
502 3770 756 3818 incidisset
784 3771 839 3843 in
860 3770 1060 3820 divitem
1080 3771 1290 3835 aliquem
1375 3772 1649 3837 principem
1672 3780 1865 3818 senatus
1881 3804 1896 3827 ,
1920 3770 2081 3818 socios
2109 3772 2160 3818 in
2178 3787 2307 3817 arma
2334 3772 2402 3818 ait

277 3848 358 3910 qui
391 3849 472 3896 vel
498 3860 704 3913 propter
740 3850 1046 3899 timiditatem
1073 3867 1178 3899 non
1203 3866 1288 3897 au·
1377 3852 1662 3899 concitasse.
1699 3851 1770 3898 M.
1808 3853 2016 3898 scaurus
2048 3849 2283 3913 princepe
2325 3866 2402 3901 ser

280 3926 431 3990 deret,
465 3930 543 3976 vel
578 3928 644 3975 ob
676 3929 969 3978 dementiam
1006 3932 1184 3992 nollet,
1212 3931 1291 3978 vel
1377 3942 1520 3978 natus
1539 3939 1712 3993 negat:
1740 3930 1871 3976 testis
1891 3945 2035 3977 nemo
2056 3940 2144 3976 est.
2164 3929 2276 3978 Utri
2295 3945 2402 3988 vos,

279 4018 475 4070 propter
507 4008 727 4055 inertiam
763 4025 867 4056 non
901 4022 1064 4073 posset
1088 4010 1288 4073 litigare.
1380 4010 1622 4072 Quirites,
1649 4010 1880 4057 convenit
1905 4008 2139 4056 credere?

281 4110 340 4119 --
365 4087 536 4134 ΙΙΙ-εἰη.
556 4086 672 4134 cod.
690 4089 988 4137 clementem.
1454 4089 1501 4136 3.
1514 4092 1635 4138 Hot.
1654 4088 1937 4152 placeret,si
1958 4087 2147 4150 plenius
2161 4087 2398 4149 scriptum

347 4181 395 4214 2.
422 4166 671 4217 Ghoeream
690 4168 905 4217 Roscius.
930 4169 1104 4231 Magne
1125 4168 1198 4216 vis
1223 4179 1294 4217 est
1382 4180 1521 4227 esset,
1536 4169 1660 4231 aqui
1686 4179 1949 4231 utrumque
1970 4167 2121 4215 noetis
2131 4188 2171 4214 υ.
2191 4166 2222 4211 J
2227 4165 2314 4211 .V.
2341 4163 2401 4210 L.
