3044 4788
697 438 874 505 ·DE
921 436 1388 505 JUDICIIS
1438 437 1956 505 PUBLICIS.
2268 434 2408 531 599

374 556 624 621 Interea
672 571 962 634 senatus,
1008 578 1213 642 quum
1269 555 1712 643 impotentiam
1768 554 2081 641 equestris
2118 554 2364 619 ordinis
2390 602 2408 636 ‚

286 683 482 748 penes
513 683 710 748 quem
738 660 1116 748 Sempronia
1142 660 1282 749 lege
1297 659 1536 740 judicia
1563 676 1772 740 erant,
1801 660 1968 724 ferre
1989 682 2123 723 non
2143 646 2403 747 posset,

290 767 469 830 omni
497 788 622 853 ope
650 763 1084 829 contendebat
1117 781 1191 828 ut
1223 788 1296 827 ea
1334 764 1415 827 ad
1452 787 1519 828 se
1564 766 2082 829 transferrentur.
2116 764 2406 830 Tandem

285 873 528 936 exstitit
576 872 665 934 M.
698 871 913 935 Livius
947 871 1199 934 Drusus
1223 918 1241 949 ‚
1289 871 1425 949 ejus
1473 871 1667 933 Drusi
1717 869 1920 951 filius,
1973 893 2107 957 quo
2142 872 2409 934 tribuno

290 976 494 1063 plebis
521 975 602 1039 ad
632 975 1131 1041 labefactandam
1172 977 1240 1039 C.
1263 975 1532 1040 Gracchi
1567 977 1920 1063 potentiam
1959 992 2218 1039 senatus
2250 999 2408 1040 usus

292 1098 447 1147 erat.
479 1083 574 1162 Is,
607 1105 812 1169 quum
848 1097 914 1144 et
943 1081 1081 1168 ipse
1116 1097 1281 1145 esset
1314 1080 1616 1143 tribunus
1642 1081 1846 1168 plebis
1874 1104 2047 1145 anno
2075 1082 2201 1145 662
2221 1130 2238 1162 ,
2272 1104 2413 1147 rem

290 1209 622 1275 aggressus
663 1202 759 1249 est
802 1185 1023 1250 animo
1058 1185 1355 1266 meliore,
1398 1207 1592 1271 quam
1634 1185 1915 1249 fortuna.
1965 1186 2191 1266 Quum
2238 1187 2413 1251 enim

289 1308 507 1378 aperte
532 1289 773 1370 judicia
806 1290 1057 1353 senatui
1087 1288 1358 1353 reddere
1390 1311 1524 1352 non
1553 1305 1801 1375 posset,
1825 1290 1946 1353 hac
1972 1307 2108 1354 arte
2140 1313 2214 1355 ea
2248 1291 2416 1355 inter

291 1412 645 1483 utrumque
690 1395 986 1461 ordinem
1029 1397 1554 1460 communicavit.
1592 1397 1818 1477 Quum
1856 1414 2219 1476 senatores,
2260 1420 2415 1485 pro-

292 1518 437 1589 pter
467 1501 879 1597 superiorum
907 1518 1275 1589 temporum
1304 1500 1685 1581 discordias,
1708 1500 1815 1563 vix
1846 1500 1927 1564 ad
1966 1517 2285 1566 trecentos
2319 1526 2418 1568 es·

294 1623 468 1689 sent,
517 1607 668 1671 tulit
723 1623 797 1671 ut
845 1607 1087 1695 singuli
1130 1607 1367 1670 viritim
1414 1608 1698 1693 equitem
1743 1607 2064 1694 legerent,
2114 1624 2310 1695 atque
2348 1609 2415 1671 in

290 1730 589 1776 senatum
622 1729 1036 1799 cooptarent3
1071 1727 1265 1800 atque
1302 1729 1377 1774 ut
1412 1735 1489 1775 ex
1519 1712 1621 1805 bis
1651 1711 1954 1775 omnibus
1982 1712 2051 1775 in
2083 1728 2419 1800 posterum

290 1818 570 1882 decuriae
594 1817 889 1896 judicum
916 1819 1302 1907 legerentur.
1328 1815 1598 1881 Addidit
1626 1833 1931 1904 praeterea
1960 1818 2083 1906 legi
2101 1865 2119 1898 ,
2146 1833 2220 1881 ut
2249 1816 2421 1881 dein-

291 1947 444 2013 ceps
481 1941 875 2011 quaereretur
905 1926 973 1987 in
1002 1948 1136 2005 eos,
1161 1925 1275 2012 qui
1309 1925 1395 1988 ob
1427 1947 1566 1988 rem
1592 1923 2042 2004 judicandam,
2078 1925 2419 2012 pecuniam

293 2029 708 2116 accepissent.
746 2029 946 2112 Quod
978 2031 1221 2094 crimen
1258 2028 1733 2094 consuetudine
1760 2030 1890 2110 jam
1922 2052 2041 2117 pro
2074 2029 2254 2093 nullo
2292 2053 2419 2093 nu·

295 2135 680 2199 merabatur.
697 2133 880 2198 Adeo
894 2134 1273 2222 corruptelae
1297 2135 1436 2198 sine
1459 2134 1596 2198 ullo
1619 2133 1871 2221 pudore
1898 2134 2414 2199 increbruerant!

296 2241 448 2304 Haec
477 2240 673 2303 Drusi
696 2240 858 2303 ratio
886 2241 1106 2304 neutri
1132 2239 1345 2303 ordini
1377 2240 1634 2328 placuit.
1662 2239 1724 2301 N
1727 2261 1814 2302 on
1843 2240 2279 2320 senatoribus,
2305 2242 2417 2326 qui

296 2360 394 2410 tot
428 2346 495 2409 in
528 2361 823 2410 senatum
855 2345 1037 2436 allegi
1068 2346 1319 2434 equites
1343 2368 1508 2433 aegre
1541 2344 1870 2409 ferebant:
1902 2366 2036 2409 non
2071 2345 2419 2433 equitibus,

293 2450 409 2535 qui
436 2451 684 2513 senatui
697 2449 940 2528 judicia
958 2450 1423 2515 communicari
1445 2449 1770 2512 nolebant.
1784 2451 2009 2535 Itaque
2024 2449 2148 2537 legi
2166 2472 2421 2514 summa

297 2554 361 2616 vi
396 2554 656 2639 utrique
706 2554 1105 2618 restiterunt.
1158 2554 1398 2616 Coorta
1438 2543 1754 2616 seditione
1802 2554 2053 2616 Drusus
2100 2553 2165 2615 in
2217 2557 2419 2642 magi·

295 2672 502 2722 stratu
533 2656 783 2721 occisus
817 2675 936 2722 est.
975 2659 1127 2722 Haec
1159 2658 1296 2736 ejus
1330 2657 1463 2738 lex,
1492 2673 1558 2721 et
1589 2657 1724 2720 aliae
1765 2657 2027 2743 reliquae
2062 2680 2219 2744 quas
2252 2658 2419 2722 tule-

298 2778 430 2842 rat,
499 2777 825 2849 tamquam
887 2762 1190 2827 adversus
1256 2763 1538 2850 auspicia
1597 2762 1736 2826 latae
1759 2811 1777 2842 ,
1852 2766 2418 2827 senatusconsulto

297 2866 560 2932 sublatae
606 2884 797 2948 sunt,
832 2885 897 2931 et
932 2868 1001 2931 in
1038 2867 1377 2950 eumdem,
1402 2883 1717 2953 quo-ante
1750 2868 1956 2930 fuerat
1977 2915 1993 2947 ‚
2041 2883 2279 2931 statum
2316 2891 2417 2932 res

289 2973 625 3053 judiciaria
657 2975 950 3058 restituta
986 2989 1102 3037 est.

389 3081 614 3161 Quum
654 3100 806 3165 ergo
840 3065 1141 3165 equester
1175 3077 1338 3141 ordo
1374 3100 1628 3164 semper
1658 3078 1726 3140 in
1755 3076 2010 3156 judiciis
2054 3077 2421 3141 dominare-

301 3202 441 3265 ταῖς
478 3206 651 3248 anno
692 3182 928 3248 deinde
971 3184 1342 3264 interjecto,
1390 3184 1519 3246 hoc
1551 3200 1678 3263 est,
1725 3205 1899 3246 anno
1933 3183 2101 3263 664,
2146 3184 2259 3269 qui
2296 3184 2422 3246 fuit

300 3312 509 3353 annus
553 3289 755 3352 Italici
791 3288 940 3353 belli
982 3287 1336 3370 secundus,
1374 3288 1463 3352 M.
1499 3287 1745 3350 Plotius
1787 3287 2077 3351 Silvanus
2118 3287 2420 3351 tribunus

302 3394 543 3482 plebis,
584 3393 1035 3473 adjuvantibus
1072 3395 1432 3474 nobilibus,
1469 3394 1649 3473 tulit,
1685 3410 1759 3456 ut
1807 3393 2072 3481 singulae
2124 3392 2330 3455 tribus
2383 3415 2420 3456 e

299 3522 420 3564 suo
459 3522 731 3564 numero
763 3498 1203 3586 quinosdenos
1235 3499 1517 3586 legerent
1539 3546 1556 3577 ,
1598 3502 1710 3585 qui
1748 3521 1863 3585 per
1894 3520 2141 3561 annum
2168 3497 2419 3576 judica-

301 3621 466 3669 rent.
498 3604 594 3667 Ex
628 3626 707 3667 eo
750 3606 994 3668 factum
1043 3620 1139 3668 est
1186 3621 1261 3667 ut
1308 3604 1602 3691 equitum
1650 3604 1941 3691 potentia
1983 3603 2419 3681 minueretur,

302 3731 507 3795 quum
535 3731 611 3771 ex
647 3708 851 3771 tribus
883 3709 1221 3773 ordinibus
1248 3709 1497 3789 judices
1532 3709 1840 3797 suffragio
1868 3725 2258 3773 crearentur.
2284 3708 2419 3772 Cic.

302 3836 421 3900 pro
453 3814 709 3879 Cornel.
741 3830 806 3877 et
831 3814 923 3878 ibi
950 3817 1184 3880 Ascon.

391 3921 495 3982 An
522 3919 624 3984 lex
652 3918 853 3983 Plotia
884 3917 999 3983 diu
1034 3919 1311 4001 steterit3
1359 3937 1424 3985 et
1460 3943 1538 3984 ex
1584 3943 1658 3983 ea
1698 3941 1798 3982 res
1842 3941 2051 4006 usque
2097 3918 2181 3982 ad
2227 3916 2419 3983 Sullae

303 4040 596 4111 tempora
619 4023 916 4103 judicatae
948 4025 1109 4106 sint,
1156 4026 1473 4091 affirmare
1511 4049 1647 4090 non
1688 4026 1915 4089 ausim.
1954 4029 2042 4090 At
2071 4023 2233 4088 illud
2267 4024 2420 4088 nul-

304 4129 427 4193 lam
460 4129 653 4195 babet
696 4129 1166 4197 dubitationem
1187 4180 1204 4212 ‚
1245 4133 1583 4221 septennio
1621 4149 1798 4219 post,
1846 4134 1912 4195 L.
1948 4131 2184 4194 Sullam
2219 4129 2422 4194 dicta·
