3044 4788
632 488 739 556 IN
791 489 1214 559 VERREM
1265 492 1480 561 ACT.
1522 492 1635 574 ΙΙ,
1684 492 1876 567 LIB..
1912 492 2010 558 II.
2247 487 2387 575 455

260 613 456 707 cipio
500 607 903 680 simillimus
959 612 1397 706 reperiretur
1437 637 1451 679 :
1499 634 1724 706 quem
1767 609 2140 681 absentem
2187 636 2396 683 reum

261 718 566 807 fecerat,
599 744 802 804 eum,
835 718 1128 791 absente
1166 736 1618 808 accusatore,
1651 720 2105 793 condemnat.

357 833 538 900 XLI.
580 827 1066 900 Nuntiabatur
1112 830 1216 900 illi
1261 832 1510 929 primis
1565 831 1703 902 illis
1747 831 2242 928 temporibus‘
2280 832 2395 919 id,

260 939 460 1037 quod
496 954 700 1038 pater
743 963 1040 1037 quoque
1090 938 1181 1010 ad
1224 966 1390 1011 eum
1430 939 1763 1039 pluribus
1805 939 2045 1012 verbis
2089 942 2395 1039 scripse-

259 1064 413 1137 rat,
456 1050 788 1146 agitatam
828 1073 983 1119 rem
1022 1074 1176 1139 esse
1221 1052 1297 1121 in
1340 1065 1631 1137 senatu3
1663 1052 1881 1122 etiam
1920 1053 1995 1122 in
2037 1053 2391 1124 concione

259 1159 639 1231 tribunum
676 1158 908 1256 plebis
942 1159 1031 1230 de
1064 1185 1276 1232 causa
1312 1160 1590 1232 Sthenii
1626 1164 1723 1230 M.
1754 1161 2214 1233 Palicanum²
2243 1185 2397 1232 esse

261 1285 649 1368 questum;
710 1284 1076 1367 postremo
1135 1297 1249 1342 me
1294 1272 1529 1368 ipsum
1585 1269 1781 1368 apud
1822 1270 2203 1369 collegium
2255 1271 2397 1342 hoc

260 1381 728 1453 tribunorum
785 1380 1056 1478 plebis,
1112 1406 1343 1477 quum
1400 1406 1656 1452 eorum
1717 1378 2097 1451 omnium³
2159 1378 2395 1451 edicto

258 1518 413 1563 non
448 1492 695 1562 liceret
730 1515 1171 1588 quemquam
1225 1498 1471 1563 Romae
1508 1515 1695 1579 esse,
1742 1491 1870 1587 qui
1915 1493 2018 1560 rei
2072 1490 2400 1588 capitalis

260 1602 781 1675 condemnatus
817 1616 1039 1688 esset,
1066 1603 1285 1699 egisse
1315 1627 1604 1673 causam
1638 1601 1913 1673 Sthenii
1938 1626 1957 1686 3
1987 1624 2214 1696 quum
2243 1625 2396 1671 rem

259 1718 359 1783 ita
395 1716 885 1810 exposuissem
908 1767 928 1798 ‚
956 1712 1574 1809 quemadmodum
1606 1736 1803 1782 nunc
1841 1709 2033 1808 apud
2070 1734 2234 1797 vos,
2272 1709 2400 1779 do-

261 1824 713 1918 cuissemque
754 1822 942 1892 hanc
988 1822 1527 1893 damnationem
1567 1822 1781 1893 duci‘*
1829 1846 1979 1891 non
2025 1835 2399 1917 oportere,

260 1931 597 2002 tribunos
634 1930 866 2028 plebis
902 1931 1043 2002 hoc
1080 1934 1446 2013 statuisse,
1485 1930 1711 2029 idque
1744 1929 1835 2002 de
1873 1932 2201 2002 omnium
2238 1955 2397 2000 sen-

260 2045 483 2111 tentia
521 2041 1071 2137 pronuntiatum
1111 2066 1303 2127 esse,
1364 2067 1511 2113 NON
1563 2066 1801 2112 vmmu
1850 2028 2234 2111 S‘a‘nzmtm
2275 2066 2397 2111 ιΜ-

258 2176 498 2221 rnnuu
524 2175 782 2221 nmero
804 2205 823 2236 ‚
853 2175 997 2233 Quo
1028 2176 1250 2221 Minus
1273 2177 1337 2221 m
1360 2177 1651 2223 mcmm‘r
1681 2158 1915 2222 Rom:
1943 2176 2117 2221 rssn.
2149 2153 2395 2241 Quum

259 2261 411 2333 haec
447 2262 538 2332 ad
575 2264 788 2332 istum
835 2259 1290 2346 afferrentur,
1328 2266 1570 2332 timuit
1612 2259 2044 2358 aliquandO,
2091 2274 2163 2330 et
2196 2283 2392 2330 com·

259 2387 503 2444 motus
543 2387 681 2461 est;
721 2373 937 2444 vertit
964 2367 1283 2468 stylum⁵
1332 2373 1403 2442 in
1452 2370 1714 2444 tabulis
1765 2373 1961 2442 suis:
2005 2394 2154 2467 quo
2204 2368 2396 2441 facto

258 2507 544 2554 causam
582 2506 876 2552 omnem
912 2485 1166 2553 evertit
1201 2507 1405 2552 suam
1437 2510 1453 2553 ε
1499 2480 1682 2552 nihil
1725 2482 1918 2550 enim
1962 2480 2100 2550 sibi
2135 2482 2395 2577 reliqui

258 2588 466 2675 fecit,
512 2589 713 2686 quod
748 2589 1038 2662 defendi
1075 2592 1314 2687 aliqua
1343 2594 1625 2661 ratione
1663 2603 1926 2688 posset.
1971 2593 2155 2660 Nam
2201 2591 2259 2658 si
2295 2591 2392 2659 ita

260 2697 721 2770 defenderet:
758 2703 979 2796 recipi
1022 2725 1290 2771 nomen
1338 2699 1653 2771 absentis
1695 2700 1901 2796 licet3
1941 2697 2084 2770 hoc
2126 2698 2278 2767 fieri
2316 2700 2391 2767 in

261 2812 628 2907 provincia
661 2808 858 2880 nulla
887 2807 1001 2878 lex
1019 2824 1252 2881 vetat:
1289 2809 1469 2881 mala
1489 2825 1562 2881 et
1591 2807 1921 2908 improba
1944 2806 2390 2894 defensione,

261 2944 511 2991 verum
545 2920 781 3017 aliqua
820 2935 1058 2990 tamen
1097 2924 1204 2991 uti
1242 2922 1631 2993 videretur.
1681 2924 2054 2991 Postremo
2095 2918 2217 2990 illo
2261 2918 2390 2990 de-

259 3034 742 3129 speratissimo
779 3028 1111 3127 perfugio
1139 3031 1248 3100 uti
1284 3046 1558 3128 posset,
1602 3053 1677 3100 se
1710 3027 2245 3127 imprudentem
2283 3026 2390 3100 fe-

261 3143 476 3228 cisse,
520 3145 960 3213 existimasse
994 3140 1063 3210 id
1097 3142 1308 3212 licere
1338 3169 1352 3212 :
1388 3164 1835 3238 quamquam
1864 3137 2387 3237 perditissima⁶

331 3345 459 3392 m.
513 3360 557 3392 1.
602 3344 708 3391 ulis
758 3342 1062 3406 temporibus.
1111 3341 1281 3388 Paucis
1367 3343 1503 3389 nium
1535 3340 1748 3388 unanimi
1780 3354 2049 3395 consensu,
2090 3338 2306 3386 edictum
2330 3355 2386 3387 ae

259 3433 373 3488 poet
430 3423 785 3470 damnationem
843 3420 1046 3484 diebus,
1101 3420 1281 3485 quibus
1366 3421 1603 3468 sancitum
1626 3420 1750 3467 illud
1776 3419 1921 3466 fuisse
1946 3418 2149 3466 indicat.

260 3504 466 3549 Romam
491 3513 546 3549 ea
573 3517 649 3549 re·
674 3500 856 3564 perlata
878 3511 1005 3558 erat,
1024 3501 1280 3564 nuntiique
1442 3508 1491 3555 4.
1519 3498 1662 3546 Daci,
1685 3498 1864 3546 Habet-i
1888 3508 2129 3559 tamquam
2156 3498 2384 3546 condem-

255 3584 413 3630 nom
436 3581 488 3628 in
510 3581 814 3643 provinciam
835 3580 1029 3628 reversi.
1364 3580 1625 3627 nationem.
1827 3579 1830 3582 '

327 3676 376 3709 a.
420 3662 491 3709 Μ.
530 3660 839 3708 Palicanum.
887 3659 1055 3706 Lolliae
1092 3659 1277 3722 gentis,
1437 3659 1489 3706 5.
1515 3658 1668 3705 Vertit
1682 3659 1872 3718 stylum.
1897 3655 2088 3702 Delevit
2108 3671 2218 3720 quae
2244 3667 2383 3705 antea

254 3755 358 3804 qno
383 3740 583 3789 tribuno
604 3741 759 3803 plebis
776 3751 974 3788 auctore
989 3774 1003 3799 ‚
1024 3738 1274 3788 tribunitia
1364 3738 1635 3801 scripserat.
1654 3736 1779 3800 styli
1804 3752 1918 3800 pars
1938 3735 2084 3782 altera
2103 3770 2117 3795 ‚
2142 3752 2239 3798 qua
2267 3737 2386 3784 acri-

250 3829 491 3883 potestas,
529 3836 557 3867 a
582 3819 715 3867 Sulla
749 3818 1011 3882 adempta,
1054 3833 1143 3881 per
1175 3821 1272 3868 Cn.
1361 3818 1584 3876 bebatur,
1617 3817 1670 3864 in
1696 3832 1899 3865 aenmen
1926 3815 2196 3872 desinebam
2233 3816 2381 3863 altera

248 3900 535 3963 Pompeium
554 3898 804 3946 consulem
821 3909 893 3946 est
910 3897 1275 3950 restituta.Vid.
1361 3908 1463 3945 erat
1493 3897 1637 3962 plana
1654 3931 1668 3955 ‚
1696 3907 1746 3945 et
1770 3907 1882 3961 apta
1918 3896 1981 3944 ad
2011 3895 2271 3944 delendum
2301 3895 2351 3941 id
2367 3930 2380 3950 ,

249 3979 388 4025 Brut.
413 3994 460 4027 c.
491 3978 589 4035 δας
627 3977 688 4024 ad
721 3980 826 4042 ᾼῑι.
849 3980 889 4032 Ι,
921 3993 965 4025 ι.
992 3976 1105 4023 Vnt.
1130 3976 1266 4024 Max.
1360 3978 1496 4040 quod
1538 3978 1771 4042 scriptum
1815 3979 1988 4025 suerat.
2035 3976 2165 4023 Hinc
2206 3979 2377 4023 Horat.

248 4058 347 4116 m,
375 4058 403 4105 8
421 4092 436 4116 ‚
473 4057 522 4104 3.
1361 4059 1458 4106 Sat.
1482 4061 1505 4105 1
1522 4091 1537 4114 ,
1568 4073 1652 4116 10,
1675 4072 1760 4116 72,
1788 4073 1947 4120 «saepe
1966 4054 2148 4118 stylum
2168 4065 2380 4102 vertas».

321 4136 370 4184 3.
393 4136 635 4184 Omnium.
656 4136 771 4183 Non
790 4138 948 4183 otiosa
973 4135 1053 4182 hic
1073 4145 1145 4181 eat
1169 4150 1269 4183 vox
1429 4139 1483 4184 6.
1511 4135 1718 4185 Addunt
1744 4134 1848 4182 ἠως
1869 4135 2012 4182 multi
2038 4132 2248 4180 editores
2266 4167 2280 4191 ,
2305 4133 2378 4178 in-

247 4204 357 4264 illa;
373 4209 550 4256 etenim
569 4206 703 4255 nulla
720 4208 1079 4266 intercessione,
1096 4223 1153 4253 ae
1170 4222 1269 4254 om-
1358 4226 1428 4263 ιρι-
1453 4230 1580 4279 quos
1603 4213 1798 4262 Ignem,
1825 4215 1872 4260 J,
1889 4217 1950 4261 v,
1975 4215 2026 4260 1„
