3044 4788
581 480 719 549 DE
766 479 1282 549 PRAETORE
1331 478 2066 549 PROVINCIALI.
2246 473 2386 571 539

260 600 701 687 suspicionem
748 623 865 689 per
907 600 1221 689 quosdam
1271 599 1570 666 beneficii
1627 601 1727 664 sui
1779 600 2191 664 centuriones
2214 630 2274 680 ι,
2318 598 2387 661 id

263 723 385 789 est,
407 730 574 794 quos
605 708 741 795 ipse
768 707 848 772 ad
883 709 1404 773 centurionatum
1434 723 1864 797 promoverat.
1882 707 1967 771 Hi
2001 706 2156 770 tales
2187 704 2389 769 bene·

263 811 488 876 ficiarii
522 813 945 902 appellantur.

352 918 558 983 Porro
593 919 858 983 comites
895 920 1381 1008 magistratuum
1413 942 1489 982 ex
1515 919 1785 983 cohorte
1823 917 2115 1006 praetoria
2147 915 2393 979 defere-

264 1023 526 1104 bantur,
553 1046 684 1087 non
715 1040 789 1087 ut
816 1022 1206 1088 beneficiarii
1235 1024 1469 1086 milites
1488 1040 1879 1104 crearentur,
1895 1021 2008 1087 sed
2034 1021 2304 1085 honoris
2326 1037 2391 1085 et

262 1128 846 1193 commendationis
867 1149 1077 1211 causa,
1111 1143 1187 1190 ut
1211 1128 1264 1191 is
1295 1129 1507 1191 honos
1538 1128 1628 1191 eis
1650 1127 1997 1215 aliquando
2024 1126 2390 1216 prodesset,

264 1249 383 1297 aut
422 1234 488 1296 in
533 1233 895 1298 honoribus
935 1233 1443 1322 consequendis,
1491 1229 1606 1297 aut
1635 1234 1934 1322 periculis
1966 1231 2386 1298 declinandis.

266 1339 438 1427 Lips.
458 1338 540 1403 ad
558 1340 709 1404 Tac.
735 1339 896 1404 Hist.
912 1339 1024 1421 IV,
1042 1363 1098 1404 c.
1121 1339 1225 1418 48.

358 1444 448 1507 Ut
469 1443 875 1531 praesidibus‚
904 1445 1017 1532 qui
1045 1445 1212 1509 bene
1234 1467 1303 1509 se
1325 1445 1393 1507 in
1419 1444 1750 1533 provincia
1771 1443 2114 1533 gessissent
2130 1492 2148 1525 ,
2177 1444 2391 1532 magni

270 1548 512 1615 ibidem
544 1566 608 1614 et
640 1551 708 1614 in
744 1552 920 1616 Urbe
951 1551 1234 1631 honores
1270 1564 1427 1616 sunt
1456 1552 1698 1631 habiti3
1738 1550 1829 1614 sic
1854 1565 2079 1627 contra
2099 1598 2118 1631 ‚
2151 1550 2201 1613 si
2236 1549 2395 1638 quid

272 1638 725 1741 deliquissent,
750 1655 1066 1734 judicium
1089 1678 1167 1720 ex
1196 1656 1447 1746 legibus
1482 1655 1701 1719 subire
1717 1654 2133 1735 jubebantur.
2162 1654 2397 1717 Tribus

274 1776 488 1823 autem
509 1762 972 1849 quaestionibus
994 1762 1402 1849 potissimum
1423 1763 1692 1825 fuerunt
1710 1759 1976 1824 obnoxii
1995 1782 2011 1841 3
2039 1757 2368 1846 peculatus
2382 1806 2399 1838 ‚

275 1869 330 1929 si
355 1866 668 1954 praedam,
689 1883 803 1930 aut
825 1868 1167 1955 pecuniam
1191 1867 1516 1955 publicam
1549 1866 1953 1946 avertissent;
1985 1886 2121 1952 quo
2150 1862 2399 1942 judicio

277 1972 469 2036 etiam
515 1989 897 2060 quaestoreS,
948 1974 1174 2062 legati,
1227 1972 1450 2036 scribae
1492 1994 1719 2035 eorum
1758 1970 2050 2035 obstricti
2092 1970 2398 2032 fuerunt:

279 2079 656 2158 majestatis,
690 2080 742 2142 si
765 2095 878 2142 aut
904 2079 1277 2160 exercitum,
1298 2095 1411 2142 aut
1443 2077 1837 2166 provinciam
1870 2076 2044 2139 hosti
2079 2042 2403 2164 prodidis>

279 2199 454 2262 sent;
488 2200 601 2246 aut
626 2182 798 2247 ultro
816 2183 1170 2247 exercitum
1193 2206 1228 2247 e
1253 2182 1581 2271 provincia
1600 2181 2000 2263 eduxissent3
2025 2197 2137 2244 aut
2154 2180 2399 2243 bellum

279 2287 417 2352 sine
460 2290 1020 2353 senatusconsulto
1068 2289 1437 2352 intulissent
1461 2312 1476 2352 :
1531 2286 2037 2376 repetundarum
2055 2334 2073 2366 ,
2119 2287 2170 2348 si
2224 2308 2291 2349 se
2330 2285 2399 2347 in

281 2396 489 2458 socios
515 2411 628 2457 aut
657 2418 861 2476 avare,
887 2411 1001 2460 aut
1026 2396 1325 2485 superbe,
1357 2411 1471 2460 aut
1502 2392 1867 2474 libidinose,
1891 2408 2005 2456 aut
2034 2390 2400 2473 crudeliter,

282 2515 394 2563 aut
425 2499 662 2578 injuste
694 2501 1058 2588 gessissent.

369 2604 500 2666 Lex
531 2601 613 2666 de
645 2603 1015 2690 repetundis
1049 2603 1324 2667 maxime
1351 2602 1597 2666 socialis
1625 2602 1786 2683 fuit3
1821 2624 1895 2665 ea
1926 2602 2400 2688 provinciarum

282 2709 452 2772 salus
489 2708 944 2772 continebatur
975 2731 990 2772 ι
1025 2731 1097 2772 ea
1127 2708 1433 2797 postulati
1465 2707 1764 2795 plurimi,
1798 2707 2105 2789 damnati,
2132 2705 2404 2771 florente

283 2814 606 2903 republica
625 2861 643 2894 ,
677 2813 898 2895 multi,
933 2815 1122 2901 pauci
1151 2814 1428 2879 absoluti
1462 2829 1636 2878 sunt.

372 2920 568 2983 Initio
605 2919 884 2983 diximus
917 2937 1299 3007 quaestorem
1337 2920 1534 2983 fuisse
1582 2919 1779 2983 alium
1823 2920 2168 3007 provinciae
2200 2919 2405 3007 magi-

286 3036 553 3085 stratum
571 3071 589 3103 ‚
612 3037 806 3109 atque
828 3036 1178 3108 separatam
1204 3021 1399 3085 fuisse
1428 3022 1587 3101 ejuS,
1613 3036 1675 3084 et
1691 3020 1974 3108 praesidis
2001 3035 2405 3109 potestatem,

286 3121 459 3209 apud
486 3144 681 3209 quem
710 3145 844 3186 non
878 3121 1158 3203 asseclae,
1184 3120 1297 3185 sed
1330 3121 1442 3185 filii
1474 3122 1693 3186 locum
1726 3122 2024 3185 obtinuit.
2050 3124 2246 3186 Nunc
2268 3121 2407 3184 reli-

287 3245 489 3309 quum
524 3240 620 3287 est
646 3240 721 3286 ut
752 3246 896 3310 quae
926 3222 1007 3286 ad
1033 3245 1182 3286 eum
1214 3223 1575 3312 pertinent,
1596 3223 1814 3312 paucis
1847 3222 2200 3312 expediam.
2224 3224 2407 3304 Quo-

285 3328 458 3391 niam
478 3345 758 3416 quaestor
778 3351 944 3416 saepe
975 3330 1112 3393 sine
1132 3351 1254 3393 suo
1273 3347 1544 3418 praetore
1566 3330 1631 3392 in
1654 3329 2045 3417 provinciam
2078 3330 2406 3416 profectus

288 3450 404 3515 est,
439 3456 604 3522 saepe
649 3435 839 3498 etiam
886 3459 1020 3498 non
1063 3434 1237 3498 idem
1281 3436 1604 3523 quaestorii
1651 3435 1939 3499 muneris
1973 3433 2247 3498 ineundi
2280 3433 2404 3497 fuit

288 3539 460 3619 dies,
495 3562 568 3602 ac
600 3541 896 3627 praetorii.
928 3540 1126 3624 Quod
1164 3542 1278 3605 ubi
1312 3542 1522 3606 evenit
1543 3590 1561 3623 ,
1594 3542 1789 3606 simul
1825 3540 1983 3604 illud
2019 3540 2210 3604 etiam
2246 3525 2406 3603 con-'-

287 3644 432 3732 tigit
465 3661 541 3707 ut
572 3643 737 3709 duos
773 3663 1119 3733 quaestores
1155 3669 1386 3734 praeses
1419 3670 1590 3711 unus
1627 3646 1855 3712 eodem
1894 3668 2067 3709 anno
2108 3661 2220 3709 aut
2255 3667 2407 3709 sane

289 3749 499 3836 aliqua
523 3765 702 3836 parte
735 3752 887 3813 anni
916 3751 1249 3833 habuerit3
1283 3770 1360 3815 ut
1395 3753 1619 3817 Cicero
1644 3754 1886 3816 Rufum
1923 3767 1987 3816 et
2014 3753 2279 3816 Caelium
2301 3775 2319 3831 3
2345 3767 2411 3814 et

292 3853 456 3918 duos
483 3853 780 3942 praesides
800 3873 1080 3942 qnaestor
1106 3879 1315 3937 unus,
1343 3874 1418 3921 ut
1449 3860 1561 3945 qui
1589 3859 1657 3922 in
1683 3859 1891 3923 Sicilia
1913 3859 2139 3938 Verre,
2168 3879 2241 3920 ac
2267 3856 2408 3920 Me-

291 3959 442 4023 tello
479 3959 861 4048 praetoribus
895 3977 1177 4048 quaestor
1206 3961 1349 4026 fuit.

379 4065 525 4130 Dixi
551 4066 940 4154 provinciale
971 4088 1211 4130 munus
1228 4085 1624 4156 quaestorum
1648 4069 1845 4132 fuisse
1868 4090 2088 4133 curam
2121 4065 2410 4154 pecuniae

293 4170 583 4258 publicae.
620 4170 708 4233 Ea
743 4171 865 4234 fuit
898 4169 1171 4259 duplex,
1199 4173 1506 4237 attributa
1540 4187 1604 4235 et
1640 4173 1982 4261 vectigalis.
2029 4172 2140 4236 Illa
2177 4169 2409 4257 depro-
