3044 4788
544 394 690 493 176
1255 396 1831 466 ExcuRsus
1879 398 1934 466 1.

531 530 680 616 plus
707 525 994 590 veritatis
1023 527 1220 612 quam
1247 523 1601 613 disciplinae
1627 524 2001 613 possidebat
2026 525 2095 589 in
2124 548 2229 592 se:
2269 548 2421 592 eum
2458 549 2675 617 popu-

532 635 633 698 lus
675 653 986 696 romanus
1018 630 1353 695 meliorem
1383 631 1633 708 virum,
1673 654 1873 719 quam
1905 631 2289 698 histrionem
2321 655 2459 697 esse
2499 635 2675 698 arbi-

537 738 870 803 trabatur:
906 737 994 800 ita
1029 735 1446 825 dignissimus
1483 753 1621 801 erat
1659 759 1850 801 scena
1884 754 2150 826 propter
2190 738 2563 822 artificium,
2602 755 2679 804 ut

534 846 951 937 dignissimus
987 860 1156 908 esset
1190 844 1368 908 curia
1400 860 1670 934 propter
1697 844 2213 910 abstinentiam».
2261 847 2391 910 Pro
2416 848 2676 911 Comoe·

537 952 626 1017 do
643 1001 661 1034 ,
699 974 838 1040 cap.
859 950 923 1015 6.

626 1057 796 1121 Talis
838 1056 1001 1138 fuit,
1063 1055 1116 1119 si
1154 1055 1368 1119 Tullio
1409 1055 1661 1138 credis,
1717 1057 1802 1139 Q.
1839 1055 2143 1139 Roscius,
2182 1057 2376 1121 Tullii
2422 1081 2675 1123 amores

541 1182 605 1228 et
663 1163 936 1243 deliciae,
996 1184 1193 1250 quem
1256 1162 1395 1251 ipse
1440 1180 1668 1227 contra
1704 1164 2026 1227 Fannium
2067 1163 2394 1228 Chaeream
2448 1162 2676 1228 defen-

541 1269 669 1350 dit,
724 1284 791 1332 et
844 1267 1027 1348 cujus
1093 1267 1357 1331 hortatu
1416 1268 1767 1350 Quintium
1833 1285 2022 1333 antea
2084 1266 2463 1333 defenderat
2517 1268 2678 1358 (pro

549 1373 863 1459 Quintio,
896 1396 1032 1461 cap.
1071 1371 1214 1460 24):
1244 1372 1429 1451 cujus
1468 1372 1537 1435 in
1580 1372 1984 1463 disciplinam
2021 1396 2315 1439 summus
2350 1375 2454 1439 ille
2484 1375 2580 1438 vir
2612 1396 2680 1438 se

545 1479 892 1545 tradiderat
924 1477 1321 1559 adolescens,
1350 1494 1427 1541 ut
1462 1477 1544 1541 ab
1581 1478 1693 1543 illo
1714 1480 1782 1543 in
1802 1481 2092 1564 actione,
2128 1503 2273 1569 quae
2298 1481 2366 1544 in
2402 1479 2680 1545 dicendo

545 1609 680 1650 una
705 1583 1104 1665 dominatur,
1140 1583 1297 1647 etin
1331 1606 1461 1671 qua
1488 1584 1625 1673 ipse
1659 1585 2023 1667 laborabat,
2062 1602 2469 1651 exerceretur
2506 1586 2684 1674 (Plu-

548 1692 751 1757 tarch.
785 1692 852 1754 in
902 1690 1035 1754 Cic.
1073 1711 1214 1776 cap.
1247 1688 1344 1778 5):
1381 1712 1536 1754 cum
1576 1713 1707 1780 quo
1741 1691 1967 1756 ludere
2001 1708 2229 1780 postea
2258 1693 2487 1756 solitus
2525 1692 2686 1773 fuit,

546 1815 646 1880 et,
679 1796 838 1861 dum
875 1795 1169 1859 animum
1202 1794 1571 1859 forensibus
1603 1797 1934 1860 laboribus
1969 1795 2308 1884 fatigatum
2338 1812 2687 1878 recrearet,

550 1902 947 1969 contendere
988 1917 1211 1965 utrum
1269 1901 1374 1964 ille
1421 1902 1654 1990 saepius
1707 1901 2001 1966 eamdem
2049 1904 2437 1967 sententiam
2495 1903 2687 1967 variis

551 2008 840 2099 gestibus
873 2005 1182 2087 efficeret,
1224 2029 1307 2069 an
1342 2007 1478 2095 ipse
1516 2029 1633 2094 per
1667 1993 2051 2096 eloquentiae
2095 2008 2346 2097 copiam
2385 2028 2689 2071 sermone

551 2114 809 2178 diverso
837 2111 1310 2200 pronuntiaret.
1353 2113 1517 2193 Quae
1558 2135 1661 2175 res
1695 2111 1780 2176 ad
1816 2112 1986 2177 hanc
2017 2113 2170 2177 artis
2212 2136 2345 2177 suoe
2385 2111 2688 2176 fiduciam

551 2218 858 2282 Roscium
904 2216 1246 2297 abstraxit,
1296 2232 1372 2280 ut
1402 2215 1646 2281 librum
1691 2218 2164 2295 conscriberet,
2212 2242 2345 2306 quo
2377 2219 2691 2306 eloquen-

555 2326 712 2388 tiam
757 2345 907 2386 cnm
955 2321 1295 2386 histrionia
1344 2339 1765 2413 compararet.
1812 2323 2105 2390 Macrob.
2144 2325 2404 2389 Saturn.
2435 2325 2532 2406 ΙΙ,
2586 2346 2687 2387 ιο.

552 2429 745 2494 Unde
794 2428 1046 2494 doctum
1083 2452 1234 2493 eum
1281 2446 1468 2493 vocat
1519 2430 1866 2512 Horatius,
1907 2431 2107 2520 Epist.
2140 2431 2236 2513 11,
2279 2454 2337 2514 1,
2373 2429 2481 2495 81.

642 2534 769 2601 Sed
796 2550 1038 2623 quanta
1065 2536 1264 2623 gratia
1295 2532 1587 2599 floruerit
1604 2553 1670 2600 et
1688 2537 1889 2626 gloria
1913 2537 2207 2620 Roscius,
2235 2537 2396 2602 illud
2417 2536 2694 2601 maxime

558 2642 821 2724 indicat,
854 2640 1036 2729 quod
1065 2663 1214 2705 eum
1245 2642 1317 2706 L.
1345 2642 1520 2706 Sulla
1543 2642 1842 2725 dictator,
1864 2644 1968 2707 cui
1993 2644 2358 2708 carissimus
2389 2644 2545 2722 fuit,
2577 2665 2695 2705 an-

559 2750 718 2813 nulo
735 2766 936 2812 aureo
959 2745 1316 2830 donaverit,
1333 2763 1398 2811 et
1425 2746 1790 2812 mercedem
1813 2748 2117 2813 diurnam
2137 2748 2218 2813 de
2238 2749 2501 2839 publico
2524 2746 2697 2811 mille

559 2853 883 2934 denarios,
908 2853 1053 2941 gall.
1070 2853 1200 2918 820
1220 2854 1298 2916 fr.
1316 2853 1454 2917 sine
1475 2853 1839 2943 gregalibus
1855 2852 2033 2919 solus
2054 2852 2389 2944 acceperit.
2405 2852 2695 2918 Macrob.

561 2959 648 3022 ib.
673 2957 872 3041 Quod
902 2974 1117 3023 tamen
1138 2957 1221 3022 de
1239 2959 1389 3022 solis
1408 2959 1529 3023 illis
1548 2959 1777 3024 diebus
1793 2961 2205 3051 interpretor,
2222 2960 2460 3048 quibus
2483 2960 2552 3022 in
2575 2980 2701 3023 sce-

561 3087 712 3127 nam
747 3061 1085 3152 prodibat:
1118 3063 1402 3151 alioquin
1442 3066 1728 3154 portenti
1764 3066 1972 3130 simile
1997 3082 2196 3148 esset,
2232 3066 2533 3129 histrioni
2554 3064 2699 3128 data

565 3171 761 3235 fuisse
797 3167 1213 3233 denariorum
1251 3169 1534 3253 366,ooo
1575 3195 1825 3255 annua,
1875 3172 2018 3261 gall.
2052 3172 2254 3235 ferme
2291 3169 2572 3253 300,120
2620 3171 2697 3233 fr.

564 3276 887 3367 Equidem
936 3276 1287 3340 immanem
1341 3277 1531 3340 istam
1587 3276 2005 3343 denariorum
2060 3300 2381 3341 summam
2439 3277 2573 3340 fere
2616 3272 2703 3339 ad

565 3385 821 3447 tertiam
851 3383 952 3446 sui
990 3398 1237 3471 partem
1274 3381 1527 3446 Tullius
1564 3383 1854 3466 reducit,
1889 3400 1954 3448 et
1987 3401 2230 3472 aperte·
2257 3383 2540 3448 ostendit
2568 3382 2702 3445 Ro-

567 3489 703 3551 scio
740 3504 1038 3552 sexcenta
1066 3488 1430 3552 sestertium
1464 3489 1698 3572 millia,
1729 3488 1874 3578 gall.
1905 3487 2184 3571 123‚ooo
2215 3491 2293 3553 fr.
2331 3510 2547 3553 annua
2584 3486 2700 3550 de-

569 3608 742 3655 creta
773 3592 969 3656 fuisse
998 3615 1014 3655 :
1054 3616 1199 3679 quae
1238 3594 1345 3656 ille
1377 3594 1538 3683 reip.
1568 3594 1972 3678 remittebat,
1995 3611 2190 3686 atque
2213 3618 2334 3684 pro
2358 3617 2475 3658 sua
2500 3591 2703 3656 animi

571 3694 1020 3784 magnitudine
1074 3696 1507 3762 condonabat.
1570 3699 1804 3788 Neque
1855 3700 2031 3765 enim
2083 3702 2282 3765 ullam
2341 3696 2704 3763 mercedem

572 3801 860 3864 excelsus
908 3817 974 3864 et
1012 3818 1264 3867 erectus
1296 3804 1586 3886 animus,
1630 3822 1863 3893 praeter
1907 3807 2076 3871 hanc
2117 3806 2324 3871 laudis
2359 3804 2705 3896 gloriaeque

572 3904 912 3971 desiderat.
961 3907 1115 3989 Quo
1148 3923 1441 3996 tempore
1472 3907 1769 3976 defendit
1814 3913 1898 3995 Q.
1925 3914 2232 3978 Roscium
2267 3913 2530 3992 Cicero,
2578 3909 2709 3974 hoc

572 4029 704 4094 est,
750 4034 925 4075 anno
957 4011 1124 4099 677,
1171 4011 1314 4091 jam.
1338 4014 1491 4076 anni
1530 4035 1713 4083 erant
1746 4018 2009 4105 decem,
2057 4042 2136 4084 ex
2182 4039 2316 4108 quo
2361 4017 2706 4107 gratuitam
