3044 4788
976 438 1753 508 ARGUMENTUM.
2294 436 2431 521 243

386 571 558 650 coepit
601 586 773 627 causa
815 566 982 625 nonis
1036 568 1334 627 sextilibus
1354 612 1371 639 ,
1426 567 1779 645 duravitque
1826 584 2038 624 novem
2099 563 2303 624 diebus
2359 566 2433 624 ad

385 691 487 728 xlx
513 666 628 725 kal.
655 678 803 744 sept.

461 770 608 824 Tam
643 762 970 821 vehementi
1011 761 1405 822 Ciceronianae
1452 760 1832 821 accusationis
1870 762 2093 838 impetu
2128 763 2437 820 exterritus

384 875 470 920 est
498 860 841 921 Hortensius
857 903 874 929 ,
897 873 964 917 ut
986 859 1185 917 Verris
1216 858 1520 938 desperata
1543 859 1729 918 salute
1745 902 1762 931 ,
1784 857 2183 917 defensionem
2206 880 2434 919 omnem

385 960 703 1029 omitteret,
731 970 790 1017 et
816 957 938 1035 ipse
953 963 1166 1016 Verres
1191 976 1309 1014 non
1347 958 1588 1015 alteram
1616 956 1901 1015 actionem
1931 971 2292 1035 exspectans,
2335 976 2439 1016 sua

385 1068 593 1134 sponte
644 1053 851 1113 abierit
894 1053 956 1111 in
996 1053 1259 1112 exsilium
1276 1097 1293 1126 ,
1336 1054 1397 1111 in
1446 1072 1567 1132 quo
1608 1074 1788 1132 quum
1832 1054 2221 1113 consenuisset
2239 1097 2256 1127 ,
2304 1072 2439 1111 eum

387 1152 737 1235 proscriptio
772 1152 1143 1210 triumviralis
1165 1194 1182 1224 ,
1226 1172 1357 1229 quae
1383 1151 1727 1211 Ciceronem
1752 1151 1874 1228 jam
1904 1163 2072 1210 antea
2099 1151 2442 1220 sustulerat,

387 1250 644 1311 abstulit.
682 1249 1075 1327 Proscriptum
1103 1254 1348 1307 Verrem
1382 1247 1456 1307 ab
1484 1250 1736 1307 Antonio
1771 1248 1942 1307 fuisse
1973 1261 2173 1306 narrat
2199 1247 2444 1321 Plinius,

387 1351 664 1418 XXXIV,
687 1348 743 1419 3,
768 1345 927 1424 quod
954 1337 1272 1404 Corinthiis
1295 1346 1449 1404 vasis
1470 1366 1533 1404 se
1559 1345 1615 1403 ei
1639 1365 1935 1404 cessurum
1954 1345 2296 1423 negavisset.

470 1450 605 1503 Non
625 1441 940 1500 absurdum
967 1442 1140 1500 fuerit
1165 1461 1403 1500 monere
1431 1442 1808 1500 Plutarchum
1831 1484 1848 1515 ,
1886 1442 1946 1499 in
1969 1441 2091 1500 vita
2114 1440 2441 1512 Ciceronis,

393 1540 465 1598 de
496 1552 618 1598 tota
642 1540 837 1598 Verris
868 1539 968 1597 lite
1005 1538 1086 1597 sic
1126 1538 1328 1617 loqui,
1370 1551 1437 1596 ut
1472 1539 1648 1617 plane
1688 1539 1900 1617 hospes
1930 1551 1988 1596 et
2014 1538 2354 1616 peregrinus
2376 1537 2440 1594 in

393 1637 633 1695 historia
657 1654 892 1693 romana
919 1655 1042 1693 esse
1065 1634 1350 1693 videatur.
1368 1633 1520 1693 Vide
1547 1632 1622 1692 ad
1647 1634 1765 1695 Cic.
1781 1635 1885 1694 vit.
1904 1632 2117 1695 Rualdi
2136 1631 2440 1744 Animadv-

397 1738 609 1807 XXX,
637 1747 696 1793 et
715 1733 896 1792 ultim.
919 1732 994 1791 ad
1015 1731 1165 1791 hanc
1184 1746 1330 1791 orat.
1351 1746 1572 1792 notam.

2112 4240 2217 4309 16.
