3044 4788
728 455 837 523 IN
885 454 1318 522 VERREM
1366 452 1578 522 ACT.
1631 454 1739 537 11,
1791 456 1975 524 LIB.
2030 458 2129 525 ΙΙ.
2349 460 2490 544 435

362 576 745 648 videretur.
784 573 1009 645 Simul
1051 588 1270 670 atque
1305 598 1442 669 ego
1479 575 1554 643 in
1591 575 1900 671 Siciliam
1937 580 2141 667 veni,
2172 596 2491 656 mutatus

362 701 489 757 est.
511 691 828 757 Venerat
857 682 947 755 ad
981 708 1148 754 eum
1175 682 1298 753 illo
1326 682 1554 755 biduo
1582 686 1880 757 Letilius
1902 688 2198 785 quidam
2218 745 2238 778 ,
2265 691 2489 765 homo

359 820 511 866 non
542 794 819 866 alienus
860 818 901 864 a
941 793 1207 864 literis⁷
1245 819 1260 862 ε
1300 795 1547 889 itaque
1585 818 1674 865 eo
1706 797 1845 867 iste
1883 797 2255 871 tabellario
2298 827 2486 874 sem-

356 929 490 1002 per
515 929 691 976 usus
727 917 853 975 est.
893 907 961 974 Is
999 902 1336 1000 epistolas
1372 903 1782 1001 complures
1820 906 2154 979 attulerat
2193 937 2210 980 :
2256 912 2330 983 in
2377 913 2488 985 his

352 1039 573 1086 unam
626 1015 888 1101 dom0,
945 1038 1107 1111 quae
1162 1026 1396 1083 totum
1440 1014 1854 1086 immutarat
1894 1015 2287 1091 hominem.
2351 1029 2487 1095 Re-

351 1141 574 1223 pente
610 1128 836 1224 coepit
869 1123 1108 1195 dicere
1131 1175 1150 1209 ,
1186 1146 1262 1193 se
1293 1123 1538 1209 omnia
1574 1126 1815 1194 Verris
1856 1149 2068 1197 causa
2101 1130 2319 1217 velle,
2350 1133 2487 1204 sibi

350 1260 518 1306 cum
556 1261 645 1307 eo
686 1235 1072 1306 amicitiam
1111 1232 1768 1328 cognationemque
1814 1258 1988 1306 esse.
2041 1238 2490 1314 Mirabantur

348 1371 606 1417 omnes
622 1401 642 1430 ‚
665 1346 807 1416 hoc
827 1349 891 1415 ei
915 1358 1070 1414 tum
1091 1342 1406 1439 denique
1426 1343 1500 1412 in
1525 1357 1843 1415 mentem
1867 1347 2167 1437 venisse,
2196 1367 2489 1448 postea..

345 1480 570 1552 quam
617 1470 764 1526 tam
816 1452 1060 1525 multis
1098 1476 1266 1524 eum
1315 1450 1515 1523 factis
1571 1452 2025 1551 decretisque
2065 1457 2486 1554 jugulasset.

345 1570 569 1636 Erant
592 1569 720 1663 qui
745 1577 1121 1663 putarent,
1148 1561 1483 1634 Letilium
1516 1561 1830 1660 legatum
1853 1588 1895 1635 a
1913 1571 2140 1639 Verre
2168 1574 2450 1644 venisse
2469 1628 2488 1656 ‚

344 1677 479 1772 qui
506 1681 834 1774 gratiam,
872 1674 1258 1744 amicitiam
1290 1674 1948 1770 cognationemque
1976 1700 2487 1751 commemora-

341 1801 479 1856 ret.
516 1790 623 1856 Ex
662 1785 783 1855 illo
822 1798 1150 1882 tempore
1188 1806 1229 1852 a
1272 1781 1677 1853 civitatibus
1714 1782 2162 1857 laudationes
2199 1804 2484 1884 petere3

341 1909 564 1967 testes
601 1920 753 1966 non
789 1895 1025 1966 solum
1064 1892 1427 1964 deterrere
1463 1891 1735 1977 verbis,
1775 1892 1902 1966 sed
1945 1895 2162 1966 etiam
2202 1900 2274 1967 vi
2316 1901 2486 1969 reti-

337 2032 521 2079 nere
549 2007 791 2103 coepit.
831 2003 1047 2096 Quod
1076 2027 1213 2100 ego
1247 2003 1387 2072 nisi
1423 2026 1590 2074 meo
1623 1999 1936 2072 adventu
1965 2002 2155 2075 illius
2183 2022 2486 2078 conatus

336 2116 875 2216 aliquantulum
914 2114 1451 2211 repressissem,
1493 2126 1568 2182 et
1597 2111 1793 2210 apud
1829 2113 2109 2184 Siculos
2147 2140 2297 2185 non
2344 2123 2488 2189 Me-

334 2227 529 2315 telli,
560 2226 686 2298 sed
725 2219 1176 2296 Glabrionis⁸
1214 2221 1479 2310 literiS,
1504 2246 1588 2294 ac
1626 2222 1782 2320 lege
1820 2246 2292 2320 pugnassem;
2338 2242 2483 2297 tam

333 2337 614 2409 multos
653 2337 797 2407 huc
839 2357 1138 2406 evocare
1178 2357 1330 2404 non
1374 2331 1795 2429 potuissem.

439 2451 730 2516 XXVII.
773 2451 1042 2517 Verum
1065 2498 1085 2532 ,
1126 2441 1332 2540 quod
1366 2443 1648 2513 institui
1685 2441 1958 2528 dicere,
1999 2447 2319 2516 miserias
2358 2472 2479 2520 co·

341 2560 668 2653 gnoscite
708 2555 1137 2625 Siculorum.
1178 2552 1546 2623 Heraclius
1582 2551 1700 2622 ille
1738 2566 1812 2621 et
1860 2555 2227 2648 Epicrates
2263 2555 2479 2653 longe

342 2665 522 2735 mihi
542 2663 827 2734 obviam
848 2688 1013 2734 cum
1034 2666 1181 2734 suis
1202 2660 1546 2732 omnibus
1577 2675 2129 2758 processerunt3
2160 2665 2482 2746 venienti

342 2781 724 2873 Syracusas
762 2787 1065 2871 egerunt
1099 2774 1391 2870 gratias,
1451 2771 1743 2857 flentes;
1781 2775 2087 2841 Romam
2130 2769 2481 2847 decedere

342 2911 628 2959 mecum
660 2888 1072 2984 cupierunt.
1098 2883 1318 2972 Quod
1348 2897 1558 2953 erant
1584 2880 1760 2951 mihi
1790 2880 2062 2978 oppida
2100 2883 2477 2982 complura

340 3001 552 3069 etiam
591 2997 902 3094 reliqua,
933 3019 1094 3091 quae
1122 2987 1318 3064 adire
1350 2991 1608 3062 vellem
1627 3045 1647 3079 ,
1680 2993 2024 3062 constitui
2050 3016 2214 3063 cum
2245 2993 2478 3066 homi·

341 3109 588 3191 nibus,
626 3133 776 3205 quo
811 3107 929 3178 die
961 3104 1137 3174 mihi
1176 3108 1521 3175 Messanae
1562 3115 1821 3199 praesto
1860 3116 2119 3172 essent.
2165 3107 2270 3173 Eo
2301 3105 2478 3175 mihi

339 3223 680 3289 nuntium
718 3218 1070 3287 miserunt
1092 3268 1111 3301 ,
1140 3236 1214 3284 se
1248 3236 1289 3282 a
1318 3225 1627 3309 praetore
1664 3211 1982 3281 retineri.
2016 3211 2304 3300 Quibus
2339 3238 2477 3310 ego

334 3329 835 3398 testimonium
877 3323 1328 3410 denuntiavi,
1371 3343 1687 3417 quorum
1735 3320 2031 3390 nomina
2071 3320 2267 3391 edidi
2321 3326 2474 3393 Me-

336 3436 511 3509 tello
535 3449 554 3480 ¹
584 3465 600 3508 :
632 3435 1075 3534 cupidissimi
1104 3431 1482 3518 veniendi,
1510 3431 1839 3501 maximis
1879 3430 2163 3524 injuriis
2192 3428 2474 3521 affecti,

335 3582 637 3670 videretur».
661 3623 729 3668 At
751 3620 947 3682 vulgata
972 3630 1027 3667 ut
1049 3618 1265 3676 brevior,
1290 3618 1361 3664 sic
1448 3615 1768 3679 quaestionem
1792 3614 2169 3679 repetundarum
2194 3615 2474 3675 exercebat,

333 3711 386 3748 et
408 3701 571 3765 aptior
588 3709 676 3748 est.
698 3701 831 3747 LV.
855 3701 912 3747 L.
1447 3705 1498 3743 et
1535 3695 1761 3745 Ciceroni
1795 3694 1849 3741 in
1888 3694 2101 3742 Siciliam
2141 3694 2475 3759 proficiscenti

408 3797 458 3844 7.
480 3782 529 3829 A
549 3779 714 3828 literis.
733 3782 774 3827 1.
798 3795 840 3827 e.
860 3778 923 3826 ab
941 3777 1176 3842 epistolis,
1187 3785 1358 3840 utpote
1446 3784 1733 3838 potestatem
1751 3773 2029 3837 quarendi,
2042 3774 2352 3824 exscn‘bendi
2370 3792 2474 3824 om-

333 3859 627 3908 tabellarius.
657 3856 984 3920 Suhfrigidior
1008 3857 1170 3904 somn
1191 3857 1356 3916 jocus.
1444 3853 1527 3900 nin
1555 3851 1774 3900 dederat.
1800 3879 1872 3890 —-
1893 3854 2036 3918 Lege.
2058 3854 2289 3904 Cornelia
2315 3854 2377 3903 de
2403 3871 2476 3902 re-

335 3967 402 3976 —
433 3938 695 4003 Epistulas.
720 3935 1041 4000 Inte-lugenda
1066 3934 1166 3983 h.1.
1194 3934 1357 3982 chiro·
1442 3930 1694 3996 petundi».

332 4018 515 4083 gnpln
566 4016 708 4081 (gall.
755 4011 1265 4078 laceres-de-claange),
1303 4023 1359 4060 ut
1517 4011 1737 4059 xxvn.
1771 4026 1820 4058 x.
1845 4010 1999 4059 laidi
2026 4012 2243 4060 flocello.
2280 4011 2477 4062 Scilicet

333 4098 457 4145 infr·
485 4097 622 4146 dicit.
1445 4101 1501 4137 ut
1522 4090 1584 4138 iis
1605 4083 1897 4154 potestatem
1924 4091 2105 4138 faceret
2132 4090 2193 4139 de
2219 4092 2476 4155 provincia

406 4178 455 4225 8.
498 4174 793 4225 Glabrionis.
833 4173 933 4237 Qui
968 4175 1139 4222 Roma
1177 4181 1357 4234 praetor
1448 4167 1746 4217 discedendi.

2137 4256 2248 4324 28.
