3044 4788
662 415 757 485 66
1288 420 1384 485 Μ.
1438 420 1516 485 Τ.
1575 419 2164 487 CICERONIS

657 542 969 636 opprimi
1002 563 1118 609 me
1151 564 1371 611 onere
1416 538 1640 610 officii
1685 540 1912 624 malo,
1943 562 2162 634 quam
2213 536 2327 625 id,
2362 537 2565 634 quod
2616 538 2793 609 mihi

656 672 825 718 cum
858 646 1001 719 fide
1034 650 1250 719 semel
1286 652 1705 747 impositum
1746 664 1889 736 est,
1928 663 2054 718 aut
2084 662 2385 746 propter
2416 647 2792 746 perfidiam

654 757 965 855 abjicere
984 814 1004 844 ‚
1047 773 1173 829 aut
1229 774 1527 856 propter
1580 757 2070 828 infirmitatem
2125 760 2346 826 animi
2400 756 2791 855 deponere.

650 874 749 939 Te
776 894 1074 966 quoque
1104 892 1574 965 magnopere,
1602 872 1699 938 M.
1727 870 1990 954 Fanni,
2031 890 2312 962 quoesm
2346 881 2464 952 ut,
2497 867 2792 964 qualem

652 995 724 1073 te
760 981 906 1074 jam
954 994 1165 1049 antea
1195 977 1472 1075 populo
1516 1001 1819 1047 romano
1867 974 2237 1073 praebuisti
2265 1030 2284 1061 ‚
2334 1001 2565 1071 quum
2618 975 2794 1047 huic

650 1086 844 1156 idem
870 1089 1248 1183 quaestioni
1268 1083 1296 1128 3
1320 1084 1546 1181 judex
1574 1109 1950 1182 praeesses,
1985 1085 2199 1155 talem
2232 1099 2301 1155 te
2336 1100 2409 1155 et
2441 1084 2698 1173 nobis,
2721 1102 2796 1157 et

653 1196 927 1292 populo
966 1219 1268 1265 romano
1306 1193 1449 1265 hoc
1494 1209 1817 1292 tempore
1856 1197 2246 1292 impertias,

747 1310 829 1375 V.
873 1309 1160 1395 Quanta
1194 1304 1590 1376 multitudo
1623 1305 2009 1375 hominum
2051 1308 2473 1376 convenerit
2507 1304 2602 1376 ad
2646 1305 2791 1376 hoc

641 1413 1021 1508 judicium,
1046 1415 1278 1504 vides;
1308 1441 1470 1512 quoe
1496 1418 1589 1484 sit
1616 1418 1946 1485 omnium
1978 1415 2392 1485 mortalium
2424 1432 2795 1513 exspecta-

651 1527 777 1609 tio,
802 1551 962 1622 quae
997 1525 1377 1624 cupiditaS‚
1412 1540 1493 1595 ut
1519 1529 1712 1596 acria
1737 1550 1820 1596 ac
1855 1551 2099 1597 severa
2119 1525 2394 1620 judicia
2429 1524 2645 1613 fiant,
2673 1530 2789 1596 in-

647 1635 923 1731 telligis,
950 1642 1201 1732 Longo
1225 1636 1603 1706 intervallo
1627 1648 1644 1678 ¹
1671 1636 2040 1733 judicium
2060 1639 2251 1706 inter
2274 1639 2612 1707 sicarios-»²
2644 1635 2791 1707 hoc

650 1748 966 1841 primum
1001 1750 1502 1833 committitur,
1541 1771 1771 1842 quum
1805 1748 2080 1816 interea
2112 1743 2341 1816 caedes
2374 1745 2788 1842 indignissi-

646 1880 779 1924 mae
803 1860 1277 1953 maximaeque
1311 1855 1509 1926 factae
1544 1859 1709 1926 sint.
1740 1858 2012 1925 Omnes
2045 1854 2235 1925 hanc
2267 1861 2740 1951 quaestionem
2767 1911 2788 1942 ‚

644 1980 713 2038 te
742 1981 1079 2061 praetore,
1107 1967 1198 2038 de
1222 1963 1620 2038 manifestis
1645 1963 2009 2036 maleficiis
2025 1964 2604 2062 quotidianoque
2627 1991 2790 2036 san-

646 2085 865 2176 guine
892 2075 1090 2147 haud
1124 2079 1487 2148 remissius
1504 2074 1534 2118 ³
1570 2062 1864 2173 sperant
1889 2072 2231 2146 futuram.
2258 2079 2420 2166 Qua
2447 2074 2790 2148 vocifera-

648 2193 845 2262 tione
869 2190 945 2257 in
976 2189 1232 2257 ceteris
1254 2186 1549 2282 judiciis
1580 2200 2032 2257 accusatores
2058 2189 2166 2256 uti
2211 2202 2788 2274 consueverunt,

647 2322 731 2369 ea
757 2321 891 2366 nos
923 2294 1065 2365 hoc
1099 2311 1425 2393 tempore
1447 2299 1744 2384 utimur,
1772 2300 1899 2393 qui
1926 2320 2209 2367 causam
2235 2296 2545 2367 dicimus
2560 2299 2613 2367 ⁴.
2649 2302 2788 2369 Pe-

651 2412 866 2479 timus
897 2405 1163 2493 ahs'te‚
1193 2412 1288 2477 M.
1320 2409 1543 2477 Fanni
1562 2461 1582 2491 ‚
1611 2432 1653 2477 a
1683 2406 2074 2504 vobisque,
2091 2406 2373 2502 judices
2393 2461 2412 2495 ‚
2447 2422 2528 2477 ut
2560 2432 2786 2505 quam

646 2519 989 2588 acerrime
1020 2513 1366 2586 maleficia
1397 2515 1814 2598 vindicetis3
1852 2532 1936 2585 ut
1966 2541 2186 2613 quam
2221 2515 2611 2588 fortissime
2644 2517 2784 2591 ho-

645 2625 967 2697 minibus
1007 2623 1498 2696 audacissimis
1533 2628 1910 2711 resistatis;
1946 2641 2027 2695 ut
2058 2625 2201 2697 hoc
2234 2629 2605 2722 cogitetis,
2641 2631 2785 2699 nisi

643 2743 716 2810 in
742 2737 877 2808 hac
901 2758 1136 2821 causa,
1162 2738 1294 2832 qui
1320 2749 1559 2806 vester
1585 2738 1871 2806 animus
1891 2739 2005 2830 sit,
2033 2735 2464 2824 ostendetis,
2492 2761 2582 2807 eo
2617 2761 2790 2835 pro-

645 2871 980 2943 rumpere
1006 2844 1387 2914 hominum
1408 2845 1905 2942 cupiditatem,
1921 2860 1993 2916 et
2012 2846 2268 2933 scelus,
2289 2861 2362 2917 et
2381 2845 2784 2932 audaciam,

649 2972 730 3027 ut
761 2980 911 3025 non
945 2953 1165 3024 modo
1195 2956 1377 3025 clam
1396 3009 1414 3041 ‚
1444 2979 1694 3025 verum
1729 2959 1943 3026 etiam
1973 2955 2091 3025 hic
2120 2961 2194 3025 in
2221 2954 2415 3043 foro,
2458 2972 2627 3028 ante
2659 2962 2785 3028 tri-

722 3110 768 3157 3.
796 3106 1078 3170 Quaestioni.
1104 3107 1163 3154 Id
1184 3119 1287 3155 erat
1307 3124 1485 3157 nomen
1501 3108 1665 3171 publi-

650 3191 720 3239 eis
740 3187 969 3251 judiciis,
989 3185 1126 3250 quod
1146 3186 1197 3233 in
1225 3188 1293 3234 eis
1320 3187 1573 3250 quaritur,
1600 3203 1662 3236 an

645 3286 754 3318 reus
775 3284 956 3315 nocens
976 3269 1057 3325 sit,
1071 3282 1132 3313 an
1151 3267 1403 3314 innocens.
1422 3267 1663 3328 Quaestio·

644 3349 721 3396 nis
733 3347 886 3409 judex
903 3359 1005 3400 erat
1029 3347 1166 3410 quasi
1189 3347 1399 3394 vicarius
1418 3347 1658 3409 praetoris.

640 3427 841 3477 Judioe·
871 3426 1177 3485 sortiebatur,
1204 3427 1256 3473 in
1287 3426 1446 3476 censis
1473 3441 1500 3474 a
1533 3443 1659 3490 pre-

644 3517 749 3554 tore
774 3506 1044 3554 commissis
1069 3515 1294 3569 praeernt,
1323 3516 1466 3553 testes
1497 3506 1663 3554 audie·

641 3585 742 3640 bat,
764 3600 866 3633 uno
895 3584 1044 3632 verbo
1070 3600 1124 3633 ea
1148 3585 1314 3632 omnin
1336 3584 1534 3647 agebat,
1554 3601 1663 3648 quae

644 3668 811 3712 essent‘
824 3663 1135 3726 cognitionis,
1161 3662 1257 3712 hoc
1279 3679 1381 3711 uno
1399 3679 1428 3711 s
1451 3675 1662 3726 praetore

644 3742 910 3801 dissimilis,
937 3741 1074 3804 quod
1093 3758 1203 3790 cnm
1221 3744 1395 3792 ceteris
1413 3743 1663 3804 judicibus

634 3823 825 3884 juretus
880 3820 1167 3869 seutentiam
1222 3822 1382 3871 ferret.
1426 3823 1661 3884 Quamvis

640 3917 740 3960 non
775 3901 902 3948 inter
930 3901 1233 3963 magistratus
1255 3901 1309 3948 id
1333 3902 1547 3950 muneris
1572 3902 1659 3949 ad-

638 3987 988 4035 numeraretur,
1009 3976 1073 4025 ad
1100 3977 1325 4026 aedilitios
1360 3990 1520 4026 tamen
1555 3978 1659 4042 ple·

636 4074 846 4123 rumque
882 4059 1016 4106 viros
1058 4055 1354 4120 pertinebat,
1386 4067 1436 4104 et
1462 4069 1564 4106 erat
1593 4060 1657 4109 acl

1753 3107 1943 3159 Cluent.
1971 3111 2065 3168 33,
2093 3121 2143 3158 et
2170 3112 2341 3159 Rosia.
2370 3110 2459 3160 lib.
2484 3112 2591 3167 lx,
2625 3126 2668 3158 c.
2701 3113 2782 3161 18.

1824 3190 1886 3236 V.
1924 3203 1966 3235 1.
2000 3191 2169 3252 Longo
2210 3188 2478 3238 intervallo.
2522 3190 2602 3237 Ab
2647 3207 2782 3239 enno

1754 3265 1856 3315 665
1870 3302 1886 3328 ,
1912 3283 2012 3330 quo
2040 3267 2222 3315 bellum
2244 3268 2522 3318 Marianum
2549 3281 2781 3318 coortum

1754 3357 1843 3396 est.
1867 3346 1983 3394 vid.
2014 3347 2148 3395 Flor.
2171 3349 2277 3404 111,
2304 3362 2388 3394 αι.

1824 3441 1870 3473 2.
1889 3429 2023 3475 Inter
2042 3426 2260 3476 sicarios.
2271 3429 2425 3475 Vetus
2450 3426 2636 3477 locutio
2658 3444 2781 3490 pro,

1750 3505 1816 3552 de
1839 3505 2119 3555 sicariis.—
2136 3506 2473 3554 committitur.
2498 3509 2779 3555 Exercetur.

1823 3585 1872 3632 3.
1923 3585 2073 3633 baud
2111 3584 2365 3633 remissius.
2402 3587 2520 3633 Non
2553 3585 2780 3634 hobitum

1748 3665 1810 3712 iri
1828 3664 2026 3714 mollius
2052 3681 2195 3728 quem
2222 3676 2365 3713 antea
2394 3665 2551 3728 egisti.
2582 3669 2780 3714 Frustra

1749 3743 2039 3806 quibusdam
2073 3754 2336 3808 corruptus
2374 3744 2571 3792 videtur
2612 3745 2778 3794 loeus.

1747 3824 1844 3872 Pto
1872 3823 2013 3872 haud
2043 3823 2281 3873 remissius
2312 3824 2502 3871 invenit
2531 3825 2584 3871 in
2617 3823 2779 3871 schol.

1748 3905 1915 3952 Garat.
1936 3901 2267 3961 diutinorum,
2293 3903 2327 3952 i.
2354 3920 2397 3952 e.
2424 3902 2510 3965 qui
2544 3903 2779 3967 impuniti

1745 3983 1979 4031 hactenus
1993 3982 2178 4030 dimissi
2190 3983 2401 4029 fuerunt.
2415 3982 2530 4030 Non
2550 3981 2779 4031 feliciter.

1817 4070 1866 4116 4.
1892 4061 2102 4111 Causam
2123 4059 2342 4108 dicimm.
2358 4061 2451 4109 Rei
2474 4077 2665 4120 sumus,
2682 4077 2779 4109 nos

635 4152 894 4206 premam
949 4137 1141 4201 gradus.
1196 4135 1312 4186 Vid.
1374 4147 1499 4187 oret.
1564 4154 1654 4201 pro
1737 4141 1928 4201 judicio
1958 4140 2290 4203 defendimus,
2320 4151 2374 4188 ut
2402 4139 2628 4202 insi-ag),
2655 4141 2741 4188 30.
