3044 4788
568 386 593 399 '‘
635 412 776 497 384
868 415 971 500 M.
1000 413 1077 479 T.
1131 411 1322 479 cle.
1372 407 1481 477 ΙΝ
1532 407 1826 476 νΕΒΒ.
1878 404 2092 473 AGT.
2135 403 2249 490 11,
2299 403 2486 473 Lm.
2538 404 2597 471 1.

630 530 961 606 fieiorum
998 554 1298 602 suorum
1326 532 1479 600 sine
1511 527 1666 599 aliis
1702 525 2072 598 maleficiis
2106 527 2419 623 reperire
2460 529 2697 624 possit
2716 529 2786 594 ‘'*0

629 643 966 739 Ejusdem
997 639 1194 712 modi
1231 634 1731 711 sortitionem⁵
1767 637 1992 707 homo
2023 634 2557 707 amentissimus
2598 661 2787 705 suo-

625 777 788 823 rum
821 775 1118 849 quoque
1149 748 1476 845 judicum
1508 746 1665 818 fore
1696 750 1977 846 putavit
2001 771 2135 845 per
2159 745 2476 818 sodalem
2513 771 2785 831 suum,

626 867 717 955 Q.
751 865 1117 947 Curtium,
1154 858 1477 953 judicem
1521 858 1982 955 quaestionis:
2019 856 2132 926 cui
2175 858 2312 926 nisi
2345 864 2485 952 ego'
2523 859 2593 924 vi
2632 880 2777 952 po-

627 974 816 1072 puli,
846 986 918 1042 et
953 970 1335 1040 hominum
1362 968 1676 1038 clamore
1705 981 1922 1063 atque
1951 965 2278 1037 convicio
2305 967 2776 1050 restitissem;

629 1111 716 1156 ex
744 1083 878 1153 hac
911 1076 1249 1151 decuria⁶
1294 1094 1542 1150 nostra
1565 1133 1584 1163 ‚
1617 1078 1825 1173 cujus
1859 1075 2039 1146 mihi
2071 1075 2356 1172 copiam
2385 1099 2601 1172 quam
2632 1074 2779 1145 lar-

627 1192 917 1291 gissime
937 1188 1194 1262 factam
1220 1188 1640 1288 oportebat,
1666 1202 1911 1286 erepta
1936 1199 2120 1258 esset
2144 1184 2443 1255 facultas
2471 1209 2729 1255 eorum
2747 1240 2773 1270 ,

631 1325 819 1399 quos
842 1312 892 1389 ⁷,
919 1299 1047 1371 ubi
1063 1301 1198 1372 iste
1221 1312 1608 1386 annuerat,
1631 1300 1710 1368 in
1730 1322 1945 1368 suum
1970 1297 2349 1367 consilium
2373 1297 2528 1366 sine
2556 1320 2774 1367 causa

630 1411 1208 1484 subsortiebatur
1226 1462 1533 1481 .......
1564 1452 1582 1478 .
1614 1455 2757 1479 ........................

646 1553 2759 1585 οοοοοοοοοοοοοοοοοοοοοοοοοοοοοοοοοοοοοοοοοοοο

1427 1691 1667 1764 Multa
1706 1692 1979 1764 desunt.

701 1910 754 1958 4.
775 1899 1015 1952 Nonnulli
1042 1897 1189 1946 codd.
1209 1905 1391 1961 posset.
1416 1894 1450 1944 J
1454 1899 1542 1945 .V.
1561 1898 1617 1945 L.

706 1982 754 2030 5.
786 1981 973 2028 Ascon.
1010 1976 1416 2025 subsortitionem.
1460 1976 1660 2024 Putavit

633 2062 810 2107 Verres
831 2060 936 2106 fore
962 2066 1019 2104 ut
1043 2056 1267 2112 Curtius,
1304 2052 1487 2102 sodalis
1510 2070 1629 2101 suus
1644 2089 1659 2112 ,

628 2138 782 2200 judex
821 2135 1130 2201 quaestionis,
1179 2135 1232 2180 in
1275 2133 1438 2180 locum
1487 2148 1658 2181 eorum

627 2217 883 2276 judicum,
907 2231 1032 2278 quos
1058 2213 1352 2261 subsortitus
1375 2221 1507 2270 erat,
1533 2212 1657 2260 alios

633 2312 696 2343 ex
720 2294 888 2342 Verris
922 2294 1171 2342 voluntate
1202 2301 1533 2356 supponeret,
1569 2292 1659 2354 qui

632 2391 742 2423 enm
765 2373 1085 2423 absolverent.
1119 2371 1339 2435 Apparet
1366 2386 1428 2418 ex
1452 2369 1515 2418 iis
1547 2386 1657 2434 quae

630 2465 918 2519 sequuntur,
952 2452 1176 2501 Curtium
1195 2468 1222 2498 a
1249 2452 1483 2510 Cicer-qne
1508 2450 1657 2498 fuisse

630 2536 866 2596 rejectum
893 2531 1139 2598 judicem,
1170 2548 1281 2580 cnm
1308 2531 1538 2579 convicio
1563 2546 1657 2595 po·

631 2613 740 2678 puli
757 2604 1130 2660 circumstantis.
1155 2611 1235 2658 Sic
1253 2613 1437 2659 Ascon.
1456 2621 1506 2657 et
1522 2611 1660 2671 Desj.

633 2695 856 2751 Frustra,
893 2701 950 2738 ut
988 2689 1198 2742 videtur.
1244 2689 1446 2752 Optime
1487 2701 1658 2737 eontra

632 2772 846 2835 explicat
861 2768 1062 2819 Schiitz.
1085 2768 1282 2817 Curtius
1299 2767 1380 2815 ille
1401 2778 1505 2815 tum
1518 2769 1661 2817 aliam

632 2849 891 2915 qnamdam
936 2865 964 2895 e
1010 2847 1364 2910 qnaestionibus
1418 2848 1664 2912 perpetuis

635 2927 920 2984 exercebam
970 2937 1022 2974 et
1062 2943 1202 2974 suum
1251 2927 1463 2976 babebat
1503 2928 1667 2976 consi·

634 3006 755 3054 lium
771 3041 786 3065 ,
816 3006 867 3052 in
891 3004 1029 3068 quod
1052 3015 1106 3052 ut
1125 3006 1294 3053 Verris
1320 3007 1501 3055 sodalis
1526 3007 1666 3055 utili-

637 3084 814 3133 tatibus
842 3083 1125 3143 inserviret,
1150 3084 1329 3134 multos
1354 3103 1418 3134 ex
1441 3103 1495 3134 ea
1519 3086 1668 3133 decu-

635 3166 705 3213 ria
720 3202 737 3228 ,
761 3181 825 3213 ex
860 3179 957 3228 qna
998 3164 1172 3213 Cicero
1230 3181 1379 3228 quam
1427 3164 1666 3229 plurimos

637 3245 833 3293 volebat
845 3243 1036 3305 judices
1057 3259 1213 3291 causae
1226 3243 1443 3291 Verrinae
1461 3243 1666 3303 habere,

636 3336 811 3388 praeter
859 3323 1196 3372 necessitatem
1240 3321 1630 3370 subsortiebatur
1649 3357 1664 3382 ,

636 3403 846 3467 ideoque
895 3418 1066 3450 eorum
1115 3401 1391 3449 facultatem
1436 3400 1666 3450 Ciceroni

635 3483 823 3543 eripere
855 3481 1079 3542 volebat,
1114 3481 1152 3528 i.
1174 3497 1217 3527 e.
1240 3479 1477 3543 impedire
1513 3496 1576 3529 ne
1611 3482 1664 3530 in

636 3559 847 3605 consilio
884 3560 1167 3608 Glabrionis
1188 3593 1203 3617 ,
1243 3559 1329 3622 qui
1372 3559 1562 3619 jndicio
1602 3559 1664 3609 de

640 3640 793 3686 Verre
814 3650 1050 3702 praerat,
1081 3640 1246 3687 adesse
1268 3649 1483 3702 possent.
1598 3650 1614 3666 ·

711 3717 764 3764 6.
786 3717 1015 3766 Decuria.
1025 3716 1212 3766 Tabula
1226 3717 1397 3791 eratin
1414 3733 1509 3781 qna
1532 3717 1665 3777 judi·

1744 1904 1858 1944 cnm
1881 1895 2079 1944 nomina
2101 1894 2464 1954 scribebantur,
2498 1896 2586 1945 seu
2609 1897 2777 1947 classis

1740 1975 1978 2037 judicum.
2003 1977 2143 2023 Tunc
2159 1976 2213 2023 iu
2228 1975 2360 2022 illam
2380 1976 2474 2023 soli
2494 1977 2774 2026 refereban-

1748 2067 1831 2104 tur
1858 2065 2120 2104 senatores.
2153 2055 2249 2102 Sed
2277 2054 2374 2102 boe
2404 2056 2514 2119 ipso
2541 2072 2673 2104 anuo
2703 2058 2776 2105 le-

1751 2150 1857 2198 gem
1893 2130 2218 2198 promulgavit
2253 2135 2307 2182 L.
2342 2134 2599 2182 Cornelius
2628 2137 2774 2185 Cotta
2873 2185 2884 2191 ,

1744 2222 1943 2276 praetor,
1962 2228 2059 2276 qua
2077 2213 2264 2273 judicia
2288 2212 2418 2261 inter
2441 2225 2707 2275 senatores,
2725 2225 2776 2265 et

1745 2294 1934 2356 equites
1948 2324 1964 2353 ,
2007 2303 2057 2341 et
2094 2310 2122 2341 e
2164 2292 2307 2356 plebe
2353 2294 2579 2342 tribunos
2618 2298 2777 2343 aerarii

1748 2372 2220 2422 communicarentnr
2244 2389 2259 2431 ς
2305 2390 2417 2439 quae
2467 2374 2545 2423 lex
2563 2410 2578 2433 ,
2620 2392 2775 2438 quum

1743 2463 1965 2516 ageretur
1992 2453 2162 2500 Verris
2208 2469 2384 2512 eausa,
2437 2465 2626 2502 tantum
2657 2471 2776 2518 pro·

1744 2532 1955 2596 mulgata
1967 2566 1982 2590 ,
2007 2533 2230 2581 noudum
2252 2533 2349 2581 lata
2369 2545 2498 2591 erat,
2518 2549 2608 2582 nee
2626 2534 2774 2582 ullam

1745 2612 1870 2660 adeo
1921 2613 2021 2659 vim
2072 2611 2302 2662 habebat.
2343 2613 2460 2662 Non
2502 2625 2662 2661 antem
2709 2614 2772 2662 ad

1747 2691 1911 2738 omnia
1944 2683 2128 2750 judicia
2170 2708 2232 2739 ex
2269 2692 2497 2740 omnibus
2533 2689 2772 2754 decuriis,

1751 2787 1861 2835 qnae
1888 2772 2138 2819 Ciceronis
2165 2784 2305 2821 :etate
2330 2785 2429 2821 tres
2458 2774 2677 2832 fueraut,
2703 2773 2776 2821 le-

1753 2850 1990 2913 gebantur
2016 2851 2244 2912 judices3
2285 2852 2371 2900 sed
2398 2868 2495 2900 una
2521 2863 2605 2900 aut
2628 2853 2775 2901 altera

1755 2928 1951 2976 decuria
1977 2930 2073 2978 hoe
2108 2931 2255 2977 illove
2293 2943 2513 2995 tempore
2553 2942 2657 2979 erat
2690 2931 2778 2978 im·

1754 3008 1935 3056 munis.
1953 2993 2069 3057 Vid‘.
2095 3025 2188 3073 pro
2204 3009 2409 3058 cluent.
2437 3010 2524 3070 37.
2559 3011 2777 3074 Apparet

1755 3103 1953 3150 quoque
1977 3104 2041 3135 ex
2060 3089 2110 3136 h.
2139 3087 2177 3136 l.
2206 3088 2349 3135 aliam
2382 3088 2473 3135 alia
2508 3090 2656 3137 fnisse
2680 3090 2775 3137 bo·

1754 3167 2034 3216 nestiorem.
2052 3167 2171 3218 vid.
2194 3168 2306 3217 Iud.
2322 3168 2475 3217 Verb.
2580 3223 2584 3227 ,

1828 3262 1878 3306 7.
1912 3245 2079 3308 Vulgo
2128 3261 2293 3309 «quos
2346 3246 2438 3295 iste
2486 3258 2719 3295 annuerat
2738 3268 2778 3294 ι.

1753 3326 1959 3373 Hotom.
1979 3345 2005 3366 α
2023 3341 2137 3373 cum
2163 3326 2255 3384 iis,
2278 3342 2404 3390 quos
2430 3327 2465 3373 i.
2495 3343 2580 3374 ιι.-
2606 3327 2776 3376 Lamb.

1753 3420 1938 3467 «quum
1965 3419 2078 3462 eos,
2116 3405 2295 3468 quibus
2330 3406 2364 3452 i.
2387 3423 2434 3454 a.
2456 3429 2481 3447 n
2511 3409 2780 3471 Rescripsit

1752 3481 1961 3541 schiitz,
1988 3499 2177 3547 uquos,
2203 3484 2293 3531 ubi
2319 3485 2437 3543 iste,
2457 3486 2779 3547 scil-Verres,

1750 3572 1987 3609 annuerat
2003 3584 2044 3611 a.
2069 3564 2228 3625 Quem
2251 3579 2362 3611 eum
2388 3567 2420 3613 J
2423 3600 2436 3614 .
2450 3567 2515 3613 V.
2537 3567 2592 3613 L.
2618 3582 2782 3613 sumus

1750 3641 1975 3705 sequuti,
2013 3659 2078 3691 ne
2097 3659 2266 3691 manca
2288 3654 2338 3691 et
2369 3644 2652 3709 imperfecta
2673 3662 2779 3694 sen·

1749 3721 1900 3769 tentia
1936 3721 2305 3788 relinqueretur.
