3044 4788
572 384 708 451 DE
758 382 1564 452 VECTIGALIBUS
1615 383 1880 451 REIP.
1924 395 2057 451 etc.
2238 379 2377 467 543

248 502 474 589 spoliis
505 501 895 589 locupletato
926 500 1184 581 aerariO‚
1230 502 1517 588 pecunioe
1567 521 1697 565 suae
1740 504 1982 590 cuique
2023 501 2374 568 redderen-

251 622 382 671 tur.
417 607 553 672 Liv.
584 607 843 686 XXIX,
885 608 984 670 16.

342 711 561 778 Redeo
607 712 690 776 ad
738 714 1056 777 tributum
1092 734 1425 795 annuum,
1471 729 1538 777 et
1572 736 1766 801 supra
1811 713 1998 777 dictis
2041 713 2212 779 addo
2248 716 2372 780 im-

189 882 198 897 ,
249 835 546 908 peratum
579 819 824 883 civibus
855 820 1052 883 fuisse
1085 819 1466 908 degentibus
1503 842 1639 883 non
1679 819 1746 882 in
1780 820 1956 883 Urbe
1988 821 2232 902 solum,
2262 821 2378 886 sed

250 941 318 988 et
349 924 416 988 in
461 924 733 989 coloniis
767 925 959 989 etiam
998 922 1154 1010 [Liv.
1185 926 1444 1006 XXIX,
1496 924 1637 1013 15]:
1674 942 1869 1013 atque
1901 926 2201 1015 imperari
2236 943 2378 991 tan-

250 1026 399 1092 dem
449 1026 797 1116 aliquando
848 1028 1110 1092 desiisse
1157 1043 1306 1115 post
1354 1051 1603 1091 annum
1655 1029 1848 1093 Urbis
1902 1029 2177 1094 conditae
2228 1028 2377 1097 586.

249 1133 509 1197 Etenim
556 1156 759 1221 quum
798 1133 1095 1196 aerarium
1135 1134 1369 1196 annu'is
1406 1134 1638 1214 ltaliae,
1677 1151 1741 1197 et
1775 1136 2251 1223 provinciarum
2284 1138 2383 1202 Si·

249 1238 443 1320 ciliae,
497 1239 837 1319 Sardiniae,
874 1239 1328 1326 Hispaniarum
1359 1238 1807 1328 vectigalibus,
1864 1264 1937 1304 ac
1985 1241 2375 1328 quotidianis

249 1346 569 1425 victoriis,
620 1361 684 1407 et
730 1346 1194 1432 imperatorum
1239 1345 1597 1426 manubiis,
1630 1344 1759 1423 jam
1791 1346 2055 1409 uberius
2082 1365 2250 1412 esset
2279 1350 2380 1413 fa-

215 1472 218 1475 *
249 1468 465 1531 ctum;
500 1466 640 1513 tum
665 1481 688 1505 α
707 1452 885 1513 omni
911 1449 1344 1514 Macedonum
1374 1473 1526 1539 gaza
1543 1498 1562 1531 ,
1590 1474 1732 1537 quae
1755 1451 1879 1514 fuit
1903 1453 2207 1534 maxima,
2229 1456 2379 1519 Per-

251 1579 364 1620 seo
399 1557 686 1637 devictO,
732 1557 977 1644 potitus
1012 1557 1080 1621 L.
1122 1557 1419 1637 Paullus,
1464 1573 1718 1620 tantum
1757 1557 1819 1620 in
1855 1559 2148 1622 aerarium
2185 1584 2383 1648 pecu-

253 1662 375 1723 niae
418 1662 691 1742 invexit,
755 1680 828 1726 ut
881 1663 1076 1725 unius
1127 1662 1532 1750 imperatoris
1585 1661 1798 1749 praeda
1847 1661 2044 1727 finem
2089 1667 2379 1730 attulerit

253 1765 648 1830 tributorum
664 1799 709 1830 n.
755 1768 887 1832 Cic.
921 1767 1005 1831 de
1036 1766 1225 1831 Offic.
1264 1768 1368 1850 11,
1402 1791 1541 1855 cap.
1586 1790 1691 1831 22.
1747 1768 1985 1832 Saltem
2035 1792 2245 1857 usque
2293 1771 2377 1835 ad

253 1872 443 1935 Hirtii
480 1889 544 1936 et
589 1874 809 1937 Pansae
842 1874 1285 1954 consulatum,
1318 1897 1491 1937 anno
1519 1896 1669 1961 7¹⁰·
1703 1874 1869 1937 Plut.
1904 1876 1973 1937 in
2011 1876 2080 1940 L.
2114 1877 2336 1941 Paullo
2357 1926 2377 1956 ,

251 1978 504 2063 passim.
564 1979 776 2042 Verba
844 1980 947 2044 illa
1012 1980 1341 2044 Ciceronis
1402 1979 1633 2068 praedae
1698 1981 2212 2068 magnitudinem
2288 1984 2375 2047 si-

250 2081 558 2171 gnificant
578 2084 840 2173 quidem
859 2134 876 2168 ,
909 2085 1024 2149 sed
1053 2085 1327 2151 modum
1355 2109 1489 2150 non
1533 2087 1925 2174 exprimunt.
1960 2087 2153 2151 Illum
2180 2091 2378 2153 ceteri

249 2189 626 2277 scriptores,
684 2213 817 2254 non
878 2208 1094 2254 tamen
1151 2206 1566 2270 constanter,
1624 2189 1930 2256 indicant.
1984 2192 2248 2257 Variant
2306 2196 2377 2258 in

250 2315 523 2359 summa.
544 2297 705 2359 Vell.
734 2297 975 2360 Paterc.
999 2298 1030 2360 l
1051 2345 1069 2378 ,
1109 2318 1188 2383 9:
1225 2296 1582 2379 «Intulerat
1614 2297 1681 2359 L.
1702 2296 1961 2361 Paullus
1992 2299 2057 2361 in
2079 2300 2374 2365 aerarium

251 2401 349 2464 bis
378 2402 603 2465 millies
630 2405 869 2466 centies
906 2403 1137 2491 [placet
1168 2403 1381 2492 Lipsio
1405 2420 1470 2467 et
1498 2403 1532 2464 J
1539 2451 1553 2465 .
1583 2405 1654 2466 F.
1689 2402 1974 2467 Gronov.
2014 2405 2373 2496 ducenties]

250 2509 653 2570 sestertium»
675 2509 849 2593 (circ.
886 2515 1277 2591 41,ooo,ooo
1305 2508 1433 2596 fr..)
1471 2507 1714 2588 Livius,
1758 2509 1951 2589 XLV,
1980 2513 2065 2586 4ο
2092 2534 2108 2574 :
2142 2541 2166 2568 ι
2190 2513 2376 2576 Sum-

253 2634 426 2675 mam
477 2613 688 2676 omnis
744 2614 974 2701 captivi
1033 2616 1171 2679 auri
1222 2614 1606 2702 argentique
1662 2615 1949 2678 translati
2008 2618 2372 2682 sestertium

253 2716 479 2779 millies
523 2715 862 2780 ducenties
907 2719 1141 2783 fuisse»
1197 2720 1385 2808 (circ.
1427 2718 1820 2799 24,600,ooo
1856 2718 1965 2808 fr.)
2005 2742 2085 2783 ex
2117 2723 2374 2787 Valerio

253 2822 493 2886 Antiati
524 2821 755 2902 tradit,
794 2823 982 2886 nimis
1018 2824 1184 2888 infra
1205 2823 1590 2887 Velleianam
1623 2846 1963 2887 summam.
1994 2826 2266 2913 Propius
2294 2819 2377 2892 ad

253 2947 392 2991 eam
439 2928 602 2992 Plin.
651 2927 845 2992 Hard.
886 2929 1213 3004 XXXIII,
1265 2949 1385 3017 17:
1426 2929 1698 2992 «Intulit
1734 2929 2037 2995 AEmilius
2085 2932 2373 3016 Paullus,

255 3032 486 3097 Perseo
525 3035 729 3111 vict0,
775 3057 812 3098 e
852 3034 1269 3099 Macedonica
1313 3034 1564 3122 praeda,
1611 3037 1975 3098 sestertium
2014 3038 2113 3101 bis
2147 3040 2375 3104 millies

251 3141 623 3221 trecenties;
654 3163 692 3202 a
722 3163 857 3226 quo
890 3157 1183 3228 tempore
1209 3139 1490 3228 populus
1529 3160 1835 3203 romanus
1870 3141 2187 3206 tributum
2221 3166 2377 3231 pen·

254 3242 405 3308 dere
440 3244 695 3310 desiit».
740 3246 941 3327 Quod
983 3261 1201 3310 autem
1241 3245 1658 3326 Plutarchus,
1688 3268 1880 3332 quem
1919 3269 2112 3334 supra
2151 3250 2376 3312 retuli-

254 3372 431 3432 mus,
457 3349 639 3416 addit
668 3374 914 3439 ·usque
946 3351 1029 3416 ad
1062 3350 1252 3414 Hirtii
1285 3365 1355 3413 et*
1381 3351 1600 3413 Pansae
1628 3352 2108 3433 consulatum»,
2142 3353 2207 3416 in
2245 3354 2374 3420 hoc

253 3457 307 3518 ei
344 3455 536 3519 fidem
566 3457 834 3546 abrogat
856 3457 1190 3546 Sigonius,
1219 3473 1285 3521 et
1308 3472 1535 3519 contra
1568 3478 1720 3520 eum
1751 3455 2055 3533 affirmat,
2092 3459 2375 3524 Asconio

252 3577 317 3624 et
350 3563 584 3625 Orosio
626 3562 1036 3643 auctoribus,
1082 3562 1373 3626 aerarium
1409 3561 1592 3624 bellis
1635 3561 1927 3625 civilibus
1974 3563 2372 3630 exinanitum

253 3666 449 3729 fuisse
481 3667 687 3731 multo
724 3683 872 3732 ante
918 3669 1107 3733 Hirtii
1142 3685 1208 3732 et
1238 3669 1457 3731 Pansae
1491 3666 1933 3749 consulatum3
1968 3685 2034 3733 et
2059 3671 2130 3735 L.
2167 3672 2372 3739 Paulli

253 3771 589 3858 pecuniam
629 3773 947 3838 Persicam
979 3775 1046 3837 in
1084 3774 1380 3838 aerarium
1423 3773 1660 3836 illatam
1708 3773 1901 3863 longe
1943 3791 2094 3840 ante
2133 3776 2372 3842 horum

253 3876 660 3939 consulatum
696 3895 1150 3965 consumptam
1186 3878 1400 3942 fuisse.
1432 3876 1836 3941 Defendetur
1861 3879 2279 3964 PlutarchuS,
2317 3884 2374 3947 si

253 3982 578 4069 negaveris
628 4005 779 4046 eum
824 4005 1102 4047 asserere
1155 3984 1433 4048 voluisse
1481 3982 1763 4072 praedam
1801 3983 2121 4048 Persioem
2164 4009 2375 4075 usque

250 4087 328 4152 ad
363 4090 644 4154 Hirtium
682 4107 747 4154 et
782 4089 1052 4154 Pansam
1089 4113 1251 4158 coss.
1286 4090 1713 4180 superfuisse3
1739 4108 1805 4154 et
1834 4114 1975 4155 eam
2012 4091 2148 4170 ejus
2185 4116 2376 4156 men-
