3044 4788
664 437 806 524 468
1309 432 1407 502 M.
1461 434 1536 501 T..
1595 430 2156 501 CICERONIS

663 585 882 659 quam
911 582 997 628 ex
1026 570 1270 628 vetere
1289 554 1948 652 Agrigentinorum.
1991 554 2129 620 Iste
2151 605 2170 637 ‚
2195 554 2323 647 qui
2362 555 2628 624 omnia
2663 554 2837 648 jura

661 672 900 770 pretio
943 680 1417 765 exaequasset‚
1460 665 1934 757 omniumque
1983 684 2231 731 rerum
2280 652 2664 733 delectum
2724 681 2836 737 at·

662 806 808 880 que
863 778 1245 850 discrimen
1293 776 1601 871 pecunia
1656 771 2097 857 sustulisset3
2159 796 2316 841 non
2370 773 2607 845 modo
2675 777 2833 859 illa,

665 916 825 988 quae
868 901 1073 960 erant
1117 884 1375 972 aetatis,
1428 880 1739 968 ordinis,
1791 896 2296 979 quaestusque,
2332 886 2784 981 permiscuit
2812 944 2830 971 ,

664 1000 789 1071 sed
818 1001 1034 1069 etiam
1073 997 1150 1065 in
1183 993 1298 1064 his
1336 990 1627 1064 duobus
1671 990 2090 1089 generibus,
2128 993 2393 1062 civium
2443 1020 2824 1068 novorum

663 1123 1176 1202 veterumque,
1231 1101 1595 1174 delectum
1648 1100 2128 1199 ordinemque
2187 1100 2524 1175 turbavit.
2581 1112 2820 1191 Nam,

662 1241 890 1317 quum
925 1231 1110 1288 esset
1140 1241 1228 1286 ex
1263 1228 1590 1285 veterum
1617 1223 1635 1255 ¹
1678 1237 1988 1282 numero
2027 1210 2320 1309 quidam
2358 1230 2662 1287 senator
2700 1218 2825 1288 de·

662 1343 1031 1413 mortuus,
1091 1342 1164 1396 et
1209 1347 1439 1422 quum
1485 1348 1575 1394 ex
1620 1336 1933 1418 utroque
1971 1346 2230 1418 genere
2274 1348 2407 1421 par
2451 1333 2818 1400 numerus

658 1439 981 1536 reliquus
1010 1449 1230 1521 esset3
1265 1447 1585 1505 veterem
1617 1433 1943 1528 cooptari
1975 1457 2263 1504 necesse
2300 1451 2454 1506 erat
2484 1436 2818 1534 legibus,

664 1563 746 1620 ut
775 1553 835 1620 is
863 1546 1170 1644 amplior
1205 1567 1553 1614 numerus
1586 1555 1791 1612 esset.
1822 1543 2268 1640 Quae'quum
2294 1544 2393 1615 ita
2429 1570 2507 1617 se
2541 1572 2662 1618 res
2689 1548 2815 1619 ha-

661 1660 903 1747 beret3
934 1673 1177 1728 tamen
1207 1652 1297 1724 ad
1331 1657 1548 1723 istum
1581 1666 1943 1723 venerunt
1970 1668 2300 1749 emptum
2329 1654 2577 1725 locum
2607 1657 2812 1729 illum

660 1768 1102 1840 senatorium
1147 1787 1295 1833 non
1336 1761 1570 1833 solum
1612 1774 1932 1849 veteres,
1973 1759 2100 1831 sed
2135 1765 2350 1833 etiam
2398 1767 2574 1835 novi
2616 1793 2632 1835 ε
2686 1767 2772 1839 fit
2797 1824 2816 1853 ‚

662 1896 745 1950 ut
787 1878 1022 1975 pretio
1060 1897 1292 1944 novus
1327 1873 1591 1959 vincat,
1616 1870 2034 1967 literasque²
2073 1896 2113 1941 a
2151 1888 2458 1970 praetore
2502 1874 2808 1948 auferat.

660 1985 1106 2085 Agrigentini
1154 1980 1245 2053 ad
1300 1984 1519 2053 istum
1559 1980 1829 2078 legatos
1865 1983 2200 2071 mittunt,
2236 1986 2362 2080 qui
2399 2008 2574 2055 eum
2617 1987 2808 2084 leges

662 2097 1008 2180 doceant,
1058 2089 1816 2188 consuetudinemque
1863 2095 2193 2162 omnium
2240 2118 2615 2166 annorum
2677 2097 2806 2167 de·

664 2216 1211 2277 monstrent2ut
1249 2205 1380 2272 iste
1410 2198 1982 2299 intelligeret³‚ei
2018 2227 2093 2272 se
2122 2203 2327 2273 illum
2356 2204 2603 2276 locum
2638 2233 2807 2279 ven-

661 2314 965 2400 didisse,
1008 2314 1126 2384 cui
1170 2337 1263 2383 ne
1309 2313 1826 2383 commercium
1868 2311 2165 2409 quidem
2206 2336 2357 2384 esse
2399 2310 2802 2413 oporteret.

658 2431 991 2517 Quorum
1029 2423 1356 2494 oratione
1393 2424 1562 2511 iste,
1597 2447 1829 2521 quum
1867 2424 2180 2519 pretium
2206 2424 2354 2518 jam
2390 2429 2802 2522 accepisset,

661 2560 753 2607 ne
793 2534 1155 2606 tantulum
1187 2531 1483 2631 quidem
1519 2548 1927 2603 commotus
1959 2548 2086 2604 est.
2142 2533 2344 2604 Idem
2381 2533 2553 2606 fecit
2589 2543 2803 2607 Hera-

662 2647 872 2718 cleae:
920 2656 1087 2716 nam
1129 2669 1218 2716 eo
1256 2668 1553 2740 quoque
1597 2642 1895 2713 colonos
1934 2647 2009 2713 P.
2037 2644 2413 2741 Rupilius‘*
2460 2643 2799 2730 deduxit,

665 2759 998 2853 legesque
1040 2753 1306 2824 similes
1334 2750 1426 2823 de
1463 2752 1876 2850 cooptando
1915 2769 2206 2841 senatu,
2249 2779 2332 2825 ac
2358 2754 2450 2825 de
2490 2782 2800 2830 numero

660 2871 984 2936 veterum
1029 2885 1110 2933 ac
1152 2885 1506 2932 novorum
1558 2861 1774 2932 dedit.
1835 2860 1950 2932 Ibi
2006 2887 2156 2934 non
2213 2865 2449 2936 'solum
2501 2869 2675 2954 iste,
2719 2884 2798 2940 ut

662 2971 856 3071 apud
911 2986 1224 3056 ceteros,
1281 2974 1661 3068 pecuniam
1716 2972 2031 3068 accepit,
2089 2972 2214 3044 sed
2279 2977 2492 3046 etiam
2538 3003 2799 3075 genera

660 3097 988 3154 veterum
1028 3104 1109 3151 ac
1155 3105 1513 3151 novorum
1559 3106 2097 3180 numerumque
2138 3087 2579 3181 permiscuit.

656 3275 919 3342 oportebat
944 3272 1223 3337 octingenta
1243 3271 1392 3320 miuia
1413 3273 1688 3320 sestertium

656 3357 835 3420 (cir-cit.
869 3355 1085 3413 164‚ooo
1114 3350 1196 3414 fr.)
1217 3353 1267 3399 in
1291 3350 1687 3420 possessionibus

1775 3284 1879 3321 tum
1913 3276 2208 3322 senatorium
2229 3276 2392 3324 locum
2412 3311 2428 3335 ,
2461 3295 2633 3326 verum
2657 3282 2798 3328 etism

1773 3354 1888 3402 huic
1917 3354 2144 3403 traditum
2171 3357 2271 3415 cni,
2293 3368 2497 3421 propter
2515 3375 2654 3406 suam
2675 3361 2799 3408 indi-

658 3437 848 3483 habere.

731 3516 784 3560 1..
839 3527 880 3558 1.
926 3509 1058 3558 Olim
1103 3509 1254 3567 editi,
1303 3519 1470 3556 vetere
1482 3544 1500 3566 ,
1550 3509 1686 3572 quod

661 3589 838 3654 probat
858 3589 1152 3636 Garatonius
1169 3622 1183 3646 ‚
1210 3587 1271 3635 ad
1296 3587 1509 3651 Philipp.
1529 3590 1607 3647 11,
1633 3590 1681 3636 6.

659 3670 708 3716 J·
728 3672 792 3793 X:
810 3669 1015 3792 {iterun
1050 3737 1243 3806 Quibus
1269 3755 1465 3791 senator
1485 3761 1513 3791 a
1533 3749 1684 3795 Verre

660 3826 997 3889 designaretur
1018 3857 1033 3880 ,
1083 3833 1130 3868 et
1169 3822 1478 3885 Agrigentini
1522 3826 1682 3889 ipsum

660 3907 709 3953 in
733 3906 865 3952 bunc
893 3900 1113 3949 ordinem
1144 3900 1359 3963 recipere
1376 3903 1679 3963 juberentur.
1703 3925 1706 3930 ·

732 3985 779 4031 3.
814 3985 876 4030 Ue
913 3982 1000 4029 iste.
1026 3979 1329 4043 intelligeret.
1357 3983 1429 4029 Ita
1454 3995 1511 4031 ut
1537 3983 1682 4046 legati

656 4064 796 4111 Verri
825 4059 1188 4126 intelligendum
1219 4059 1419 4120 darent,
1457 4078 1557 4110 non
1578 4079 1682 4109 mo-

658 4145 723 4192 do
741 4143 801 4193 ab
823 4159 881 4191 eo
903 4141 1117 4191 venalem
1140 4141 1445 4207 propositum
1472 4154 1517 4192 et
1538 4142 1679 4192 habi·

1772 3434 2003 3495 gnitatem
2019 3461 2039 3496 ν,
2066 3450 2128 3482 ne
2153 3435 2299 3484 licere
2329 3437 2526 3500 quidem
2551 3450 2800 3502 oporteret

1775 3511 1836 3558 de
1859 3512 1972 3560 loco
1999 3513 2088 3560 illo
2111 3514 2319 3564 emendo
2345 3532 2503 3579 agere.

1847 3599 1894 3645 4.
1937 3594 1987 3641 Ρ.
2030 3593 2248 3656 Rupilius
2295 3595 2516 3645 deduxit.
2560 3596 2796 3645 Confecto

1772 3668 1933 3728 bello,
1972 3672 2083 3732 jura
2122 3673 2353 3739 Rupilius
2396 3690 2509 3722 cum
2548 3679 2602 3725 X
2629 3677 2794 3741 legatis

1773 3749 1952 3796 Siciliae
2000 3749 2259 3802 indixerat.
2311 3754 2545 3804 Colonias
2603 3756 2792 3803 eosdem

1774 3826 2059 3890 deduxisse,
2089 3831 2195 3879 vice
2224 3833 2559 3891 triumvirum,
2599 3837 2792 3896 conjicit

1773 3909 2091 3966 Garatonius3
2121 3927 2411 3975 quamquam
2435 3915 2585 3961 unius
2609 3915 2792 3979 Rupilii

1772 3987 2012 4049 consulis,
2048 3999 2098 4036 et
2125 3992 2431 4055 imperatoris
2468 3995 2658 4042 mentio
2687 3993 2788 4050 fiat,

1763 4047 1829 4112 'ad
1858 4084 2002 4129 quem
2032 4084 2084 4115 ea
2124 4086 2197 4119 res
2240 4082 2552 4136 potestasque
2591 4076 2794 4122 maxime

1767 4145 2056 4207 pertinebat.
