3044 4788
660 374 804 463 450
1291 374 1385 443 M.
1438 376 1515 442 T.
1572 373 2154 443 CICERONIS

658 501 885 569 literis
928 490 1235 593 publicis
1270 496 1632 591 corruptis
1657 548 1678 582 ,
1732 495 1795 588 ej
1807 497 2084 590 usque‘*
2116 495 2221 565 rei
2254 494 2538 591 legibus
2564 497 2831 569 Ther-

663 612 1100 681 mitanorum
1143 609 1333 677 actio
1381 606 1513 689 sit;
1561 628 1793 701 quum
1831 618 2121 675 senatus
2167 604 2646 702 populusque
2694 633 2830 681 ro-

659 745 918 791 manus
944 715 1421 789 Thermitanis
1441 767 1460 799 ,
1501 715 1709 811 quod
1741 739 2028 812 semper
2056 715 2133 785 in
2160 717 2465 786 amicitia
2503 715 2828 815 fideque

664 832 1109 915 mansissent,
1142 824 1399 897 urbem
1414 820 1466 912 ⁵,
1505 849 1742 922 agros,
1768 825 2108 923 legesque
2137 849 2304 897 suas
2337 825 2822 915 reddidisset;

656 940 1101 1036 Publiusque
1126 934 1454 1033 Rupilius
1477 949 1729 1032 postea
1760 935 1952 1031 leges
1970 936 2069 1006 ita
2090 935 2345 1007 Siculis
2366 961 2459 1007 ex
2480 952 2822 1009 senatus-

658 1050 990 1124 consulto
1015 1103 1034 1135 ,
1071 1046 1161 1118 de
1200 1047 1452 1118 decem
1480 1047 1881 1143 legatorum
1922 1049 2309 1131 sententia,
2339 1045 2695 1134 dedisset,
2730 1064 2818 1117 ut

657 1167 847 1233 cives
882 1163 1070 1231 inter
1109 1183 1184 1229 se
1223 1156 1502 1255 legibus
1548 1160 1697 1227 suis
1735 1171 2065 1255 agerent;
2107 1155 2449 1253 idemque
2486 1156 2633 1228 hoc
2675 1158 2813 1229 ha-

656 1272 899 1342 buerit
927 1274 1184 1340 Verres
1212 1268 1456 1365 ipsein
1486 1266 1730 1338 edicto
1752 1294 1768 1336 ε
1791 1282 1875 1338 ut
1894 1264 1927 1309 ⁶
1951 1266 2044 1338 de
2068 1266 2180 1337 his
2204 1265 2546 1337 omnibus
2567 1272 2812 1340 causis

656 1407 731 1453 se
769 1381 859 1451 ad
887 1381 1079 1478 leges
1109 1378 1461 1471 rejiceret.
1503 1383 1682 1465 Iste,
1706 1377 1933 1448 homo
1959 1379 2291 1448 omnium
2318 1380 2806 1475 aequissimus,

651 1508 869 1589 atque
896 1516 937 1561 a
972 1488 1404 1588 cupiditate7
1437 1491 1996 1575 remotissimuS‚
2032 1511 2108 1559 se
2145 1489 2611 1585 cogniturum
2643 1514 2805 1560 esse

656 1600 1039 1674 confirmat
1074 1626 1089 1668 ε
1128 1613 1459 1697 paratum
1487 1596 1578 1668 ad
1603 1623 1892 1669 causam
1923 1598 2308 1669 dicendam
2336 1600 2590 1670 venire
2618 1599 2805 1670 hora

655 1707 951 1784 octava⁸
987 1710 1218 1807 jubet.
1280 1712 1447 1779 Non
1485 1722 1636 1778 erat
1689 1707 2122 1795 obscurum,
2168 1707 2349 1804 quid
2394 1708 2622 1780 homo
2665 1714 2802 1779 im-

652 1821 928 1921 probus
964 1846 1046 1892 ac
1091 1816 1404 1889 nefarius
1442 1821 1837 1914 cogitaret:
1881 1842 2122 1914 neque
2176 1818 2368 1888 enim
2418 1820 2581 1915 ipse
2631 1821 2802 1890 satis

652 1933 1083 2017 occultarat3
1110 1953 1244 1999 nec
1268 1924 1564 1999 mulier9
1593 1944 1825 2000 tacere
1847 1942 2150 2026 poterat.
2173 1927 2636 1999 Intellectum
2664 1945 2802 2014 est,

652 2041 727 2112 id
756 2046 1046 2112 istum²⁰
1074 2062 1318 2133 agere,
1359 2051 1475 2122 ut,
1508 2063 1739 2134 quum
1767 2037 2171 2124 Sthenium,
2201 2040 2354 2109 sine
2395 2038 2547 2108 ullo
2582 2065 2797 2137 argu·

654 2163 944 2234 ment0,
975 2171 1056 2217 ac
1093 2148 1245 2216 sine
1282 2161 1493 2230 teste,
1539 2146 1989 2231 damnasset,
2023 2164 2176 2218 tum
2221 2148 2444 2219 homo
2485 2148 2798 2222 nefarius

654 2261 746 2330 de
790 2256 1087 2327 homine
1130 2255 1401 2342 nobili,
1464 2271 1686 2354 atque
1722 2258 1795 2327 id
1831 2260 2089 2343 aetatis,
2146 2283 2430 2354 suoque
2469 2258 2798 2356 hospite,

654 2370 869 2466 virgis
910 2365 1344 2464 supplicium
1383 2365 1878 2438 crudelissime
1921 2383 2258 2440 sumeret.
2298 2369 2521 2460 Quod
2567 2394 2795 2466 quum

652 2492 839 2551 esset
866 2478 1365 2574 perspicuum;
1395 2476 1487 2547 de
1515 2481 1911 2549 amicorum
1945 2477 2465 2576 hospitumque
2499 2505 2796 2552 suorum

653 2591 1044 2675 sententia,
1080 2587 1410 2658 Thermis
1447 2586 1791 2658 Sthenius
1829 2592 2130 2660 Romam
2170 2588 2518 2688 profugit.
2567 2593 2798 2662 Hiemi

656 2725 809 2772 sese
838 2696 1328 2792 fluctibusque
1357 2701 1812 2768 committere
1845 2697 2134 2786 maluit,
2160 2723 2378 2794 quam
2410 2725 2561 2769 non
2589 2702 2793 2771 istam

659 2830 1123 2880 communem
1164 2805 1570 2876 Siculorum
1615 2820 2114 2906 tempestatem
2172 2810 2796 2907 calamitatemque

661 2923 907 2988 vitare.

753 3029 1145 3098 XXXVIII.
1189 3032 1332 3098 Iste
1370 3026 1597 3097 homo
1628 3040 1867 3098 certus
1911 3042 1984 3098 et
2016 3027 2365 3126 diligens,
2402 3029 2496 3100 ad
2541 3030 2792 3101 horam

660 3151 985 3208 octavam
1044 3150 1308 3233 praesto
1363 3150 1491 3207 est.
1559 3134 1939 3207 Sthenium
1998 3139 2199 3208 citari
2247 3139 2460 3234 jubet
2499 3168 2517 3209 ε
2575 3166 2796 3239 quem

659 3305 971 3370 pecuniaria,
998 3315 1082 3352 aut
1115 3303 1272 3368 aliqua
1301 3305 1352 3350 in
1380 3318 1565 3367 corpus
1596 3319 1680 3352 co·
1772 3320 1878 3352 rum
1916 3307 2282 3354 accusationum
2319 3324 2510 3371 genere.
2560 3308 2697 3356 Idem
2735 3326 2795 3356 ex

660 3387 832 3434 ercitio
859 3401 1017 3449 poenae
1049 3395 1122 3431 eet
1140 3406 1183 3432 a.
1771 3384 2036 3448 Wyttenb.
2070 3384 2198 3432 Bibl.
2231 3387 2349 3434 Crit.
2387 3390 2434 3443 1,
2474 3404 2537 3444 «ι,
2571 3403 2664 3448 ro,
2685 3406 2795 3437 sm

733 3474 783 3522 4.
807 3465 938 3522 Alii,
974 3465 1168 3525 «ejusce
1189 3462 1258 3509 rei
1270 3483 1310 3508 n.
1334 3463 1369 3510 J
1372 3463 1458 3510 .V.
1485 3465 1540 3510 L.
1772 3473 1884 3510 ante
1910 3464 2034 3527 leges
2059 3463 2265 3512 addidit.

736 3544 783 3589 5.
819 3543 946 3603 Alii,
974 3542 1157 3590 «urbes
1177 3563 1220 3590 ·.
1259 3541 1487 3589 Correxit
1526 3558 1553 3588 e
1595 3542 1686 3590 MS
1847 3560 1894 3602 7.
1923 3542 2052 3602 Alii,
2093 3561 2152 3590 cn
2177 3544 2447 3608 eupiditate
2474 3547 2695 3594 omnium
2724 3564 2794 3594 re·

657 3620 819 3668 Nann.
837 3637 951 3668 cum
979 3623 1141 3671 GraeV.
1165 3624 1352 3670 Ernest.
1774 3622 2118 3684 notissimum.
2146 3626 2193 3673 Ι.
2214 3627 2279 3674 V,
2306 3628 2358 3672 L.

680 3709 684 3713 *
727 3699 781 3746 6.
831 3701 911 3748 Ue.
949 3700 1171 3747 Postulat
1209 3699 1463 3757 Sthenius,
1501 3708 1582 3757 ut,
1621 3715 1681 3749 ex
1842 3701 1891 3749 8.
1916 3701 2047 3761 Alii,
2084 3719 2238 3751 nona.
2261 3703 2431 3751 Paullo
2453 3704 2582 3753 infre
2609 3707 2792 3755 Ernoet.

654 3776 885 3825 omnibus
902 3792 1049 3840 supra
1073 3777 1361 3825 enumeratis
1387 3778 1544 3824 causis
1562 3794 1678 3841 pro·
1767 3782 1986 3844 quamvis
2029 3782 2112 3830 hic
2151 3795 2328 3832 octava
2370 3785 2639 3848 receperit,
2677 3785 2794 3832 mele

653 3868 765 3922 pter
789 3857 876 3904 has
908 3871 1078 3902 omnes
1110 3856 1348 3916 rationes,
1383 3872 1434 3903 ee
1460 3857 1522 3903 ad
1551 3857 1678 3921 leges
1766 3860 1961 3923 reliquit
1982 3878 2181 3912 nonam.

651 3936 840 3985 Siculas
880 3934 1112 3983 remittat.
1158 3934 1328 3982 Errare
1371 3933 1421 3982 h.
1458 3935 1492 3983 l.
1530 3938 1679 3984 Erne-
1838 3955 1888 4000 9.
1913 3942 2020 3988 Nee
2037 3943 2227 3992 mulier.
2253 3942 2536 4003 callidam,
2555 3943 2793 4006 Dorothei

650 4017 795 4063 stium
822 4014 1165 4063 animadvertit
1182 4011 1555 4079 Schiitzius,qui
1576 4037 1600 4056 α
1617 4015 1678 4064 de
1766 4035 1892 4066 uxor
1921 4020 2123 4068 Sthenio
2154 4021 2355 4068 inimici.

651 4096 877 4144 omnibus
903 4094 1094 4143 causis·
1120 4093 1300 4158 accipit
1329 4093 1391 4141 de
1426 4094 1563 4143 omni
1596 4094 1675 4142 ha·
1844 4113 1922 4147 ιο.
1945 4098 2067 4156 Alii,
2092 4099 2266 4162 ipsum.
2286 4103 2338 4150 J.
2359 4102 2418 4149 V.
2448 4103 2506 4149 L.
