3044 4788
595 454 700 523 IN
751 452 1189 525 VERREM
1237 454 1452 522 Aer.
1507 453 1621 539 11,
1671 455 1863 523 mn.
1916 456 2019 522 11.
2178 396 2184 406 ⁵
2229 455 2369 539 483

245 601 461 675 egero
483 586 532 662 ⁷,
567 577 846 672 inquit3
878 573 1248 672 negabunt
1286 576 1476 645 enirn
1515 599 1768 646 omnes
1804 600 1880 647 se
1913 578 2228 674 coegisse
2265 607 2281 648 ε
2320 582 2377 649 si

246 712 364 759 me
403 686 676 757 salvum
712 710 864 756 esse
896 685 1037 770 viS,
1081 683 1257 753 mihi
1302 685 1599 782 impone
1637 686 1845 755 istam
1885 689 2073 775 vim,
2110 701 2195 757 ut
2228 712 2381 758 om-

128 810 143 819 '
248 802 429 870 nino
451 796 628 866 mihi
663 821 812 867 non
852 794 1062 865 liceat
1078 794 1425 891 polliceri.
1455 800 1562 865 Ex
1586 808 1709 865 tua
1739 810 2044 892 praetura
2063 799 2379 894 primum

245 922 418 981 nata
444 921 550 978 est
580 908 729 977 haec
749 905 1181 1004 postulatio:
1205 928 1350 1000 qua
1380 928 1607 1000 quum
1637 918 1967 987 utuntur,
1990 903 2133 977 hoc
2165 907 2382 1002 signi·

245 1017 499 1101 ficant,
537 1029 754 1112 atque
790 1013 972 1085 adeo
1012 1027 1259 1110 aperte
1301 1010 1732 1100 ostendunt,
1783 1038 1938 1086 sese
1973 1015 2066 1085 ad
2109 1030 2376 1087 statuas

245 1140 404 1200 tuas
449 1128 868 1224 pecuniam,
912 1138 1117 1194 metu
1165 1147 1245 1193 ac
1281 1122 1472 1193 malo
1525 1136 1853 1211 coactos,
1910 1124 2375 1196 invitissimos

247 1236 659 1309 contulisse.
701 1233 931 1325 Quid,
958 1234 1017 1304 si
1047 1233 1187 1303 hoc
1220 1257 1371 1302 non
1409 1230 1698 1302 dicant?
1735 1233 1861 1302 tibi
1897 1258 2051 1304 non
2083 1259 2376 1307 necesse

247 1350 337 1419 sit
359 1348 495 1445 ipsi
517 1346 593 1416 id
624 1342 1005 1416 confiteri?
1032 1341 1213 1414 Vide
1236 1397 1255 1431 ,
1286 1356 1359 1414 et
1386 1345 1750 1440 perspice,
1787 1367 1932 1439 qua
1958 1343 2379 1417 defensione

247 1459 339 1528 sis
370 1480 636 1528 usurus
674 1482 689 1524 ε
742 1478 913 1524 nam
949 1453 1300 1550 intelliges
1316 1446 1373 1539 ⁸,
1426 1452 1569 1524 hoc
1605 1451 1738 1523 tibi
1780 1451 1871 1524 de
1907 1456 2161 1527 statuis
2196 1480 2376 1528 con·-

248 1566 606 1639 fitendum
644 1588 819 1635 esse.

346 1680 525 1746 LXI.
592 1674 771 1745 Mihi
830 1675 1024 1745 enim
1076 1678 1569 1763 renuntiatur,
1612 1675 1711 1744 ita
1754 1676 2096 1746 constitui
2143 1701 2183 1746 a
2232 1680 2376 1748 tuis

251 1786 613 1886 patronis,
643 1782 1060 1855 hominibus
1090 1783 1477 1879 ingeniosis
1500 1795 1549 1870 ¹,
1579 1807 1862 1854 causam
1901 1797 2129 1872 tuam,
2169 1799 2243 1855 et
2283 1786 2382 1856 ita

251 1922 376 1969 eos
412 1896 539 1968 abs
580 1912 648 1968 te
686 1896 965 1968 institui
1002 1909 1081 1992 et¹
1110 1894 1397 1966 doceri:
1431 1909 1515 1966 ut
1542 1896 1849 1992 quisque
1888 1920 1975 1966 ex
2008 1896 2380 1993 provincia

252 2008 491 2080 Sicilia
527 2010 812 2106 gravior
834 2004 1060 2076 h'omo
1096 2012 1321 2101 atque
1351 2005 1728 2077 honestior
1753 2006 2242 2077 testimonium
2268 2029 2384 2075 ve·

252 2117 662 2188 hementius
715 2115 1012 2201 dixerit,
1068 2114 1277 2185 sicuti
1328 2115 1545 2186 Siculi
1603 2115 1824 2186 multi
1875 2116 2197 2212 primarii
2248 2116 2383 2184 viri

251 2227 476 2299 multa
516 2226 889 2311 dixerunt,
950 2238 1020 2295 te
1054 2227 1294 2295 statim
1330 2224 1471 2297 hoc
1507 2226 1659 2297 istis
1696 2226 1837 2296 tuis
1879 2222 2382 2296 defensoribus

251 2337 490 2410 dicere
537 2365 553 2408 ε
607 2336 1008 2408 «Inimicus
1052 2338 1159 2407 est
1197 2350 1614 2434 propterea,
1671 2333 1871 2433 quod
1919 2349 2161 2407 arator
2193 2351 2383 2410 est.»

251 2451 502 2543 Itaque
530 2471 683 2525 uno
708 2471 969 2540 genere
989 2457 1044 2533 ²,
1072 2447 1358 2542 opinor,
1383 2444 1970 2517 circumscribere
1995 2445 2277 2518 habetis
2303 2448 2380 2520 in

253 2558 495 2628 animo
530 2579 758 2651 genus
788 2554 930 2626 hoc
963 2569 1327 2626 aratorum
1355 2608 1375 2642 ,
1410 2553 1613 2652 quod
1649 2578 1773 2625 eos
1813 2552 2095 2625 infenso
2142 2558 2383 2626 animo

254 2680 474 2762 atque
502 2665 796 2734 inimico
829 2666 1106 2734 venisse
1136 2663 1419 2750 dicatis,
1447 2666 1615 2759 quia
1648 2661 1866 2733 fuerit
1899 2666 1976 2733 in
2001 2660 2029 2706 3
2061 2662 2383 2734 decumis
2429 2697 2432 2702 ·

255 2778 390 2847 iste
410 2774 920 2847 vehementior.
944 2778 1136 2870 Ergo
1151 2788 1488 2862 aratoreS,
1508 2773 1781 2843 inimici
1800 2774 2109 2863 omnes4,
2133 2796 2384 2846 omnes

255 2886 639 2958 adversarii
671 2899 842 2956 sunt
870 2912 886 2954 :
926 2908 1143 2955 nemo
1183 2908 1437 2956 eorum
1474 2898 1616 2972 est,
1641 2885 1821 2979 quin
1848 2887 2117 2981 perisse
2146 2897 2217 2955 te
2251 2909 2382 2956 cu-

258 3142 687 3192 Vehementissime
726 3138 1000 3204 dislogismi
1041 3139 1222 3197 forma,
1249 3155 1275 3186 a
1436 3155 1485 3187 2.
1521 3141 1630 3188 Uno
1662 3154 1858 3204 genere.
1897 3142 2006 3188 Hoc
2039 3157 2142 3189 nno
2179 3156 2386 3204 respon·

257 3224 436 3271 nostris
452 3222 599 3271 saeris
612 3217 1277 3283 oratoribus,praesertimque
1366 3218 1513 3267 dendi
1542 3217 1717 3279 modo,
1746 3219 1968 3283 cogitatis
1992 3219 2054 3267 ab
2079 3220 2385 3267 accusatione

257 3319 285 3350 a
304 3302 586 3352 Mas-«illone
610 3301 813 3349 feliciter
830 3299 1007 3363 saepius
1023 3308 1271 3361 usurpata.

334 3400 380 3442 7.
407 3379 550 3429 Nihil
576 3396 733 3446 egero.
763 3379 900 3427 Nihil
933 3379 1276 3443 profecero.—

261 3461 340 3508 Sic
394 3459 578 3524 optime
624 3459 770 3508 codd.
814 3460 977 3508 Ursin.
1025 3470 1076 3506 et
1119 3458 1269 3506 Paris.

260 3539 391 3587 Olim
407 3572 422 3596 ,
452 3560 474 3582 ι
491 3536 629 3585 Nihil
652 3553 769 3601 ergo
788 3559 833 3587 ιι.
859 3539 909 3587 J.
925 3541 989 3586 V.
1015 3541 1074 3586 L.

333 3619 384 3666 8.
430 3617 564 3665 Nam
611 3615 866 3680 intelleges.
922 3615 1113 3664 Habent
1159 3615 1275 3663 edd.

260 3697 393 3745 Oliv.
421 3696 588 3743 Oxou.
611 3694 805 3743 Lallem.
829 3695 957 3754 «jem
981 3694 1218 3759 intelliges
1236 3714 1277 3740 ι.

260 3778 294 3825 J
299 3778 387 3825 ΛΤ.
415 3777 469 3823 L.
575 3836 579 3840 .
666 3773 679 3780 '

332 3857 462 3904 Lxl.
494 3869 536 3900 1.
564 3851 677 3902 Tuis
701 3852 942 3917 patronis.
986 3853 1277 3911 Hortensio,

261 3935 496 3991 Curione,
542 3942 589 3980 et
634 3931 861 3991 Sisenna,
897 3943 945 3980 et
983 3933 1118 3991 aliis,
1155 3948 1279 3995 quos

262 4030 351 4078 per
393 4011 755 4078 oppositionem
798 4022 940 4059 vocat
986 4012 1278 4076 ingeniosos.

262 4092 399 4143 Nihil
423 4095 551 4141 enim
576 4093 707 4139 acuti
728 4089 872 4156 habet
890 4091 999 4151 illa,
1021 4107 1166 4157 quam
1193 4107 1279 4140 ex-

264 4174 619 4237 cogitaverant,
642 4170 875 4219 defensio.

1363 3308 1575 3345 aratores
1613 3313 1877 3346 removere.
1918 3302 2027 3348 Hoc
2070 3299 2200 3346 enIm
2240 3314 2385 3346 sensu

1364 3386 1437 3424 est
1460 3375 1872 3433 circuni-scribere,
1906 3377 2018 3426 Mil.
2044 3378 2131 3424 33.
2171 3377 2386 3444 Philipp.

1363 3458 1513 3518 xm,
1532 3471 1580 3517 9.

1438 3536 1487 3582 3.
1510 3538 1573 3581 In
1609 3533 1839 3584 decumis.
1875 3534 2152 3599 Exigendis.
2189 3536 2265 3583 Ex
2288 3536 2386 3585 hoc

1363 3625 1607 3663 aratorum
1632 3613 1753 3662 odio
1780 3613 1970 3661 laudem
1999 3625 2049 3663 et
2072 3615 2273 3679 gratiam
2293 3631 2386 3680 po-

1363 3694 1472 3757 puli
1508 3710 1639 3742 rom.
1665 3693 1760 3741 sibi
1798 3703 2190 3757 comparaturum
2224 3711 2385 3760 spera·

1364 3772 1448 3820 bat
1469 3773 1674 3831 Verres,
1703 3771 1841 3837 quod
1858 3771 2036 3836 pluris,
2064 3789 2208 3837 quam
2236 3776 2384 3823 ceteri

1367 3851 1591 3900 decumas
1631 3851 1928 3900 vendidisset
1965 3861 2014 3900 et
2058 3869 2211 3917 remp.
2259 3853 2382 3901 adeo

1366 3930 1581 3979 ditasset.
1613 3933 1680 3979 At
1718 3932 1906 3995 egregie
1931 3931 2056 3980 hanc
2082 3933 2187 3993 ejus
2214 3932 2389 3982 defen·

1367 4011 1551 4059 sionem
1572 4011 1747 4059 refutat
1766 4013 1937 4061 Cicero
1952 4014 2097 4059 Verr.
2123 4013 2222 4070 111,
2249 4012 2309 4060 de
2336 4029 2386 4059 re

1368 4090 1693 4139 frumentaria.

1362 4227 1371 4238 .
1444 4178 1491 4225 4.
1531 4169 1609 4216 Sic
1650 4167 1913 4229 edidimus,
1953 4177 2064 4229 post
2108 4167 2303 4215 Lallem.
2345 4179 2393 4215 et

2040 4251 2151 4322 31.
