<?xml version="1.0" encoding="UTF-8"?>
<!DOCTYPE html PUBLIC "-//W3C//DTD XHTML 1.0 Transitional//EN"
    "http://www.w3.org/TR/xhtml1/DTD/xhtml1-transitional.dtd">
<html xmlns="http://www.w3.org/1999/xhtml" xml:lang="en" lang="en">
 <head>
  <title>
</title>
<meta http-equiv="Content-Type" content="text/html;charset=utf-8" />
  <meta name='ocr-system' content='tesseract 3.04.00' />
  <meta name='ocr-capabilities' content='ocr_page ocr_carea ocr_par ocr_line ocrx_word'/>
</head>
<body>
  <div class='ocr_page' id='page_1' title='image "./mtciceronisquae09lemagoog/mtciceronisquae09lemagoog_0526.png"; bbox 0 0 3044 4788; ppageno 0'>
   <div class='ocr_carea' id='block_1_1' title="bbox 662 413 2148 500">
    <p class='ocr_par' dir='ltr' id='par_1_1' title="bbox 662 413 2148 500">
     <span class='ocr_line' id='line_1_1' title="bbox 662 413 2148 500; baseline -0.003 -15"><span class='ocrx_word' id='word_1_1' title='bbox 662 414 806 500; x_wconf 77' lang='lat'>486</span> <span class='ocrx_word' id='word_1_2' title='bbox 1300 416 1395 482; x_wconf 90' lang='grc' dir='ltr'>Μ.</span> <span class='ocrx_word' id='word_1_3' title='bbox 1448 414 1526 479; x_wconf 91' lang='grc' dir='ltr'>Τ.</span> <span class='ocrx_word' id='word_1_4' title='bbox 1580 413 2148 481; x_wconf 85' lang='lat' dir='ltr'>CICERONIS</span> 
     </span>
    </p>
   </div>
   <div class='ocr_carea' id='block_1_2' title="bbox 659 526 2896 3162">
    <p class='ocr_par' dir='ltr' id='par_1_2' title="bbox 659 526 2896 3162">
     <span class='ocr_line' id='line_1_2' title="bbox 660 526 2808 630; baseline -0.004 -21"><span class='ocrx_word' id='word_1_5' title='bbox 660 540 856 609; x_wconf 89' lang='lat' dir='ltr'>mine</span> <span class='ocrx_word' id='word_1_6' title='bbox 888 534 1166 607; x_wconf 87' lang='lat' dir='ltr'><strong>dederit</strong></span> <span class='ocrx_word' id='word_1_7' title='bbox 1187 588 1207 621; x_wconf 93' lang='lat'>‚</span> <span class='ocrx_word' id='word_1_8' title='bbox 1247 535 1318 602; x_wconf 86' lang='lat' dir='ltr'>vi</span> <span class='ocrx_word' id='word_1_9' title='bbox 1346 547 1562 629; x_wconf 84' lang='lat' dir='ltr'>atque</span> <span class='ocrx_word' id='word_1_10' title='bbox 1594 533 1904 630; x_wconf 90' lang='lat' dir='ltr'>imperio</span> <span class='ocrx_word' id='word_1_11' title='bbox 1935 530 2326 618; x_wconf 88' lang='lat' dir='ltr'>adductus,</span> <span class='ocrx_word' id='word_1_12' title='bbox 2364 553 2516 599; x_wconf 92' lang='lat' dir='ltr'>non</span> <span class='ocrx_word' id='word_1_13' title='bbox 2548 526 2808 601; x_wconf 87' lang='lat' dir='ltr'>officio</span> 
     </span>
     <span class='ocr_line' id='line_1_3' title="bbox 662 638 2811 739; baseline -0.005 -19"><span class='ocrx_word' id='word_1_14' title='bbox 662 673 745 720; x_wconf 91' lang='lat' dir='ltr'>ac</span> <span class='ocrx_word' id='word_1_15' title='bbox 794 645 1210 718; x_wconf 83' lang='lat' dir='ltr'>voluntate?</span> <span class='ocrx_word' id='word_1_16' title='bbox 1246 649 1336 715; x_wconf 91' lang='lat' dir='ltr'>Et</span> <span class='ocrx_word' id='word_1_17' title='bbox 1394 642 1612 737; x_wconf 87' lang='lat' dir='ltr'>hujus</span> <span class='ocrx_word' id='word_1_18' title='bbox 1653 667 1788 739; x_wconf 91' lang='lat' dir='ltr'>ego</span> <span class='ocrx_word' id='word_1_19' title='bbox 1830 646 2197 739; x_wconf 67' lang='lat' dir='ltr'>pecuniae,</span> <span class='ocrx_word' id='word_1_20' title='bbox 2242 638 2521 735; x_wconf 88' lang='lat' dir='ltr'>judices</span> <span class='ocrx_word' id='word_1_21' title='bbox 2547 695 2570 728; x_wconf 91' lang='lat'>,</span> <span class='ocrx_word' id='word_1_22' title='bbox 2634 666 2811 737; x_wconf 69' lang='lat' dir='ltr'>qua.-</span> 
     </span>
     <span class='ocr_line' id='line_1_4' title="bbox 662 750 2803 856; baseline -0.003 -28"><span class='ocrx_word' id='word_1_23' title='bbox 662 780 1053 856; x_wconf 86' lang='lat' dir='ltr'>permagna</span> <span class='ocrx_word' id='word_1_24' title='bbox 1095 770 1241 841; x_wconf 87' lang='lat' dir='ltr'>est,</span> <span class='ocrx_word' id='word_1_25' title='bbox 1285 753 2052 851; x_wconf 82' lang='lat' dir='ltr'>impudentissimeque</span> <span class='ocrx_word' id='word_1_26' title='bbox 2089 766 2337 823; x_wconf 90' lang='lat' dir='ltr'>coacta</span> <span class='ocrx_word' id='word_1_27' title='bbox 2378 750 2467 821; x_wconf 90' lang='lat' dir='ltr'>ab</span> <span class='ocrx_word' id='word_1_28' title='bbox 2509 753 2803 835; x_wconf 80' lang='lat' dir='ltr'>invitis,</span> 
     </span>
     <span class='ocr_line' id='line_1_5' title="bbox 665 862 2807 961; baseline -0.005 -21"><span class='ocrx_word' id='word_1_29' title='bbox 665 895 818 940; x_wconf 91' lang='lat' dir='ltr'>non</span> <span class='ocrx_word' id='word_1_30' title='bbox 855 868 1079 938; x_wconf 93' lang='lat' dir='ltr'>habui</span> <span class='ocrx_word' id='word_1_31' title='bbox 1110 867 1461 936; x_wconf 87' lang='lat' dir='ltr'>rationem</span> <span class='ocrx_word' id='word_1_32' title='bbox 1481 876 1538 951; x_wconf 88' lang='lat'>⁷,</span> <span class='ocrx_word' id='word_1_33' title='bbox 1573 888 1814 961; x_wconf 92' lang='lat' dir='ltr'>neque</span> <span class='ocrx_word' id='word_1_34' title='bbox 1855 862 2126 934; x_wconf 88' lang='lat' dir='ltr'>habere</span> <span class='ocrx_word' id='word_1_35' title='bbox 2163 863 2402 959; x_wconf 92' lang='lat' dir='ltr'>potui,</span> <span class='ocrx_word' id='word_1_36' title='bbox 2436 875 2807 958; x_wconf 88' lang='lat' dir='ltr'>quantum</span> 
     </span>
     <span class='ocr_line' id='line_1_6' title="bbox 662 970 2804 1071; baseline -0.005 -21"><span class='ocrx_word' id='word_1_37' title='bbox 662 978 756 1050; x_wconf 93' lang='lat' dir='ltr'>ab</span> <span class='ocrx_word' id='word_1_38' title='bbox 797 975 1224 1061; x_wconf 88' lang='lat' dir='ltr'>aratoribus,</span> <span class='ocrx_word' id='word_1_39' title='bbox 1280 989 1639 1071; x_wconf 89' lang='lat' dir='ltr'>quantum</span> <span class='ocrx_word' id='word_1_40' title='bbox 1689 973 1781 1044; x_wconf 91' lang='lat' dir='ltr'>ab</span> <span class='ocrx_word' id='word_1_41' title='bbox 1840 970 2448 1071; x_wconf 78' lang='lat' dir='ltr'>negotiatoribuS,</span> <span class='ocrx_word' id='word_1_42' title='bbox 2491 974 2621 1067; x_wconf 88' lang='lat' dir='ltr'>qui</span> <span class='ocrx_word' id='word_1_43' title='bbox 2668 976 2804 1066; x_wconf 82' lang='lat' dir='ltr'>Sy-</span> 
     </span>
     <span class='ocr_line' id='line_1_7' title="bbox 659 1080 2804 1183; baseline -0.004 -23"><span class='ocrx_word' id='word_1_44' title='bbox 659 1088 966 1171; x_wconf 88' lang='lat' dir='ltr'>racusis,</span> <span class='ocrx_word' id='word_1_45' title='bbox 1012 1088 1139 1182; x_wconf 88' lang='lat' dir='ltr'>qui</span> <span class='ocrx_word' id='word_1_46' title='bbox 1173 1086 1577 1183; x_wconf 82' lang='lat' dir='ltr'>Agrigenti,</span> <span class='ocrx_word' id='word_1_47' title='bbox 1603 1085 1733 1181; x_wconf 92' lang='lat' dir='ltr'>qui</span> <span class='ocrx_word' id='word_1_48' title='bbox 1769 1084 2145 1169; x_wconf 90' lang='lat' dir='ltr'>Panormi,</span> <span class='ocrx_word' id='word_1_49' title='bbox 2174 1085 2304 1178; x_wconf 90' lang='lat' dir='ltr'>qui</span> <span class='ocrx_word' id='word_1_50' title='bbox 2338 1080 2633 1176; x_wconf 76' lang='lat' dir='ltr'>Lilybaei</span> <span class='ocrx_word' id='word_1_51' title='bbox 2670 1108 2804 1152; x_wconf 86' lang='lat' dir='ltr'>ne-</span> 
     </span>
     <span class='ocr_line' id='line_1_8' title="bbox 663 1190 2810 1296; baseline -0.003 -29"><span class='ocrx_word' id='word_1_52' title='bbox 663 1198 1050 1296; x_wconf 86' lang='lat' dir='ltr'>gotiantur,</span> <span class='ocrx_word' id='word_1_53' title='bbox 1082 1210 1268 1265; x_wconf 87' lang='lat' dir='ltr'>esset</span> <span class='ocrx_word' id='word_1_54' title='bbox 1299 1207 1628 1265; x_wconf 90' lang='lat' dir='ltr'>coactum</span> <span class='ocrx_word' id='word_1_55' title='bbox 1661 1221 1677 1262; x_wconf 91' lang='lat'>:</span> <span class='ocrx_word' id='word_1_56' title='bbox 1717 1194 2063 1289; x_wconf 89' lang='lat' dir='ltr'>quoniam</span> <span class='ocrx_word' id='word_1_57' title='bbox 2105 1190 2535 1287; x_wconf 84' lang='lat' dir='ltr'>intelligitis,</span> <span class='ocrx_word' id='word_1_58' title='bbox 2573 1192 2810 1288; x_wconf 88' lang='lat' dir='ltr'>ipsius</span> 
     </span>
     <span class='ocr_line' id='line_1_9' title="bbox 666 1301 2632 1403; baseline -0.004 -27"><span class='ocrx_word' id='word_1_59' title='bbox 666 1329 963 1403; x_wconf 91' lang='lat' dir='ltr'>quoque</span> <span class='ocrx_word' id='word_1_60' title='bbox 1002 1302 1485 1389; x_wconf 86' lang='lat' dir='ltr'>confessione,</span> <span class='ocrx_word' id='word_1_61' title='bbox 1517 1301 1609 1372; x_wconf 86' lang='lat' dir='ltr'>ab</span> <span class='ocrx_word' id='word_1_62' title='bbox 1641 1303 2083 1372; x_wconf 86' lang='lat' dir='ltr'>invitissimis</span> <span class='ocrx_word' id='word_1_63' title='bbox 2104 1315 2424 1372; x_wconf 88' lang='lat' dir='ltr'>coactam</span> <span class='ocrx_word' id='word_1_64' title='bbox 2451 1325 2632 1371; x_wconf 89' lang='lat' dir='ltr'>esse.</span> 
     </span>
     <span class='ocr_line' id='line_1_10' title="bbox 764 1408 2811 1506; baseline -0.003 -19"><span class='ocrx_word' id='word_1_65' title='bbox 764 1417 1015 1487; x_wconf 88' lang='lat' dir='ltr'><strong>LXIII.</strong></span> <span class='ocrx_word' id='word_1_66' title='bbox 1061 1416 1296 1484; x_wconf 91' lang='lat' dir='ltr'>Venio</span> <span class='ocrx_word' id='word_1_67' title='bbox 1335 1436 1533 1484; x_wconf 88' lang='lat' dir='ltr'>nunc</span> <span class='ocrx_word' id='word_1_68' title='bbox 1559 1410 1650 1481; x_wconf 92' lang='lat' dir='ltr'>ad</span> <span class='ocrx_word' id='word_1_69' title='bbox 1691 1413 2012 1482; x_wconf 89' lang='lat' dir='ltr'>civitates</span> <span class='ocrx_word' id='word_1_70' title='bbox 2049 1410 2299 1481; x_wconf 83' lang='lat' dir='ltr'>Siciliae</span> <span class='ocrx_word' id='word_1_71' title='bbox 2335 1437 2351 1479; x_wconf 90' lang='lat'>:</span> <span class='ocrx_word' id='word_1_72' title='bbox 2396 1409 2488 1480; x_wconf 92' lang='lat' dir='ltr'>de</span> <span class='ocrx_word' id='word_1_73' title='bbox 2527 1408 2811 1506; x_wconf 90' lang='lat' dir='ltr'>quibus</span> 
     </span>
     <span class='ocr_line' id='line_1_11' title="bbox 671 1521 2810 1619; baseline -0.003 -22"><span class='ocrx_word' id='word_1_74' title='bbox 671 1524 1005 1597; x_wconf 84' lang='lat' dir='ltr'>facillime</span> <span class='ocrx_word' id='word_1_75' title='bbox 1047 1523 1405 1619; x_wconf 87' lang='lat' dir='ltr'>judicium</span> <span class='ocrx_word' id='word_1_76' title='bbox 1446 1521 1604 1592; x_wconf 88' lang='lat' dir='ltr'>fieri</span> <span class='ocrx_word' id='word_1_77' title='bbox 1649 1521 2038 1592; x_wconf 88' lang='lat' dir='ltr'>voluntatis</span> <span class='ocrx_word' id='word_1_78' title='bbox 2094 1533 2356 1618; x_wconf 90' lang='lat' dir='ltr'>potest.</span> <span class='ocrx_word' id='word_1_79' title='bbox 2421 1524 2532 1591; x_wconf 90' lang='lat' dir='ltr'>An</span> <span class='ocrx_word' id='word_1_80' title='bbox 2587 1522 2810 1591; x_wconf 87' lang='lat' dir='ltr'>etiam</span> 
     </span>
     <span class='ocr_line' id='line_1_12' title="bbox 668 1630 2813 1729; baseline -0.003 -22"><span class='ocrx_word' id='word_1_81' title='bbox 668 1637 888 1707; x_wconf 91' lang='lat' dir='ltr'>Siculi</span> <span class='ocrx_word' id='word_1_82' title='bbox 924 1636 1139 1705; x_wconf 85' lang='lat' dir='ltr'>inviti</span> <span class='ocrx_word' id='word_1_83' title='bbox 1174 1631 1692 1705; x_wconf 84' lang='lat' dir='ltr'>contulerunt?</span> <span class='ocrx_word' id='word_1_84' title='bbox 1740 1656 1890 1701; x_wconf 92' lang='lat' dir='ltr'>non</span> <span class='ocrx_word' id='word_1_85' title='bbox 1928 1645 2035 1702; x_wconf 90' lang='lat' dir='ltr'>est</span> <span class='ocrx_word' id='word_1_86' title='bbox 2071 1630 2473 1729; x_wconf 83' lang='lat' dir='ltr'>probabile.</span> <span class='ocrx_word' id='word_1_87' title='bbox 2515 1634 2813 1703; x_wconf 82' lang='lat' dir='ltr'>Etenim</span> 
     </span>
     <span class='ocr_line' id='line_1_13' title="bbox 672 1740 2815 1839; baseline -0.002 -23"><span class='ocrx_word' id='word_1_88' title='bbox 672 1746 773 1816; x_wconf 88' lang='lat' dir='ltr'>sic</span> <span class='ocrx_word' id='word_1_89' title='bbox 797 1749 873 1817; x_wconf 90' lang='lat' dir='ltr'>C.</span> <span class='ocrx_word' id='word_1_90' title='bbox 904 1748 1202 1815; x_wconf 87' lang='lat' dir='ltr'>Verrem</span> <span class='ocrx_word' id='word_1_91' title='bbox 1236 1755 1615 1839; x_wconf 65' lang='lat' dir='ltr'>praeturam</span> <span class='ocrx_word' id='word_1_92' title='bbox 1648 1742 1722 1810; x_wconf 90' lang='lat' dir='ltr'>in</span> <span class='ocrx_word' id='word_1_93' title='bbox 1752 1740 1983 1810; x_wconf 83' lang='lat' dir='ltr'>Sicilia</span> <span class='ocrx_word' id='word_1_94' title='bbox 2017 1742 2311 1838; x_wconf 87' lang='lat' dir='ltr'>gessisse</span> <span class='ocrx_word' id='word_1_95' title='bbox 2337 1755 2654 1829; x_wconf 83' lang='lat' dir='ltr'>constat,</span> <span class='ocrx_word' id='word_1_96' title='bbox 2688 1756 2815 1829; x_wconf 89' lang='lat' dir='ltr'>ut,</span> 
     </span>
     <span class='ocr_line' id='line_1_14' title="bbox 669 1849 2818 1956; baseline -0.003 -28"><span class='ocrx_word' id='word_1_97' title='bbox 669 1880 902 1956; x_wconf 88' lang='lat' dir='ltr'>quum</span> <span class='ocrx_word' id='word_1_98' title='bbox 940 1856 1267 1951; x_wconf 89' lang='lat' dir='ltr'>utrisque</span> <span class='ocrx_word' id='word_1_99' title='bbox 1311 1849 1716 1924; x_wconf 83' lang='lat' dir='ltr'>satisfacere</span> <span class='ocrx_word' id='word_1_100' title='bbox 1760 1875 1912 1921; x_wconf 88' lang='lat' dir='ltr'>non</span> <span class='ocrx_word' id='word_1_101' title='bbox 1959 1865 2240 1948; x_wconf 80' lang='lat' dir='ltr'>posset,</span> <span class='ocrx_word' id='word_1_102' title='bbox 2284 1865 2357 1921; x_wconf 91' lang='lat' dir='ltr'>et</span> <span class='ocrx_word' id='word_1_103' title='bbox 2399 1850 2694 1939; x_wconf 86' lang='lat' dir='ltr'>Siculis,</span> <span class='ocrx_word' id='word_1_104' title='bbox 2740 1868 2818 1923; x_wconf 88' lang='lat' dir='ltr'>et</span> 
     </span>
     <span class='ocr_line' id='line_1_15' title="bbox 673 1960 2819 2063; baseline -0.001 -28"><span class='ocrx_word' id='word_1_105' title='bbox 673 1966 970 2063; x_wconf 80' lang='lat' dir='ltr'>togatiS,</span> <span class='ocrx_word' id='word_1_106' title='bbox 1016 1961 1238 2034; x_wconf 86' lang='lat' dir='ltr'>officii</span> <span class='ocrx_word' id='word_1_107' title='bbox 1284 1963 1526 2060; x_wconf 90' lang='lat' dir='ltr'>potius</span> <span class='ocrx_word' id='word_1_108' title='bbox 1567 1962 1643 2030; x_wconf 89' lang='lat' dir='ltr'>in</span> <span class='ocrx_word' id='word_1_109' title='bbox 1684 1962 1949 2047; x_wconf 81' lang='lat' dir='ltr'>socioS‚</span> <span class='ocrx_word' id='word_1_110' title='bbox 2004 1985 2228 2058; x_wconf 89' lang='lat' dir='ltr'>quam</span> <span class='ocrx_word' id='word_1_111' title='bbox 2266 1960 2687 2032; x_wconf 83' lang='lat' dir='ltr'>ambitionis</span> <span class='ocrx_word' id='word_1_112' title='bbox 2736 1965 2819 2033; x_wconf 88' lang='lat' dir='ltr'>in</span> 
     </span>
     <span class='ocr_line' id='line_1_16' title="bbox 677 2070 2818 2167; baseline -0.002 -21"><span class='ocrx_word' id='word_1_113' title='bbox 677 2076 866 2147; x_wconf 85' lang='lat' dir='ltr'>cives</span> <span class='ocrx_word' id='word_1_114' title='bbox 905 2074 1259 2143; x_wconf 89' lang='lat' dir='ltr'>rationem</span> <span class='ocrx_word' id='word_1_115' title='bbox 1306 2070 1616 2143; x_wconf 84' lang='lat' dir='ltr'>duxerit.</span> <span class='ocrx_word' id='word_1_116' title='bbox 1673 2077 1928 2167; x_wconf 89' lang='lat' dir='ltr'>Itaque</span> <span class='ocrx_word' id='word_1_117' title='bbox 1972 2095 2141 2141; x_wconf 92' lang='lat' dir='ltr'>eum</span> <span class='ocrx_word' id='word_1_118' title='bbox 2187 2096 2337 2141; x_wconf 89' lang='lat' dir='ltr'>non</span> <span class='ocrx_word' id='word_1_119' title='bbox 2394 2070 2634 2141; x_wconf 91' lang='lat' dir='ltr'>solum</span> <span class='ocrx_word' id='word_1_120' title='bbox 2690 2097 2818 2143; x_wconf 72' lang='lat' dir='ltr'>PA-</span> 
     </span>
     <span class='ocr_line' id='line_1_17' title="bbox 678 2181 2817 2279; baseline 0 -26"><span class='ocrx_word' id='word_1_121' title='bbox 678 2206 981 2253; x_wconf 76' lang='lat' dir='ltr'>Tnomm</span> <span class='ocrx_word' id='word_1_122' title='bbox 1031 2185 1236 2251; x_wconf 89' lang='lat' dir='ltr'>istius</span> <span class='ocrx_word' id='word_1_123' title='bbox 1276 2181 1562 2267; x_wconf 82' lang='lat' dir='ltr'>insulae,</span> <span class='ocrx_word' id='word_1_124' title='bbox 1606 2181 1733 2252; x_wconf 91' lang='lat' dir='ltr'>sed</span> <span class='ocrx_word' id='word_1_125' title='bbox 1770 2182 1984 2251; x_wconf 89' lang='lat' dir='ltr'>etiam</span> <span class='ocrx_word' id='word_1_126' title='bbox 2022 2191 2330 2251; x_wconf 57' lang='lat' dir='ltr'>sormss</span> <span class='ocrx_word' id='word_1_127' title='bbox 2373 2182 2817 2279; x_wconf 88' lang='lat' dir='ltr'>inscriptum</span> 
     </span>
     <span class='ocr_line' id='line_1_18' title="bbox 674 2289 2815 2387; baseline 0.001 -27"><span class='ocrx_word' id='word_1_128' title='bbox 674 2289 824 2361; x_wconf 80' lang='lat' dir='ltr'>vidi</span> <span class='ocrx_word' id='word_1_129' title='bbox 856 2293 1237 2386; x_wconf 85' lang='lat' dir='ltr'>Syracusis.</span> <span class='ocrx_word' id='word_1_130' title='bbox 1278 2294 1430 2360; x_wconf 90' lang='lat' dir='ltr'>Hoc</span> <span class='ocrx_word' id='word_1_131' title='bbox 1461 2306 1813 2385; x_wconf 87' lang='lat' dir='ltr'>quantum</span> <span class='ocrx_word' id='word_1_132' title='bbox 1848 2292 1997 2363; x_wconf 85' lang='lat' dir='ltr'>est?</span> <span class='ocrx_word' id='word_1_133' title='bbox 2035 2296 2134 2361; x_wconf 90' lang='lat' dir='ltr'>ita</span> <span class='ocrx_word' id='word_1_134' title='bbox 2167 2314 2570 2387; x_wconf 74' lang='lat' dir='ltr'>magnum„</span> <span class='ocrx_word' id='word_1_135' title='bbox 2591 2307 2671 2363; x_wconf 93' lang='lat' dir='ltr'>ut</span> <span class='ocrx_word' id='word_1_136' title='bbox 2707 2292 2815 2362; x_wconf 87' lang='lat' dir='ltr'>la-</span> 
     </span>
     <span class='ocr_line' id='line_1_19' title="bbox 676 2399 2816 2501; baseline 0.002 -31"><span class='ocrx_word' id='word_1_137' title='bbox 676 2400 833 2470; x_wconf 89' lang='lat' dir='ltr'>tino</span> <span class='ocrx_word' id='word_1_138' title='bbox 868 2424 1019 2471; x_wconf 90' lang='lat' dir='ltr'>uno</span> <span class='ocrx_word' id='word_1_139' title='bbox 1064 2399 1290 2472; x_wconf 83' lang='lat' dir='ltr'>verbo</span> <span class='ocrx_word' id='word_1_140' title='bbox 1333 2405 1637 2499; x_wconf 86' lang='lat' dir='ltr'>exprimi</span> <span class='ocrx_word' id='word_1_141' title='bbox 1680 2405 2130 2501; x_wconf 71' lang='lat' dir='ltr'>nonpossit.</span> <span class='ocrx_word' id='word_1_142' title='bbox 2183 2406 2254 2473; x_wconf 88' lang='lat' dir='ltr'>Is</span> <span class='ocrx_word' id='word_1_143' title='bbox 2303 2417 2416 2474; x_wconf 88' lang='lat' dir='ltr'>est</span> <span class='ocrx_word' id='word_1_144' title='bbox 2462 2406 2816 2474; x_wconf 88' lang='lat' dir='ltr'>nimirum</span> 
     </span>
     <span class='ocr_line' id='line_1_20' title="bbox 676 2511 2815 2608; baseline 0.001 -26"><span class='ocrx_word' id='word_1_145' title='bbox 676 2536 935 2604; x_wconf 71' lang='lat' dir='ltr'>somn,</span> <span class='ocrx_word' id='word_1_146' title='bbox 985 2512 1114 2608; x_wconf 92' lang='lat' dir='ltr'>qui</span> <span class='ocrx_word' id='word_1_147' title='bbox 1147 2511 1448 2584; x_wconf 90' lang='lat' dir='ltr'>salutem</span> <span class='ocrx_word' id='word_1_148' title='bbox 1494 2511 1715 2583; x_wconf 90' lang='lat' dir='ltr'>dedit.</span> <span class='ocrx_word' id='word_1_149' title='bbox 1768 2514 1999 2607; x_wconf 89' lang='lat' dir='ltr'>Hujus</span> <span class='ocrx_word' id='word_1_150' title='bbox 2051 2513 2349 2583; x_wconf 89' lang='lat' dir='ltr'>nomine</span> <span class='ocrx_word' id='word_1_151' title='bbox 2392 2515 2613 2582; x_wconf 90' lang='lat' dir='ltr'>etiam</span> <span class='ocrx_word' id='word_1_152' title='bbox 2661 2512 2815 2584; x_wconf 86' lang='lat' dir='ltr'>dies</span> 
     </span>
     <span class='ocr_line' id='line_1_21' title="bbox 678 2620 2896 2719; baseline -0 -25"><span class='ocrx_word' id='word_1_153' title='bbox 678 2620 842 2694; x_wconf 84' lang='lat' dir='ltr'>festi</span> <span class='ocrx_word' id='word_1_154' title='bbox 880 2626 1263 2718; x_wconf 88' lang='lat' dir='ltr'>agitantur,</span> <span class='ocrx_word' id='word_1_155' title='bbox 1319 2620 1626 2719; x_wconf 90' lang='lat' dir='ltr'>pulchra</span> <span class='ocrx_word' id='word_1_156' title='bbox 1670 2623 1787 2693; x_wconf 90' lang='lat' dir='ltr'>illa</span> <span class='ocrx_word' id='word_1_157' title='bbox 1821 2626 2091 2693; x_wconf 86' lang='lat' dir='ltr'>Verrea</span> <span class='ocrx_word' id='word_1_158' title='bbox 2110 2677 2128 2708; x_wconf 89' lang='lat'>‚</span> <span class='ocrx_word' id='word_1_159' title='bbox 2167 2647 2318 2692; x_wconf 90' lang='lat' dir='ltr'>non</span> <span class='ocrx_word' id='word_1_160' title='bbox 2365 2623 2573 2719; x_wconf 90' lang='lat' dir='ltr'>quasi</span> <span class='ocrx_word' id='word_1_161' title='bbox 2619 2628 2814 2695; x_wconf 90' lang='lat' dir='ltr'>Mar-</span> <span class='ocrx_word' id='word_1_162' title='bbox 2885 2676 2896 2693; x_wconf 89' lang='lat'>.</span> 
     </span>
     <span class='ocr_line' id='line_1_22' title="bbox 681 2731 2815 2830; baseline -0 -26"><span class='ocrx_word' id='word_1_163' title='bbox 681 2732 941 2820; x_wconf 75' lang='lat' dir='ltr'>cellen,</span> <span class='ocrx_word' id='word_1_164' title='bbox 978 2731 1105 2804; x_wconf 87' lang='lat' dir='ltr'>sed</span> <span class='ocrx_word' id='word_1_165' title='bbox 1132 2756 1267 2829; x_wconf 88' lang='lat' dir='ltr'>pro</span> <span class='ocrx_word' id='word_1_166' title='bbox 1301 2732 1699 2804; x_wconf 88' lang='lat' dir='ltr'>Marcelleis</span> <span class='ocrx_word' id='word_1_167' title='bbox 1727 2760 1742 2801; x_wconf 76' lang='lat' dir='ltr'><strong><em>z</em></strong></span> <span class='ocrx_word' id='word_1_168' title='bbox 1773 2758 1936 2830; x_wconf 82' lang='lat' dir='ltr'>quae</span> <span class='ocrx_word' id='word_1_169' title='bbox 1968 2733 2070 2803; x_wconf 87' lang='lat' dir='ltr'>illi</span> <span class='ocrx_word' id='word_1_170' title='bbox 2106 2733 2311 2804; x_wconf 90' lang='lat' dir='ltr'>istius</span> <span class='ocrx_word' id='word_1_171' title='bbox 2342 2734 2550 2828; x_wconf 90' lang='lat' dir='ltr'>jussu</span> <span class='ocrx_word' id='word_1_172' title='bbox 2579 2748 2815 2805; x_wconf 85' lang='lat' dir='ltr'>sustu·</span> 
     </span>
     <span class='ocr_line' id='line_1_23' title="bbox 683 2838 2814 2941; baseline 0.001 -29"><span class='ocrx_word' id='word_1_173' title='bbox 683 2843 948 2913; x_wconf 90' lang='lat' dir='ltr'>lerunt.</span> <span class='ocrx_word' id='word_1_174' title='bbox 1000 2841 1231 2935; x_wconf 88' lang='lat' dir='ltr'>Hujus</span> <span class='ocrx_word' id='word_1_175' title='bbox 1280 2838 1573 2913; x_wconf 78' lang='lat' dir='ltr'>fornix²</span> <span class='ocrx_word' id='word_1_176' title='bbox 1612 2844 1689 2912; x_wconf 92' lang='lat' dir='ltr'>in</span> <span class='ocrx_word' id='word_1_177' title='bbox 1735 2841 1898 2914; x_wconf 89' lang='lat' dir='ltr'>foro</span> <span class='ocrx_word' id='word_1_178' title='bbox 1935 2844 2298 2939; x_wconf 85' lang='lat' dir='ltr'>Syracusis</span> <span class='ocrx_word' id='word_1_179' title='bbox 2348 2857 2499 2930; x_wconf 90' lang='lat' dir='ltr'>est,</span> <span class='ocrx_word' id='word_1_180' title='bbox 2543 2846 2623 2913; x_wconf 90' lang='lat' dir='ltr'>in</span> <span class='ocrx_word' id='word_1_181' title='bbox 2663 2868 2814 2941; x_wconf 89' lang='lat' dir='ltr'>quo</span> 
     </span>
     <span class='ocr_line' id='line_1_24' title="bbox 681 2949 2814 3051; baseline 0.001 -28"><span class='ocrx_word' id='word_1_182' title='bbox 681 2951 927 3023; x_wconf 91' lang='lat' dir='ltr'>nudus</span> <span class='ocrx_word' id='word_1_183' title='bbox 962 2949 1153 3022; x_wconf 89' lang='lat' dir='ltr'>filius</span> <span class='ocrx_word' id='word_1_184' title='bbox 1188 2966 1365 3023; x_wconf 87' lang='lat' dir='ltr'>stat:</span> <span class='ocrx_word' id='word_1_185' title='bbox 1407 2954 1560 3051; x_wconf 90' lang='lat' dir='ltr'>ipse</span> <span class='ocrx_word' id='word_1_186' title='bbox 1601 2968 1841 3024; x_wconf 91' lang='lat' dir='ltr'>autem</span> <span class='ocrx_word' id='word_1_187' title='bbox 1878 2978 1966 3024; x_wconf 85' lang='lat' dir='ltr'>ex</span> <span class='ocrx_word' id='word_1_188' title='bbox 1994 2978 2187 3050; x_wconf 91' lang='lat' dir='ltr'>equo</span> <span class='ocrx_word' id='word_1_189' title='bbox 2224 2952 2572 3024; x_wconf 89' lang='lat' dir='ltr'>nudatam</span> <span class='ocrx_word' id='word_1_190' title='bbox 2603 2954 2697 3025; x_wconf 89' lang='lat' dir='ltr'>ab</span> <span class='ocrx_word' id='word_1_191' title='bbox 2736 2978 2814 3025; x_wconf 89' lang='lat' dir='ltr'>se</span> 
     </span>
     <span class='ocr_line' id='line_1_25' title="bbox 683 3062 2813 3162; baseline 0 -30"><span class='ocrx_word' id='word_1_192' title='bbox 683 3062 1127 3160; x_wconf 84' lang='lat' dir='ltr'>provinciam</span> <span class='ocrx_word' id='word_1_193' title='bbox 1163 3065 1529 3162; x_wconf 88' lang='lat' dir='ltr'>prospicit.</span> <span class='ocrx_word' id='word_1_194' title='bbox 1579 3064 1810 3159; x_wconf 89' lang='lat' dir='ltr'>Hujus</span> <span class='ocrx_word' id='word_1_195' title='bbox 1847 3078 2096 3136; x_wconf 79' lang='lat' dir='ltr'>statuae</span> <span class='ocrx_word' id='word_1_196' title='bbox 2140 3063 2480 3135; x_wconf 91' lang='lat' dir='ltr'>omnibus</span> <span class='ocrx_word' id='word_1_197' title='bbox 2534 3062 2813 3135; x_wconf 80' lang='lat' dir='ltr'>locis3:</span> 
     </span>
    </p>
   </div>
   <div class='ocr_carea' id='block_1_3' title="bbox 678 3266 1703 4204">
    <p class='ocr_par' dir='ltr' id='par_1_3' title="bbox 685 3266 1703 3495">
     <span class='ocr_line' id='line_1_26' title="bbox 759 3266 1703 3332; baseline -0.004 -14"><span class='ocrx_word' id='word_1_198' title='bbox 759 3288 809 3332; x_wconf 83' lang='lat'>7.</span> <span class='ocrx_word' id='word_1_199' title='bbox 850 3269 964 3316; x_wconf 80' lang='lat' dir='ltr'>Non</span> <span class='ocrx_word' id='word_1_200' title='bbox 1000 3267 1153 3316; x_wconf 72' lang='lat' dir='ltr'>habui</span> <span class='ocrx_word' id='word_1_201' title='bbox 1186 3268 1442 3316; x_wconf 60' lang='lat' dir='ltr'>raabam.</span> <span class='ocrx_word' id='word_1_202' title='bbox 1481 3268 1600 3317; x_wconf 83' lang='lat' dir='ltr'>Non</span> <span class='ocrx_word' id='word_1_203' title='bbox 1641 3266 1703 3314; x_wconf 73' lang='lat' dir='ltr'>nd</span> 
     </span>
     <span class='ocr_line' id='line_1_27' title="bbox 685 3346 1703 3413; baseline -0.007 -13"><span class='ocrx_word' id='word_1_204' title='bbox 685 3350 899 3401; x_wconf 68' lang='lat' dir='ltr'>calculos</span> <span class='ocrx_word' id='word_1_205' title='bbox 930 3348 1096 3413; x_wconf 78' lang='lat' dir='ltr'>redegi</span> <span class='ocrx_word' id='word_1_206' title='bbox 1132 3358 1257 3413; x_wconf 85' lang='lat' dir='ltr'>quot</span> <span class='ocrx_word' id='word_1_207' title='bbox 1290 3361 1519 3394; x_wconf 71' lang='lat' dir='ltr'>nummos</span> <span class='ocrx_word' id='word_1_208' title='bbox 1544 3346 1628 3394; x_wconf 83' lang='lat' dir='ltr'>ille</span> <span class='ocrx_word' id='word_1_209' title='bbox 1653 3347 1703 3393; x_wconf 79' lang='lat' dir='ltr'>vi</span> 
     </span>
     <span class='ocr_line' id='line_1_28' title="bbox 686 3430 915 3495; baseline -0.009 -17"><span class='ocrx_word' id='word_1_210' title='bbox 686 3430 915 3495; x_wconf 75' lang='lat' dir='ltr'>rapuerit.</span> 
     </span>
    </p>

    <p class='ocr_par' dir='ltr' id='par_1_4' title="bbox 678 3506 1703 4048">
     <span class='ocr_line' id='line_1_29' title="bbox 757 3506 1703 3570; baseline -0.003 -14"><span class='ocrx_word' id='word_1_211' title='bbox 757 3510 939 3556; x_wconf 80' lang='lat' dir='ltr'>Lxm.</span> <span class='ocrx_word' id='word_1_212' title='bbox 990 3523 1036 3555; x_wconf 84' lang='lat'>1.</span> <span class='ocrx_word' id='word_1_213' title='bbox 1080 3506 1265 3554; x_wconf 61' lang='grc' dir='ltr'>δοῖεν-α.</span> <span class='ocrx_word' id='word_1_214' title='bbox 1296 3506 1556 3570; x_wconf 77' lang='lat' dir='ltr'>Egregium</span> <span class='ocrx_word' id='word_1_215' title='bbox 1607 3506 1703 3554; x_wconf 83' lang='lat' dir='ltr'>hoe</span> 
     </span>
     <span class='ocr_line' id='line_1_30' title="bbox 681 3583 1701 3649; baseline -0.003 -14"><span class='ocrx_word' id='word_1_216' title='bbox 681 3585 872 3643; x_wconf 62' lang='lat' dir='ltr'>sotanis,</span> <span class='ocrx_word' id='word_1_217' title='bbox 899 3602 937 3634; x_wconf 74' lang='grc' dir='ltr'>ο.</span> <span class='ocrx_word' id='word_1_218' title='bbox 959 3585 1208 3633; x_wconf 69' lang='lat' dir='ltr'>salvatori·</span> <span class='ocrx_word' id='word_1_219' title='bbox 1232 3583 1389 3649; x_wconf 85' lang='lat' dir='ltr'>(quod</span> <span class='ocrx_word' id='word_1_220' title='bbox 1409 3584 1701 3632; x_wconf 76' lang='lat' dir='ltr'>vocabulum</span> 
     </span>
     <span class='ocr_line' id='line_1_31' title="bbox 684 3664 1702 3731; baseline -0.004 -16"><span class='ocrx_word' id='word_1_221' title='bbox 684 3665 938 3715; x_wconf 68' lang='lat' dir='ltr'>Ciceroni·</span> <span class='ocrx_word' id='word_1_222' title='bbox 951 3679 1057 3711; x_wconf 78' lang='lat' dir='ltr'>aevo</span> <span class='ocrx_word' id='word_1_223' title='bbox 1076 3664 1129 3710; x_wconf 84' lang='lat' dir='ltr'>in</span> <span class='ocrx_word' id='word_1_224' title='bbox 1144 3680 1236 3712; x_wconf 78' lang='lat' dir='ltr'>mu</span> <span class='ocrx_word' id='word_1_225' title='bbox 1258 3679 1362 3711; x_wconf 84' lang='lat' dir='ltr'>non</span> <span class='ocrx_word' id='word_1_226' title='bbox 1383 3665 1505 3731; x_wconf 73' lang='lat' dir='ltr'>erat)</span> <span class='ocrx_word' id='word_1_227' title='bbox 1524 3679 1702 3727; x_wconf 77' lang='lat' dir='ltr'>cogno·</span> 
     </span>
     <span class='ocr_line' id='line_1_32' title="bbox 685 3742 1701 3806; baseline -0.003 -12"><span class='ocrx_word' id='word_1_228' title='bbox 685 3761 796 3793; x_wconf 83' lang='lat' dir='ltr'>men</span> <span class='ocrx_word' id='word_1_229' title='bbox 826 3743 920 3790; x_wconf 75' lang='lat' dir='ltr'>diis</span> <span class='ocrx_word' id='word_1_230' title='bbox 945 3757 1001 3788; x_wconf 73' lang='lat' dir='ltr'>nc</span> <span class='ocrx_word' id='word_1_231' title='bbox 1026 3742 1220 3806; x_wconf 72' lang='lat' dir='ltr'>regibus</span> <span class='ocrx_word' id='word_1_232' title='bbox 1245 3742 1529 3806; x_wconf 66' lang='lat' dir='ltr'>impositum</span> <span class='ocrx_word' id='word_1_233' title='bbox 1554 3743 1701 3791; x_wconf 67' lang='lat' dir='ltr'>suisne</span> 
     </span>
     <span class='ocr_line' id='line_1_33' title="bbox 683 3819 1701 3884; baseline -0.002 -13"><span class='ocrx_word' id='word_1_234' title='bbox 683 3822 867 3871; x_wconf 88' lang='lat' dir='ltr'>nummi</span> <span class='ocrx_word' id='word_1_235' title='bbox 916 3819 1111 3868; x_wconf 85' lang='lat' dir='ltr'>docent.</span> <span class='ocrx_word' id='word_1_236' title='bbox 1150 3820 1276 3868; x_wconf 86' lang='lat' dir='ltr'>Vide</span> <span class='ocrx_word' id='word_1_237' title='bbox 1319 3820 1599 3884; x_wconf 75' lang='lat' dir='ltr'>Spanheim.</span> <span class='ocrx_word' id='word_1_238' title='bbox 1638 3822 1701 3870; x_wconf 90' lang='lat' dir='ltr'>de</span> 
     </span>
     <span class='ocr_line' id='line_1_34' title="bbox 682 3899 1699 3951; baseline -0.001 0"><span class='ocrx_word' id='word_1_239' title='bbox 682 3917 868 3951; x_wconf 85' lang='lat' dir='ltr'>numm.</span> <span class='ocrx_word' id='word_1_240' title='bbox 888 3899 1191 3948; x_wconf 71' lang='lat' dir='ltr'>dissert-VII.</span> <span class='ocrx_word' id='word_1_241' title='bbox 1209 3925 1281 3936; x_wconf 90' lang='lat'>—-</span> <span class='ocrx_word' id='word_1_242' title='bbox 1302 3901 1376 3947; x_wconf 87' lang='lat' dir='ltr'>De</span> <span class='ocrx_word' id='word_1_243' title='bbox 1393 3901 1581 3949; x_wconf 70' lang='lat' dir='ltr'>Vernis</span> <span class='ocrx_word' id='word_1_244' title='bbox 1597 3901 1699 3950; x_wconf 82' lang='lat' dir='ltr'>vid.</span> 
     </span>
     <span class='ocr_line' id='line_1_35' title="bbox 678 3994 900 4048; baseline 0 -18"><span class='ocrx_word' id='word_1_245' title='bbox 678 3998 785 4048; x_wconf 71' lang='lat' dir='ltr'>nup.</span> <span class='ocrx_word' id='word_1_246' title='bbox 814 3994 900 4030; x_wconf 77' lang='lat'>21.</span> 
     </span>
    </p>

    <p class='ocr_par' dir='ltr' id='par_1_5' title="bbox 686 4057 1703 4204">
     <span class='ocr_line' id='line_1_36' title="bbox 750 4057 1703 4125; baseline 0 -17"><span class='ocrx_word' id='word_1_247' title='bbox 750 4078 798 4109; x_wconf 66' lang='grc' dir='ltr'>α.</span> <span class='ocrx_word' id='word_1_248' title='bbox 828 4059 986 4125; x_wconf 79' lang='lat' dir='ltr'>Hujus</span> <span class='ocrx_word' id='word_1_249' title='bbox 1000 4057 1189 4120; x_wconf 61' lang='lat' dir='ltr'>formlt.</span> <span class='ocrx_word' id='word_1_250' title='bbox 1219 4060 1422 4107; x_wconf 71' lang='lat' dir='ltr'>Erectus</span> <span class='ocrx_word' id='word_1_251' title='bbox 1440 4059 1585 4106; x_wconf 76' lang='lat' dir='ltr'>Verri</span> <span class='ocrx_word' id='word_1_252' title='bbox 1609 4069 1703 4108; x_wconf 74' lang='lat' dir='ltr'>stat</span> 
     </span>
     <span class='ocr_line' id='line_1_37' title="bbox 686 4137 1701 4204; baseline -0.005 -12"><span class='ocrx_word' id='word_1_253' title='bbox 686 4137 985 4204; x_wconf 71' lang='lat' dir='ltr'>triumphalia</span> <span class='ocrx_word' id='word_1_254' title='bbox 1024 4154 1189 4199; x_wconf 70' lang='lat' dir='ltr'>arcus,</span> <span class='ocrx_word' id='word_1_255' title='bbox 1244 4141 1293 4186; x_wconf 85' lang='lat' dir='ltr'>in</span> <span class='ocrx_word' id='word_1_256' title='bbox 1340 4140 1478 4201; x_wconf 71' lang='lat' dir='ltr'>eujus</span> <span class='ocrx_word' id='word_1_257' title='bbox 1516 4153 1701 4188; x_wconf 69' lang='lat' dir='ltr'>summa</span> 
     </span>
    </p>
   </div>
   <div class='ocr_carea' id='block_1_4' title="bbox 1786 3265 2819 4206">
    <p class='ocr_par' dir='ltr' id='par_1_6' title="bbox 1786 3265 2819 4030">
     <span class='ocr_line' id='line_1_38' title="bbox 1791 3265 2814 3334; baseline 0.002 -18"><span class='ocrx_word' id='word_1_258' title='bbox 1791 3279 1930 3334; x_wconf 75' lang='lat' dir='ltr'>parte</span> <span class='ocrx_word' id='word_1_259' title='bbox 1972 3268 2150 3316; x_wconf 83' lang='lat' dir='ltr'>eminet</span> <span class='ocrx_word' id='word_1_260' title='bbox 2199 3266 2328 3316; x_wconf 78' lang='lat' dir='ltr'>filim</span> <span class='ocrx_word' id='word_1_261' title='bbox 2372 3265 2511 3316; x_wconf 86' lang='lat' dir='ltr'>nudo</span> <span class='ocrx_word' id='word_1_262' title='bbox 2563 3284 2774 3334; x_wconf 80' lang='lat' dir='ltr'>corpore</span> <span class='ocrx_word' id='word_1_263' title='bbox 2801 3286 2814 3318; x_wconf 89' lang='lat'>:</span> 
     </span>
     <span class='ocr_line' id='line_1_39' title="bbox 1791 3348 2815 3411; baseline 0.002 -16"><span class='ocrx_word' id='word_1_264' title='bbox 1791 3364 1936 3411; x_wconf 73' lang='lat' dir='ltr'>quam</span> <span class='ocrx_word' id='word_1_265' title='bbox 1987 3348 2258 3396; x_wconf 77' lang='lat' dir='ltr'>nuditatem</span> <span class='ocrx_word' id='word_1_266' title='bbox 2310 3349 2556 3411; x_wconf 77' lang='lat' dir='ltr'>vituperat</span> <span class='ocrx_word' id='word_1_267' title='bbox 2609 3350 2785 3398; x_wconf 76' lang='lat' dir='ltr'>Cicero</span> <span class='ocrx_word' id='word_1_268' title='bbox 2799 3385 2815 3408; x_wconf 89' lang='lat'>‚</span> 
     </span>
     <span class='ocr_line' id='line_1_40' title="bbox 1791 3429 2818 3492; baseline 0.002 -18"><span class='ocrx_word' id='word_1_269' title='bbox 1791 3443 1967 3491; x_wconf 87' lang='lat' dir='ltr'>nempe</span> <span class='ocrx_word' id='word_1_270' title='bbox 2000 3443 2028 3474; x_wconf 80' lang='grc' dir='ltr'>ι</span> <span class='ocrx_word' id='word_1_271' title='bbox 2067 3430 2402 3476; x_wconf 73' lang='lat' dir='ltr'>Romanorum</span> <span class='ocrx_word' id='word_1_272' title='bbox 2438 3429 2680 3492; x_wconf 79' lang='lat' dir='ltr'>gravitate</span> <span class='ocrx_word' id='word_1_273' title='bbox 2717 3444 2818 3476; x_wconf 77' lang='lat' dir='ltr'>mo·</span> 
     </span>
     <span class='ocr_line' id='line_1_41' title="bbox 1788 3505 2817 3571; baseline 0.001 -18"><span class='ocrx_word' id='word_1_274' title='bbox 1788 3522 1896 3553; x_wconf 86' lang='lat' dir='ltr'>rum</span> <span class='ocrx_word' id='word_1_275' title='bbox 1917 3505 2287 3564; x_wconf 67' lang='lat' dir='ltr'>abhorrentem3</span> <span class='ocrx_word' id='word_1_276' title='bbox 2316 3518 2366 3554; x_wconf 90' lang='lat' dir='ltr'>et</span> <span class='ocrx_word' id='word_1_277' title='bbox 2386 3506 2518 3571; x_wconf 72' lang='lat' dir='ltr'>apud</span> <span class='ocrx_word' id='word_1_278' title='bbox 2546 3522 2676 3571; x_wconf 71' lang='lat' dir='ltr'>quoe</span> <span class='ocrx_word' id='word_1_279' title='bbox 2701 3507 2817 3554; x_wconf 73' lang='lat' dir='ltr'>arti·</span> 
     </span>
     <span class='ocr_line' id='line_1_42' title="bbox 1789 3584 2816 3650; baseline 0.001 -17"><span class='ocrx_word' id='word_1_280' title='bbox 1789 3584 1905 3633; x_wconf 71' lang='lat' dir='ltr'>flces</span> <span class='ocrx_word' id='word_1_281' title='bbox 1931 3602 2142 3650; x_wconf 75' lang='lat' dir='ltr'>corpora</span> <span class='ocrx_word' id='word_1_282' title='bbox 2161 3587 2403 3634; x_wconf 72' lang='lat' dir='ltr'>velabant.</span> <span class='ocrx_word' id='word_1_283' title='bbox 2439 3591 2509 3636; x_wconf 81' lang='lat' dir='ltr'>At</span> <span class='ocrx_word' id='word_1_284' title='bbox 2531 3588 2698 3637; x_wconf 79' lang='lat' dir='ltr'>Graeci</span> <span class='ocrx_word' id='word_1_285' title='bbox 2716 3602 2816 3634; x_wconf 80' lang='lat' dir='ltr'>non</span> 
     </span>
     <span class='ocr_line' id='line_1_43' title="bbox 1786 3664 2817 3724; baseline -0.001 -12"><span class='ocrx_word' id='word_1_286' title='bbox 1786 3666 1903 3712; x_wconf 83' lang='lat' dir='ltr'>item</span> <span class='ocrx_word' id='word_1_287' title='bbox 1923 3675 2027 3723; x_wconf 74' lang='lat' dir='ltr'>„ut</span> <span class='ocrx_word' id='word_1_288' title='bbox 2062 3664 2291 3713; x_wconf 72' lang='lat' dir='ltr'>observat</span> <span class='ocrx_word' id='word_1_289' title='bbox 2319 3666 2444 3715; x_wconf 84' lang='lat' dir='ltr'>Plin.</span> <span class='ocrx_word' id='word_1_290' title='bbox 2472 3668 2720 3724; x_wconf 76' lang='lat' dir='ltr'>xxxw,</span> <span class='ocrx_word' id='word_1_291' title='bbox 2757 3666 2817 3724; x_wconf 79' lang='lat'>5,</span> 
     </span>
     <span class='ocr_line' id='line_1_44' title="bbox 1789 3743 2819 3808; baseline 0.001 -19"><span class='ocrx_word' id='word_1_292' title='bbox 1789 3753 1836 3790; x_wconf 88' lang='lat' dir='ltr'>et</span> <span class='ocrx_word' id='word_1_293' title='bbox 1858 3753 1912 3790; x_wconf 84' lang='lat' dir='ltr'>ut</span> <span class='ocrx_word' id='word_1_294' title='bbox 1935 3743 2267 3792; x_wconf 69' lang='lat' dir='ltr'>demonstrant</span> <span class='ocrx_word' id='word_1_295' title='bbox 2286 3754 2459 3792; x_wconf 69' lang='lat' dir='ltr'>statuae</span> <span class='ocrx_word' id='word_1_296' title='bbox 2478 3745 2576 3792; x_wconf 62' lang='lat' dir='ltr'>iun</span> <span class='ocrx_word' id='word_1_297' title='bbox 2594 3744 2819 3808; x_wconf 78' lang='lat' dir='ltr'>pulcher·</span> 
     </span>
     <span class='ocr_line' id='line_1_45' title="bbox 1788 3821 2816 3888; baseline 0.001 -19"><span class='ocrx_word' id='word_1_298' title='bbox 1788 3821 1924 3869; x_wconf 77' lang='lat' dir='ltr'>rimae</span> <span class='ocrx_word' id='word_1_299' title='bbox 1956 3839 2016 3870; x_wconf 72' lang='lat' dir='ltr'>ac</span> <span class='ocrx_word' id='word_1_300' title='bbox 2048 3839 2163 3870; x_wconf 78' lang='lat' dir='ltr'>vere</span> <span class='ocrx_word' id='word_1_301' title='bbox 2197 3823 2374 3871; x_wconf 64' lang='lat' dir='ltr'>divina</span> <span class='ocrx_word' id='word_1_302' title='bbox 2407 3824 2594 3886; x_wconf 71' lang='lat' dir='ltr'>quibus</span> <span class='ocrx_word' id='word_1_303' title='bbox 2629 3834 2816 3888; x_wconf 73' lang='lat' dir='ltr'>tempus</span> 
     </span>
     <span class='ocr_line' id='line_1_46' title="bbox 1787 3902 2816 3966; baseline 0 -17"><span class='ocrx_word' id='word_1_304' title='bbox 1787 3904 2027 3966; x_wconf 86' lang='lat' dir='ltr'>pepercit.</span> <span class='ocrx_word' id='word_1_305' title='bbox 2053 3905 2226 3950; x_wconf 72' lang='lat' dir='ltr'>Facete</span> <span class='ocrx_word' id='word_1_306' title='bbox 2259 3903 2343 3950; x_wconf 87' lang='lat' dir='ltr'>bic</span> <span class='ocrx_word' id='word_1_307' title='bbox 2377 3914 2568 3963; x_wconf 77' lang='lat' dir='ltr'>orator,</span> <span class='ocrx_word' id='word_1_308' title='bbox 2601 3905 2654 3951; x_wconf 81' lang='lat' dir='ltr'>in</span> <span class='ocrx_word' id='word_1_309' title='bbox 2674 3902 2816 3951; x_wconf 70' lang='lat' dir='ltr'>verb·</span> 
     </span>
     <span class='ocr_line' id='line_1_47' title="bbox 1789 3981 2439 4030; baseline 0.003 -2"><span class='ocrx_word' id='word_1_310' title='bbox 1789 3981 1949 4028; x_wconf 79' lang='lat' dir='ltr'>nudus</span> <span class='ocrx_word' id='word_1_311' title='bbox 1969 3993 2020 4029; x_wconf 87' lang='lat' dir='ltr'>et</span> <span class='ocrx_word' id='word_1_312' title='bbox 2040 3981 2278 4029; x_wconf 78' lang='lat' dir='ltr'>nudatum</span> <span class='ocrx_word' id='word_1_313' title='bbox 2295 3981 2439 4030; x_wconf 74' lang='lat' dir='ltr'>ludit.</span> 
     </span>
    </p>

    <p class='ocr_par' dir='ltr' id='par_1_7' title="bbox 1792 4059 2819 4206">
     <span class='ocr_line' id='line_1_48' title="bbox 1865 4059 2819 4118; baseline -0.002 -10"><span class='ocrx_word' id='word_1_314' title='bbox 1865 4061 1913 4108; x_wconf 79' lang='lat'>3.</span> <span class='ocrx_word' id='word_1_315' title='bbox 1936 4060 2066 4108; x_wconf 83' lang='lat' dir='ltr'>olim</span> <span class='ocrx_word' id='word_1_316' title='bbox 2087 4059 2335 4109; x_wconf 69' lang='lat' dir='ltr'>addebant</span> <span class='ocrx_word' id='word_1_317' title='bbox 2351 4071 2542 4109; x_wconf 81' lang='lat' dir='ltr'>erectoe.</span> <span class='ocrx_word' id='word_1_318' title='bbox 2561 4062 2819 4118; x_wconf 71' lang='lat' dir='ltr'>Gruterus,</span> 
     </span>
     <span class='ocr_line' id='line_1_49' title="bbox 1792 4137 2813 4206; baseline -0.003 -18"><span class='ocrx_word' id='word_1_319' title='bbox 1792 4140 1992 4188; x_wconf 69' lang='lat' dir='ltr'>tentibus</span> <span class='ocrx_word' id='word_1_320' title='bbox 2012 4141 2151 4200; x_wconf 85' lang='lat' dir='ltr'>MSS,</span> <span class='ocrx_word' id='word_1_321' title='bbox 2166 4139 2374 4204; x_wconf 68' lang='lat' dir='ltr'>glossam</span> <span class='ocrx_word' id='word_1_322' title='bbox 2394 4137 2609 4189; x_wconf 66' lang='lat' dir='ltr'>abstulit.</span> <span class='ocrx_word' id='word_1_323' title='bbox 2629 4139 2663 4188; x_wconf 84' lang='lat' dir='ltr'>J</span> <span class='ocrx_word' id='word_1_324' title='bbox 2664 4138 2813 4206; x_wconf 35' lang='lat' dir='ltr'>.V.·1..</span> 
     </span>
    </p>
   </div>
  </div>
 </body>
</html>
