3044 4788
646 444 697 525 wli

1327 437 2093 506 ARGUMENTUM.

738 562 893 620 bona
927 561 1274 639 proscribit,
1327 573 1387 619 et
1430 572 1738 635 antequam
1781 556 2041 634 jussisset
2082 568 2335 634 praetor,
2392 556 2695 630 Quintium
2750 580 2784 615 e

727 657 1130 719 communibus
1162 658 1222 715 in
1249 656 1438 715 Gallia
1467 655 1640 713 bonis
1667 653 1798 731 ejici
1815 667 2012 730 curat.

807 760 974 813 Tunc
1007 774 1149 813 vero
1183 751 1628 830 proscriptionis
1664 750 1892 809 libellos
1932 753 2064 808 Sex.
2103 747 2404 826 Alphenus
2451 748 2680 825 dejicit,
2720 771 2785 808 se

727 850 952 924 Quintii
980 863 1419 928 procuratorem
1443 847 1776 918 denuntiat,
1799 859 1858 903 et
1881 844 2104 922 judicio
2132 844 2525 902 defensurum.
2551 846 2788 905 Naevius

684 988 687 989 ν
727 949 945 1004 interea
968 947 1242 1024 postulat,
1257 956 1324 1002 ut
1350 956 1699 1023 procurator
1718 941 2044 1020 judicatum
2071 941 2219 999 solvi
2248 940 2509 1013 satisdet,
2544 942 2584 999 i.
2609 962 2662 1000 e.
2697 943 2788 1000 lo-

725 1043 982 1121 cupletes
1009 1041 1108 1100 det
1133 1040 1497 1118 fidejussores
1515 1082 1534 1112 ,
1563 1040 1664 1116 qui
1691 1059 1799 1097 sno
1823 1038 2087 1117 periculo
2116 1051 2394 1116 praestent
2426 1050 2654 1096 tantum
2682 1058 2785 1097 so-

726 1142 911 1199 lutum
939 1140 1046 1211 iri,
1087 1150 1402 1217 qnantum,
1422 1135 1646 1214 judicio
1675 1137 1830 1194 sacto
1849 1179 1866 1207 ,
1894 1135 2044 1194 solvi
2072 1147 2406 1213 oporteret,
2435 1135 2484 1193 si
2510 1136 2787 1209 Quintius

727 1237 1120 1295 damnaretur.
1142 1233 1516 1313 Cogebantur
1535 1248 1727 1293 autem
1751 1231 2057 1302 satisdare,
2081 1230 2601 1310 quivadimonium
2621 1232 2788 1292 dese-

727 1347 994 1402 ruerant,
1039 1333 1087 1390 si
1115 1333 1274 1391 litem
1305 1332 1629 1389 instaurare
1661 1331 1909 1402 vellent,
1941 1330 2156 1408 partim
2197 1350 2272 1388 ne
2305 1349 2506 1388 rursus
2545 1331 2788 1409 impune

731 1432 1011 1502 fallerent,
1037 1429 1247 1509 partim
1274 1429 1414 1507 qnia
1431 1428 1752 1486 creditores
1774 1426 2055 1505 suspicari
2080 1438 2350 1505 poterant
2375 1446 2477 1485 eos
2503 1427 2789 1486 solvendo

729 1547 847 1586 non
879 1547 1039 1599 esse,
1072 1546 1252 1604 quum
1284 1543 1491 1583 corum
1522 1522 1680 1582 bona
1709 1544 1784 1581 ex
1818 1523 2010 1582 edicto
2038 1523 2301 1602 praetoris
2331 1523 2790 1602 possiderentur.

725 1631 911 1704 Negat
937 1624 1243 1702 Alphenus
1264 1638 1494 1700 aequum
1519 1639 1663 1689 esse,
1686 1634 2128 1700 procuratorem
2150 1620 2450 1693 satisdare,
2465 1621 2627 1698 quod
2651 1642 2788 1680 reus

725 1723 1005 1782 satisdare
1031 1742 1151 1780 non
1179 1719 1453 1792 deberet,
1483 1719 1534 1778 si
1553 1720 1678 1797 ipse
1698 1718 1956 1791 adesset,
1985 1738 2062 1776 sc.
2090 1718 2229 1796 quia
2253 1738 2362 1776 nec
2387 1718 2788 1778 vadimonium

726 1820 1091 1890 deseruerat,
1118 1837 1227 1875 nec
1256 1816 1414 1875 bona
1441 1816 1567 1894 ejus
1596 1834 1669 1876 ex
1692 1814 1888 1873 edicto
1917 1834 1952 1873 a
1981 1815 2185 1873 Naevio
2214 1814 2501 1893 possideri
2515 1814 2651 1892 jure
2673 1836 2789 1895 po-

727 1928 933 1974 terant.
969 1914 1357 1991 Appellantur
1391 1910 1641 1970 tribuni:
1662 1912 1900 1990 petitur,
1931 1922 1999 1969 ut
2031 1910 2307 1970 adversus
2341 1911 2596 1970 edictum
2638 1918 2790 1971 Bur-

728 2012 917 2070 rhieni
945 2010 1306 2069 intercedant
1329 2032 1348 2085 3
1388 2022 1457 2068 et
1482 2008 1628 2068 idib.
1660 2022 1807 2087 sept.
1832 2015 1899 2068 P.
1924 2009 2229 2082 Quintium
2253 2009 2376 2068 sisti
2404 2012 2539 2069 Sex.
2565 2010 2794 2089 Alphe—

735 2128 845 2166 nus
876 2108 1187 2186 promittit.

810 2205 988 2262 Venit
1013 2210 1257 2264 Romam
1282 2205 1585 2279 QuintinS,
1611 2204 2011 2265 vadimonium
2058 2204 2248 2265 sistit:
2297 2206 2531 2265 Naevius
2572 2224 2793 2264 annum

733 2315 792 2361 et
833 2322 934 2361 sex
969 2323 1193 2363 menses
1232 2305 1376 2363 nihil
1413 2305 1592 2384 petit,
1636 2306 1900 2383 quiescit.
1944 2309 1997 2363 A
2038 2308 2144 2363 Cn.
2189 2303 2493 2363 Dolabella
2538 2303 2794 2382 denique

732 2413 982 2479 praetore
1017 2403 1298 2479 postulat,
1341 2414 1407 2461 ut
1436 2402 1548 2462 sibi
1583 2403 1856 2477 Quintius
1877 2403 2200 2481 judicatum
2245 2402 2392 2461 solvi
2438 2401 2675 2460 satisdet
2719 2423 2794 2461 ex

733 2497 980 2556 formula
995 2540 1013 2569 ,
1052 2501 1207 2574 quod
1235 2497 1311 2556 ab
1344 2519 1409 2554 eo
1430 2512 1630 2575 petat,
1663 2499 1823 2571 cajus
1860 2519 1937 2556 ex
1968 2502 2148 2556 edicto
2180 2501 2453 2576 proetoris
2486 2498 2633 2555 bona
2672 2502 2797 2556 dies

738 2615 852 2652 xxx
876 2615 1143 2670 possessa
1178 2607 1326 2651 sunt.
1354 2599 1576 2652 Praetor
1605 2594 1883 2653 adversus
1919 2595 2248 2671 aequitatem
2282 2615 2350 2652 ac
2378 2614 2600 2652 morem
2625 2595 2798 2672 jubet

738 2695 803 2748 P.
829 2689 1152 2763 Quintium,
1176 2702 1279 2748 aut
1316 2688 1621 2760 satisdare,
1651 2703 1753 2748 aut
1781 2690 2154 2766 sponsionem
2186 2710 2316 2748 cum
2343 2691 2546 2750 Naevio
2571 2690 2798 2762 facere,

736 2790 792 2844 si
815 2787 960 2843 bona
986 2808 1091 2844 sua
1112 2807 1189 2843 ex
1210 2789 1388 2844 edicto
1404 2790 1472 2844 P.
1494 2789 1801 2844 Becrrhieni
1813 2791 2084 2864 proeton's
2110 2792 2232 2846 dies
2258 2808 2378 2846 xxx
2389 2809 2654 2864 possessa
2682 2810 2798 2845 non

740 2896 951 2954 essent,
986 2881 1024 2940 i.
1049 2902 1099 2943 e.
1122 2897 1281 2942 certa
1302 2884 1551 2961 pecunia
1578 2903 1712 2941 eum
1743 2903 2100 2962 provocare,
2140 2898 2202 2942 ut
2225 2885 2442 2942 nullam
2475 2885 2650 2942 fuisse
2679 2882 2802 2942 bo-

738 2999 949 3037 norum
989 2998 1226 3038 suorum
1272 2981 1695 3058 possessionem
1742 2980 2106 3051 ostenderet,
2156 3000 2272 3058 qua
2311 2981 2534 3038 ratione
2580 2981 2702 3058 ipse
2735 2994 2803 3038 ut

745 3077 962 3154 petitor
999 3076 1196 3154 priore
1238 3077 1370 3134 loco
1402 3097 1636 3135 causam
1678 3076 1874 3134 dicere
1915 3075 2251 3155 cogebatur.
2279 3077 2580 3137 Clamabat
2616 3097 2801 3155 porro

747 3172 1020 3246 Quintius
1046 3193 1169 3232 sese
1202 3173 1422 3232 idcirco
1447 3175 1604 3233 nolle
1636 3174 1915 3233 satisdare
1935 3217 1953 3245 ,
1985 3195 2059 3232 ne
2087 3175 2383 3233 videretur
2407 3175 2562 3233 bona
2587 3195 2692 3233 sua
2709 3174 2804 3252 ju·

750 3271 970 3329 dicasse
1002 3290 1075 3327 ex
1105 3269 1295 3329 edicto
1332 3289 1615 3348 possessa;
1652 3271 1811 3349 quod
1843 3271 1891 3329 si
1923 3271 2300 3343 concederet,
2345 3272 2739 3330 vadimonium
2767 3292 2805 3330 a

748 3388 809 3425 sc
831 3367 1121 3424 desertum
1147 3367 1445 3436 fateretur,
1474 3378 1534 3424 et
1554 3366 1767 3425 bonam
1792 3367 2271 3427 existimationem
2300 3367 2601 3445 perderet3
2630 3387 2807 3446 spon-

749 3463 969 3521 sionem
995 3482 1138 3520 vero
1168 3462 1215 3519 si
1243 3462 1566 3520 istiusmodi
1596 3464 1833 3534 faceret,
1864 3483 1925 3522 se
1963 3464 2037 3521 dc
2073 3484 2275 3537 causa,
2306 3465 2366 3523 in
2400 3486 2547 3544 qua,
2587 3476 2808 3543 praeter

753 3560 1047 3631 fortunas,
1086 3559 1239 3616 fama
1265 3578 1369 3617 sua
1401 3571 1459 3617 et
1491 3579 1712 3619 summa
1741 3561 2090 3620 existimatio
2120 3561 2561 3639 periclitaretur,
2602 3562 2809 3640 priore

750 3658 879 3714 loco
906 3656 1226 3727 dicturum;
1251 3675 1382 3733 quae
1411 3656 1672 3715 conditio
1707 3678 1843 3716 sane
1866 3672 1992 3717 erat
2016 3659 2234 3736 iniqua.
2265 3660 2537 3731 Quintius
2568 3658 2807 3717 tandem

753 3773 827 3810 ex
863 3751 1089 3810 duabus
1124 3751 1558 3811 conditionibus
1603 3754 1839 3813 alteram
1877 3756 2070 3833 eligit,
2116 3769 2184 3814 ut
2231 3757 2601 3835 sponsionem
2643 3757 2810 3814 illam

756 3850 954 3921 saciat;
993 3848 1175 3925 judex
1215 3850 1389 3908 datur
1433 3853 1497 3909 C.
1536 3851 1823 3928 Aquillius
1864 3852 2095 3925 Gallus,
2139 3853 2286 3930 juris
2328 3852 2513 3910 civilis
2561 3853 2810 3915 scientia

754 3945 1103 4004 clarissimus
1119 3989 1135 4017 ,
1156 3959 1216 4004 et
1241 3958 1441 4023 postea
1466 3945 1648 4004 Tullii
1675 3947 1734 4004 in
1763 3960 2016 4026 praetura
2043 3949 2266 4026 collega
2285 3989 2304 4018 ,
2331 3949 2433 4026 qui
2474 3962 2586 4006 tres
2619 3949 2810 4026 juris-

754 4042 1080 4114 consultos,
1127 4046 1211 4100 M.
1258 4041 1602 4100 Marcellnm
1623 4085 1641 4114 ,
1698 4048 1761 4101 P.
1811 4045 2159 4115 Quintilium
2177 4086 2195 4114 ,
2247 4049 2312 4103 L.
2350 4045 2656 4104 Lucullum
2675 4089 2695 4118 ,
2741 4048 2809 4107 in

755 4139 1059 4199 consilium
1104 4138 1216 4198 sibi
1254 4138 1520 4201 advocat.
1559 4145 1752 4212 Quum
1795 4140 1970 4218 igitur
2008 4160 2120 4218 pro
2152 4141 2395 4216 Quintio
2439 4144 2648 4221 saepius
2678 4143 2808 4222 jam
