3044 4788
647 413 739 484 26
1286 416 1382 482 M.
1435 416 1512 482 T.
1567 417 2125 488 CICERONIS

638 535 1005 606 obtineat?
1036 558 1129 604 ne
1163 550 1590 605 numeretur
1608 539 1798 607 inter
1813 539 2015 608 vivos
2034 540 2112 609 ⁴?
2144 534 2485 610 decernat
2509 538 2601 610 de
2628 545 2775 611 vita

640 661 714 718 et
753 647 1196 717 ornamentis
1239 648 1388 715 suis
1414 646 1825 717 omnibus?
1870 647 2066 746 apud
2112 648 2434 745 judicem
2482 675 2775 721 causam

633 3220 780 3269 quem
806 3203 921 3251 satis
946 3202 1118 3267 amplis
1139 3201 1210 3249 rei
1236 3202 1483 3250 familiaris
1500 3202 1657 3266 copiis
1742 3202 1939 3262 liarem,
1967 3205 2299 3268 propinquum
2322 3214 2418 3251 tam
2437 3203 2670 3251 atrociter
2684 3202 2772 3250 im-

631 3284 793 3333 adbuc
820 3293 996 3340 tuetur,
1027 3281 1229 3329 retinent
1251 3292 1300 3329 et
1325 3292 1597 3330 conservet.
1743 3283 2011 3348 pugnabat.

708 3372 761 3420 4.
804 3365 941 3409 Inter·
964 3361 1122 3409 vivos.
1161 3361 1290 3407 HInc
1325 3376 1476 3423 quum
1513 3361 1656 3423 quis,
1820 3378 1867 3423 7.
1891 3360 1945 3407 Si
1968 3373 2180 3408 veretur.
2209 3361 2261 3408 Si
2288 3363 2458 3409 metuit
2486 3377 2561 3418 ne,
2574 3360 2773 3422 judicio
2837 3413 2843 3421 ¹

633 3442 804 3491 amissa
832 3440 1026 3487 civitate
1041 3476 1056 3498 ,
1080 3440 1131 3485 in
1165 3454 1270 3485 eam
1299 3439 1652 3501 restitueretur,
1743 3442 1875 3489 facto
1895 3473 1909 3498 ,
1930 3440 2136 3503 pecunia
2159 3451 2321 3504 parata
2348 3456 2449 3488 non
2476 3441 2539 3487 sit
2558 3455 2585 3485 a
2608 3441 2773 3501 Quin-

633 3520 824 3570 renasci
848 3518 1116 3575 dicebatur,
1152 3528 1200 3564 et
1223 3518 1327 3564 dies
1344 3520 1448 3578 ejus
1463 3518 1656 3565 restim·
1744 3521 1842 3577 tio,
1869 3517 2091 3566 dabimus
2118 3517 2445 3579 fidejussores,
2464 3519 2551 3582 qui
2571 3518 2776 3581 promit·

631 3600 782 3649 tionis
819 3597 921 3644 dies
961 3595 1142 3644 natalis
1185 3595 1537 3660 appellabatur.
1576 3597 1657 3645 sic
1747 3608 1853 3646 tant
1883 3599 2058 3646 Navio
2092 3598 2305 3645 solutum
2346 3598 2406 3644 iri
2443 3595 2580 3660 quod
2623 3597 2776 3644 suerit

633 3680 738 3729 Cic.
764 3677 828 3725 ad
850 3678 1066 3732 Att.vl‚
1095 3676 1145 3722 6.
1737 3677 2026 3739 judicatum.
2056 3677 2237 3723 Eadem
2263 3692 2381 3723 vero
2415 3692 2467 3723 se
2500 3673 2774 3737 obstringat

701 3758 750 3805 5.
777 3761 1116 3806 Hotomanus
1136 3764 1186 3801 et
1209 3754 1471 3802 Lambinus
1497 3755 1657 3815 conji-
1743 3755 1951 3803 formula
2000 3755 2328 3804 satisdationis
2379 3754 2580 3803 Naevius
2596 3789 2613 3813 ,
2672 3770 2774 3818 qua

630 3838 783 3892 ciunt,
808 3850 947 3881 «eam
971 3850 1121 3897 quum
1148 3834 1390 3896 perorarit
1408 3853 1451 3880 ι.
1468 3835 1500 3882 J
1503 3835 1583 3882 Ν.
1601 3835 1657 3881 L.
1744 3834 2050 3898 nosmetipsi.

703 3916 755 3963 6.
784 3911 1096 3960 Honestiore.
1138 3914 1455 3959 Honestiores
1493 3920 1655 3975 partes
1816 3913 1867 3962 8.
1890 3915 1948 3962 Ρ.
1969 3913 2170 3977 Sylvius
2189 3912 2327 3961 malit
2345 3911 2532 3976 legere,
2547 3913 2624 3960 «si
2652 3912 2775 3976 quid

629 3993 786 4058 specie
821 3990 993 4054 agebat
1022 3989 1254 4046 Naevius,
1291 3990 1378 4052 qui
1407 3988 1652 4037 desertum
1743 4003 1911 4055 peto».
1939 3993 1971 4041 J
1978 4027 1992 4040 .
2012 3994 2077 4040 V.
2099 3996 2155 4042 L.

628 4069 955 4121 vadimonium
992 4085 1018 4116 a
1057 4067 1279 4116 debitore
1324 4068 1649 4131 quei-ebatum
1812 4087 1862 4133 9.
1882 4070 2124 4119 Paeimis.
2146 4071 2245 4133 Qui
2269 4071 2320 4119 in
2348 4070 2553 4135 publico
2574 4067 2774 4130 judicio

629 4151 898 4201 odiosiora
929 4165 980 4197 re
1003 4149 1109 4213 ipsa
1126 4143 1141 4207 ζ
1157 4146 1243 4211 qui
1266 4146 1481 4206 socium,
1509 4148 1650 4195 fami-
1740 4151 2076 4212 acccuacor‚in
2091 4151 2288 4213 privato
2295 4149 2481 4214 petitor
2498 4148 2773 4197 dicebatur.
