3044 4788
582 432 711 504 162
1208 429 1306 500 M.
1358 433 1434 499 T.
1493 405 2066 501 CICERONIS

662 558 821 628 XII.
876 552 1014 626 Sed
1049 552 1238 622 hanc
1284 551 1727 622 decisionem
1776 555 2018 623 Roscii
2071 559 2399 630 oratione
2442 575 2516 630 et
2559 567 2715 661 opi·

566 669 787 737 nione
812 686 1077 759 augere
1095 661 1304 748 licet3
1323 685 1400 731 re
1428 673 1503 730 et
1524 661 1823 731 veritate
1840 660 2282 736 mediocrem
2312 683 2385 738 et
2413 683 2711 744 tenuem

562 801 717 847 esse
752 774 1157 845 invenietis.
1214 773 1508 868 Accepit
1554 773 1750 840 enim
1782 794 2037 867 agrum
2088 777 2543 873 temporibus
2585 786 2711 869 iis,

559 910 792 984 quum
840 887 1206 979 jacerent¹
1262 884 1492 979 pretia
1530 878 2021 978 praediorum:
2060 889 2189 980 qui
2240 912 2410 985 ager
2466 915 2707 989 neque

559 996 800 1066 villam
833 992 1129 1080 habuit,
1177 1015 1417 1088 neque
1462 1015 1551 1061 ex
1608 990 1753 1061 ulla
1804 1006 2008 1089 parte
2064 991 2204 1065 fuit
2245 998 2527 1091 cultus3
2577 1006 2704 1098 qui

563 1131 761 1176 nunc
795 1104 1027 1175 multo
1065 1103 1294 1201 pluris
1325 1117 1472 1188 est,
1516 1125 1737 1198 quam
1773 1117 1950 1174 tunc
1998 1100 2156 1178 fuit.
2193 1109 2452 1205 Neque
2480 1110 2561 1180 id
2597 1128 2706 1183 est

562 1220 828 1286 mirum
871 1240 886 1284 z
937 1228 1092 1285 tum
1130 1215 1366 1298 enim,
1406 1225 1711 1310 propter
1759 1212 2177 1311 reipublicae
2227 1219 2700 1309 calamitateS,

559 1329 892 1397 omnium
924 1325 1415 1422 possessiones
1447 1337 1656 1392 erant
1687 1325 2014 1413 incertae3
2048 1351 2284 1417 nunc,
2314 1328 2535 1401 deum
2569 1334 2702 1401 im-

558 1436 970 1507 mortalium
1001 1433 1449 1530 benignitate
1467 1486 1487 1520 ,
1515 1437 1847 1504 omnium
1875 1433 2183 1508 fortunae
2204 1456 2381 1513 sunt
2402 1455 2696 1514 certae‘2:

559 1561 714 1616 tum
734 1560 884 1617 erat
906 1567 1074 1642 ager
1105 1545 1424 1614 incultus
1452 1545 1609 1614 sine
1630 1527 1821 1614 tecto
1840 1571 1860 1633 ;
1892 1571 2093 1619 nunc
2116 1564 2228 1620 est
2260 1552 2704 1627 cultissimus

557 1680 724 1726 cum
759 1660 1036 1755 optima
1066 1655 1254 1725 villa.
1289 1658 1808 1724 Verumtamen
1830 1708 1849 1741 ,
1886 1661 2236 1752 quoniam
2266 1676 2527 1733 natura
2555 1679 2699 1733 tam

556 1768 933 1839 malivolus
963 1791 1075 1851 es,
1126 1787 1530 1859 numquam
1565 1768 1697 1833 ista
1746 1779 1814 1835 te
1849 1766 2177 1837 molestia
2213 1783 2288 1839 et
2319 1794 2491 1841 cura
2527 1770 2707 1843 libe·

555 1876 788 1949 rab03.
803 1877 1142 1949 Praeclare
1159 1898 1377 1944 suum
1395 1876 1768 1969 negotium
1789 1877 2012 1970 gessit
2026 1880 2363 1966 Roscius;
2385 1877 2696 1950 fundum

554 1987 1208 2059 fructuosissimum
1258 1982 1609 2053 abstulit:
1657 1982 1838 2080 quid
1872 1984 1965 2055 ad
2012 1987 2126 2057 te?
2178 2001 2375 2057 tuam
2417 2003 2699 2084 partem

554 2095 967 2183 dimidiam,
996 2093 1617 2192 quemadmodum
1650 2097 1790 2180 vis,
1824 2092 2098 2165 decide.
2145 2099 2381 2167 Vertit
2424 2096 2544 2168 hic
2586 2122 2698 2167 ra·

553 2211 830 2279 tionem
846 2209 904 2294 ⁴,
935 2220 1008 2277 et
1042 2203 1156 2293 id,
1189 2203 1388 2302 quod
1422 2202 1734 2302 probare
1768 2227 1919 2273 non
1951 2218 2231 2301 potest,
2265 2202 2538 2303 fingere
2573 2231 2698 2278 co-

556 2333 789 2389 natur.
823 2323 930 2389 De
965 2331 1118 2387 tota
1151 2341 1264 2403 re,
1301 2316 1577 2412 inquit,
1611 2312 1964 2384 decidisti.

650 2433 842 2525 Ergo
877 2427 1023 2497 huc
1050 2429 1388 2498 universa
1413 2447 1628 2495 causa
1667 2423 2077 2513 deducitur,
2117 2440 2365 2498 utrum
2397 2429 2701 2499 Roscius

556 2562 724 2608 cum
768 2538 1007 2608 Flavio
1040 2535 1133 2606 de
1165 2561 1295 2606 sua
1326 2549 1568 2634 parte,
1618 2558 1711 2603 an
1751 2533 1840 2605 de
1876 2548 2028 2605 tota
2064 2539 2406 2607 societate
2451 2535 2702 2609 fecerit

554 2652 985 2746 pactionem.
1017 2649 1203 2718 Nam
1238 2670 1374 2742 ego
1409 2648 1755 2715 Roscium
1780 2698 1799 2731 ,
1851 2648 1909 2714 si
1940 2645 2120 2741 quid
2149 2651 2525 2718 communi
2562 2673 2697 2719 no-

557 2761 750 2828 mine
791 2759 1023 2853 tetigit
1049 2810 1068 2844 ,
1124 2754 1478 2826 confiteor
1514 2769 1851 2850 praestare
1885 2754 2152 2826 debere
2179 2760 2527 2828 societati.
2575 2763 2702 2828 So-

554 2870 832 2937 cietatis
849 2864 904 2953 ⁵,
924 2892 1074 2937 non
1094 2890 1258 2936 suas
1283 2866 1442 2936 lites
1461 2863 1790 2951 redemit,
1811 2889 2039 2960 quum
2065 2864 2372 2936 fundum
2394 2891 2436 2937 a
2456 2867 2696 2938 Flavio

550 2978 849 3074 accepit.
888 2974 1087 3066 Quid
1115 2978 1259 3046 ita?
1283 2976 1452 3045 satis
1486 2998 1637 3043 non
1673 2970 1946 3059 dedjtss,
1973 3000 2288 3045 sumus
2323 3001 2368 3045 A
2392 2987 2418 3031 ⁷
2456 3001 2532 3046 si:
2568 3002 2694 3049 m:-

624 3153 746 3201 xn.
797 3165 846 3197 ι.
897 3151 1143 3197 lacer-ene.
1192 3148 1322 3196 vili·
1376 3158 1536 3197 essent
1558 3180 1577 3208 ‚

555 3243 758 3296 propter
805 3227 954 3278 Sullae
998 3227 1397 3293 proscriptiones.
1447 3226 1578 3289 Quia

553 3312 684 3358 bons
715 3318 852 3358 erant
877 3306 1225 3367 incertissimis,
1253 3328 1277 3347 α
1297 3317 1347 3354 et
1366 3340 1381 3366 ,
1409 3321 1577 3369 quem-

1739 3157 1786 3205 4.
1809 3150 2088 3199 Rationem.
2118 3148 2335 3198 Sub-ud.
2364 3152 2560 3217 agendi.
2591 3154 2702 3203 Alio

1666 3229 1819 3277 modo
1838 3231 1937 3291 jam
1965 3243 2105 3291 agere
2124 3228 2291 3293 cepit.
2316 3230 2432 3279 Non
2445 3231 2550 3291 ism
2577 3232 2699 3281 dicit

1665 3323 1759 3372 pro
1790 3325 1841 3357 se
1866 3317 2079 3363 tantum,
2107 3307 2192 3355 sed
2218 3322 2312 3371 pro
2337 3319 2441 3359 tota
2465 3313 2699 3360 societate

553 3389 819 3437 admodum
847 3388 1006 3452 inquit
1029 3386 1312 3444 Sallustius,
1352 3386 1425 3433 nti
1450 3384 1579 3448 quis-

553 3484 650 3530 que
672 3476 756 3514 snt
777 3466 997 3525 domum,
1024 3475 1110 3512 snt
1127 3465 1305 3523 villam,
1326 3476 1578 3528 postremo

557 3562 639 3593 vas
674 3557 760 3594 sut
792 3544 1134 3593 vestimentum
1163 3545 1368 3606 alicujus
1398 3560 1580 3593 concu-

556 3626 743 3688 piverat
757 3658 772 3682 ,
805 3624 952 3672 dabat
973 3639 1170 3689 operam
1187 3657 1203 3681 ‚
1227 3626 1299 3672 uti
1322 3626 1365 3673 is
1391 3625 1445 3673 in
1467 3642 1579 3690 pro-

555 3703 854 3766 scriptorum
886 3718 1090 3751 numero
1127 3714 1250 3752 esset
1268 3725 1311 3752 ι.

629 3798 677 3830 2.
702 3781 877 3830 Certoe.
904 3782 1040 3829 Bona
1057 3782 1183 3841 juris
1203 3793 1254 3831 et
1272 3782 1433 3847 legum
1453 3799 1577 3848 pre-

556 3860 685 3909 sidio
711 3870 827 3908 sunt
851 3858 1152 3908 confirmata.

518 3974 524 3984 .
631 3941 679 3988 3.
723 3938 898 3987 Multa
926 3936 1040 3987 edd.
1079 3948 1201 3985 vett.
1243 3937 1500 3996 liberabis,
1529 3951 1578 3988 et

558 4020 627 4066 sic
654 4019 818 4066 Oxou.
847 4014 1001 4063 codd.
1030 4025 1144 4063 tres.
1170 4015 1296 4063 J.v.
1327 4018 1384 4065 1..
1406 4045 1471 4055 -
1497 4018 1580 4065 Li·

1666 3387 1899 3437 numium
1928 3385 2182 3435 decidisse.
2214 3390 2387 3438 Frsnc.
2418 3406 2438 3437 ι
2448 3424 2466 3453 ‚
2508 3391 2696 3438 omio-

1666 3481 1802 3521 ηοω,-
1828 3476 1878 3513 et
1904 3464 2070 3512 statim
2092 3464 2247 3526 idem,
2267 3468 2405 3531 quod
2420 3463 2697 3533 cidpmbm

1666 3560 1765 3591 non
1776 3554 1956 3606 potest.

1741 3624 1787 3670 5.
1809 3621 2083 3670 Soc-iecoris.
2110 3624 2271 3671 Verba
2299 3636 2415 3674 sunt
2445 3625 2591 3673 Tullii
2631 3627 2696 3675 ab

1666 3702 1858 3750 Saturio
1881 3700 2012 3750 dict·
2035 3704 2300 3767 repetentis
2318 3715 2369 3753 et
2390 3701 2693 3767 explicantis.

1737 3783 1791 3831 6.
1811 3782 1939 3830 Satis
1958 3799 2056 3831 non
2080 3783 2235 3835 dedic.
2251 3786 2369 3833 Nou
2388 3783 2695 3846 cautionem,

1665 3877 1768 3910 non
1793 3878 2054 3927 sponsores
2075 3862 2228 3923 dedit,
2243 3864 2484 3912 neminem
2501 3864 2563 3911 ab
2584 3867 2695 3930 ipso

1666 3943 1835 3992 Flavio
1859 3944 1920 3992 de
1947 3959 2001 3991 es
2029 3959 2081 3991 re
2097 3943 2389 4007 petiturum.
2404 3947 2480 3993 De
2496 3946 2698 3993 satisda-

1671 4024 1808 4072 tione
1827 4023 1997 4072 confer
2013 4023 2072 4072 ad
2092 4023 2274 4071 calcem
2293 4025 2480 4073 volum.
2498 4023 2602 4085 huj.
2622 4024 2699 4075 De

555 4098 749 4146 berabo.
777 4092 1098 4145 Extenuando
1115 4092 1344 4143 nimirum
1373 4096 1581 4160 pretinm
1673 4103 1837 4150 ordin.
1856 4118 2016 4151 exerc.
2037 4101 2200 4163 judic.

547 4179 653 4241 agri
680 4176 809 4224 illius
829 4190 975 4240 quem
997 4174 1207 4237 accepit.

1742 4196 1792 4242 7.
1832 4180 2091 4228 Lambinus
2111 4180 2327 4228 rescribit
2354 4181 2419 4229 ab
2441 4197 2517 4230 eo.
2535 4184 2700 4232 vocu-
