3044 4788
260 474 2387 497 mmmmmmmmmmmmmmmmmmmm

722 668 1890 809 ‘ARGUMENTUM,

261 924 330 979 ln
375 919 526 978 libro
569 919 825 978 secundo
856 919 978 998 jam
1013 921 1175 979 venit
1207 933 1405 978 orator
1435 919 1510 978 ad
1552 939 1814 992 causam,
1851 933 1909 978 et
1946 920 2020 978 ad
2049 940 2118 978 ea
2149 921 2390 980 crimina

338 1036 470 1095 quae
494 1022 707 1075 Verres
738 1017 801 1074 in
832 1016 1028 1076 Sicilia
1054 1000 1377 1076 commisit:
1414 1036 1480 1075 ac
1516 1017 1770 1094 primum
1798 1016 1873 1074 de
1903 1019 2151 1095 pecunia
2172 1017 2288 1096 agit
2314 1018 2393 1079 ob

331 1113 432 1191 jus
474 1112 789 1172 dicendum
841 1125 1045 1173 exacta
1064 1157 1081 1186 ,
1128 1126 1187 1172 et
1229 1112 1417 1171 venali
1444 1113 1645 1171 Verris
1687 1111 2117 1189 jurisdictione,
2146 1133 2396 1192 eumque

340 1211 595 1270 ostendit
622 1224 682 1269 et
711 1211 821 1270 hac
857 1212 916 1269 in
954 1230 1018 1270 re
1054 1230 1320 1289 magnam
1355 1223 1560 1271 contra
1596 1211 1753 1288 leges
1781 1211 2086 1289 pecuniam
2122 1212 2396 1291 coegisse.

335 1313 460 1368 Nec
495 1321 687 1366 tamen
718 1320 840 1366 tota
869 1309 931 1365 in
957 1307 1071 1366 hoc
1100 1320 1441 1386 argumento
1471 1319 1738 1365 versatur
1767 1307 1980 1369 oratio.
2013 1312 2161 1366 Nam
2192 1306 2330 1367 inde
2361 1329 2392 1366 a

337 1425 464 1484 cap.
494 1406 571 1474 48
599 1404 674 1464 de
700 1405 948 1484 pecunia
975 1404 1102 1463 aliis
1128 1402 1453 1463 rationibus
1481 1422 1754 1482 expressa
1783 1404 2008 1482 agitur3
2047 1403 2126 1463 ob
2157 1425 2394 1464 munera

340 1513 399 1560 et
419 1501 671 1571 honores
695 1501 963 1560 venditos
989 1521 1174 1580 usque
1205 1500 1281 1559 ad
1307 1520 1436 1578 cap.
1468 1500 1574 1574 57:
1612 1512 1934 1559 statuarum
1957 1501 2191 1560 nomine
2212 1522 2396 1581 usque

341 1598 417 1657 ad
449 1618 578 1677 cap.
607 1599 699 1672 78.

419 1700 745 1774 Antequam
773 1716 912 1756 vero
935 1695 1011 1755 de
1037 1696 1247 1757 Siciliae
1272 1694 1656 1754 incommodis
1678 1696 1821 1754 dicit
1842 1708 2062 1766 orator,
2092 1695 2394 1773 magnifica

342 1792 614 1871 praeludit
637 1792 809 1871 hujus
839 1793 1155 1873 provinciae
1190 1792 1522 1852 laudatione
1562 1812 1735 1870 quam
1778 1812 1851 1850 ex
1883 1790 2190 1870 dignitate,
2224 1804 2394 1849 vetu-

339 1900 514 1960 state,
543 1889 789 1949 utilitate
814 1889 1210 1960 commendat;
1241 1902 1307 1947 ut
1329 1902 1388 1947 et
1416 1887 1572 1967 apud
1592 1887 1818 1964 judices
1845 1887 2025 1947 Siculi
2049 1887 2179 1965 plus
2201 1898 2396 1946 aucto-

339 1985 525 2045 ritatis
556 1985 810 2045 habeant
845 1987 904 2044 in
934 2006 1038 2046 sua
1069 2006 1271 2057 causa,
1317 1999 1375 2042 et
1406 1986 1531 2063 ipse
1562 1998 1765 2043 orator
1797 1985 2074 2063 majorem
2103 1985 2272 2042 faciat
2302 1997 2394 2041 at-

341 2082 655 2143 tentionem
691 2085 756 2142 in
795 2095 919 2142 tota
960 2084 1348 2143 contentione.
1403 2081 1672 2143 Ostendit
1714 2101 1840 2141 eam
1887 2081 2132 2159 primam
2175 2086 2394 2169 Roma—

341 2199 550 2238 norum
596 2181 989 2259 provinciam,
1039 2182 1127 2238 rei
1176 2180 1569 2239 frumentariae
1612 2178 1967 2250 subsidium,
2015 2191 2074 2236 et
2118 2168 2398 2237 classibus

339 2276 591 2335 romanis
617 2278 1049 2355 receptaculum
1081 2277 1290 2348 fuisse;
1337 2297 1452 2355 qua
1477 2275 1707 2337 sublata
1739 2295 1859 2334 non
1889 2288 2004 2333 tam
2047 2275 2215 2333 facile
2259 2294 2400 2352 opes

338 2373 701 2453 Carthaginis
727 2374 1128 2435 concidissent.
1161 2376 1369 2453 Itaque
1398 2374 1452 2432 ei
1490 2393 1526 2431 a
1551 2372 1829 2452 Scipione
1851 2372 2127 2431 Africano
2159 2383 2219 2429 et
2236 2376 2405 2430 Mar-

338 2471 489 2529 cello
525 2471 795 2551 magnum
827 2472 1266 2532 essehonorem
1306 2470 1603 2543 habitum;
1635 2489 1881 2547 eamque
1923 2488 2041 2527 non
2085 2469 2273 2527 solum
2312 2469 2398 2528 rei

341 2565 594 2643 publicae
633 2567 835 2626 cellam
875 2569 1200 2645 penariam,
1246 2567 1349 2625 sed
1392 2566 1565 2625 etiam
1603 2565 1798 2624 italico
1838 2564 1996 2623 bello
2042 2582 2152 2641 pro
2198 2564 2400 2622 aerario

347 2662 543 2735 fuisse,
571 2683 699 2743 cap.
717 2683 769 2721 π.
791 2668 1077 2724 Praeterea
1105 2665 1319 2724 multos
1344 2665 1405 2722 in
1428 2684 1496 2722 ea
1525 2664 1682 2723 cives
1711 2681 1985 2721 romanos
2017 2679 2149 2719 cum
2179 2675 2402 2738 quaestu

343 2760 657 2838 negotiari3
684 2762 901 2820 incolas
933 2763 1089 2841 ipsos
1125 2762 1437 2842 patientia,
1483 2761 1698 2834 virtute
1739 2774 1797 2817 et
1847 2757 2175 2836 frugalitate
2217 2759 2403 2816 excel-

344 2856 497 2930 lere;
520 2878 791 2918 romanos
816 2858 1078 2918 homines
1104 2859 1201 2918 hic
1228 2859 1419 2938 diligi;
1458 2877 1526 2916 ac
1547 2875 1701 2935 saepe
1731 2856 2167 2934 magistratuum
2205 2874 2401 2926 roma-

351 2972 563 3013 norum
584 2954 824 3033 injurias
843 2956 1130 3033 patienter
1155 2955 1427 3014 toleratas
1435 2977 1451 3027 3
1475 2953 1662 3012 donec
1686 2951 1916 3011 tandem
1928 2951 2129 3010 Verris
2155 2951 2408 3019 luxuria,

353 3050 725 3125 crudelitate,
755 3052 1030 3125 avaritia,
1067 3050 1340 3130 superbia
1385 3050 1572 3111 coacti
1610 3049 1726 3107 sint
1749 3092 1766 3120 ,
1809 3048 1934 3125 ejus
1961 3048 2174 3106 scelera
2202 3067 2408 3126 perse-

352 3148 486 3225 qui,
524 3161 584 3207 et
610 3149 982 3218 Ciceronem,
1025 3160 1091 3205 ut
1124 3168 1257 3206 eum
1297 3158 1627 3217 accusaret,
1671 3143 2028 3223 rogaverint,
2077 3146 2133 3202 3.
2178 3143 2406 3222 Magnis

352 3258 546 3304 tamen
570 3246 811 3324 opibus,
845 3264 1051 3323 magna
1075 3244 1388 3323 cupiditate
1413 3264 1579 3303 reum
1603 3242 1902 3301 absentem
1933 3253 2137 3328 contra
2166 3239 2405 3317 inquisi-

355 3344 572 3401 tionem
600 3345 950 3403 accusatoris
976 3363 1100 3403 esse
1129 3341 1460 3414 defensum,
1490 3340 1799 3417 multisque
1827 3337 2015 3397 modis
2043 3336 2300 3407 siculos,
2321 3351 2404 3394 ‘ne

355 3437 731 3499 decernerent
758 3441 1068 3519 legationes
1083 3484 1100 3513 ,
1124 3439 1226 3518 qui
1249 3452 1453 3497 contra
1477 3436 1961 3502 istumdicerent,
1985 3447 2235 3492 tentatos
2260 3452 2404 3502 esse,

361 3544 416 3604 l».
434 3540 622 3595 Unam
646 3551 835 3596 tamen
857 3558 979 3597 esse
1001 3539 1290 3597 civitatem
1315 3536 1722 3595 Mamertinam
1759 3534 2107 3614 (Messanam
2142 3528 2407 3608 urbem),

358 3651 489 3708 quae
533 3631 763 3709 publice
812 3634 1056 3714 legatoS,
1099 3635 1200 3712 qui
1235 3640 1478 3693 Verrem
1525 3631 1828 3712 laudat-ent
1850 3673 1867 3704 ,
1905 3628 2152 3694 miserit3
2199 3628 2406 3685 ceteris

358 3724 657 3800 omnibus,
698 3729 839 3807 ipsis
869 3750 1102 3808 quoque
1135 3731 1543 3808 SyracusaniS,
1588 3749 1719 3788 eum
1749 3729 1976 3799 summo
2003 3724 2142 3784 odio
2170 3744 2322 3794 esse,
2351 3724 2404 3781 5.

357 3829 562 3902 Neque
597 3846 737 3884 vero
776 3827 1001 3885 Siculos
1040 3828 1192 3886 solos
1222 3848 1354 3888 eum
1394 3828 1695 3906 persequi,
1740 3825 2022 3906 plurimos
2051 3825 2220 3883 etiam
2250 3822 2404 3878 cives

357 3941 659 3995 romanos,
701 3921 972 3999 gravibus
1012 3922 1086 3982 ab
1135 3944 1205 3982 eo
1245 3924 1788 4001 injuriis-affectoe,
1839 3919 2198 3986 existimare,
2228 3916 2410 3994 juri5‚
2473 3997 2476 4000 Ι

358 4017 664 4091 libertatis,
695 4040 888 4078 rerum
913 4021 1387 4098 fortunarumque
1407 4041 1642 4080 suarum
1663 4023 1903 4079 salutem
1932 4020 1989 4076 in
2020 4016 2144 4094 ejus
2173 4013 2410 4073 damna·
2451 4069 2476 4082 5

361 4115 517 4178 tione
555 4117 894 4187 consistere,
932 4119 985 4174 6.
1023 4122 1149 4178 Jam
1184 4117 1316 4177 inde
1357 4119 1785 4178 demonstratur
1802 4120 2078 4184 Verrem,
2106 4124 2411 4189 antequam
