3044 4788
594 417 728 503 134
1228 417 1326 486 M.
1376 416 1452 484 T.
1508 411 2066 484 CICERONIS

588 537 789 636 quod
830 537 1061 610 facere
1101 535 1502 607 Messallam
1527 531 1821 620 videtis;
1852 533 1979 627 qui
2013 528 2273 629 caput⁶
2309 534 2724 603 innocentis
2764 539 2783 546 ’

575 648 1108 735 ⁴defenderent3
1149 648 1278 743 qui
1313 645 1591 740 injuriae
1637 644 2094 730 resisterent3
2138 644 2311 739 qui,
2355 656 2721 738 quantum

586 772 922 857 possent,
965 761 1043 828 in
1094 757 1321 826 salute
1361 753 1689 840 alterius,
1738 775 1959 849 quam
2005 754 2083 821 in
2124 753 2377 838 exitio,
2421 751 2723 822 mallent

585 866 986 939 ostendere.
1015 863 1235 955 Quod
1262 866 1321 936 si
1356 887 1650 950 omnes,
1676 865 1805 958 qui
1838 859 2097 934 eodem
2128 860 2292 932 loco
2324 862 2472 932 nati
2510 875 2721 948 sunt,

585 978 940 1065 facerent3
967 991 1039 1048 et
1066 962 1476 1074 respublica
1496 999 1583 1046 ex
1607 973 1772 1060 illis,
1798 987 1872 1044 et
1893 974 2029 1070 ipsi
2059 995 2150 1042 ex
2173 970 2450 1044 invidia
2473 974 2719 1044 minus

586 1088 1016 1159 laborarent.

677 1201 826 1267 LII.
856 1200 1128 1268 Verum
1157 1197 1214 1265 si
1242 1218 1285 1265 a
1316 1193 1819 1289 Chrysogono,
1848 1188 2158 1286 judices,
2193 1214 2344 1261 non
2371 1193 2720 1288 impetra-

582 1331 768 1394 mm,
797 1320 878 1377 ut
904 1308 1212 1404 pecunia
1240 1317 1487 1375 nostra
1513 1314 1905 1373 contentus
1932 1302 2048 1386 sit,
2064 1301 2317 1369 vitam¹
2352 1325 2446 1370 ne
2480 1313 2719 1398 petat3

586 1421 643 1487 si
680 1417 798 1486 ille
830 1415 1094 1487 adduci
1147 1438 1298 1484 non
1342 1422 1584 1510 potest
1607 1463 1628 1498 ‚
1672 1423 1790 1497 ut,
1835 1434 2067 1507 quum
2111 1408 2462 1482 ademerit
2501 1409 2719 1481 nobis

585 1529 867 1614 omnia,
904 1550 1067 1622 quae
1116 1539 1365 1606 nostra
1399 1534 1606 1593 erant
1646 1522 1977 1618 propria,
2026 1545 2119 1591 ne
2154 1521 2391 1591 lucem
2417 1545 2720 1617 quoque

585 1636 809 1724 hanc,
841 1660 1003 1733 quae
1035 1636 1446 1706 communis
1477 1644 1621 1719 est,
1649 1632 1927 1728 eripere
1961 1631 2238 1728 cupiat;
2268 1632 2328 1700 si
2361 1654 2513 1699 non
2546 1631 2719 1701 satis

581 1745 800 1817 habet
829 1748 1197 1816 avaritiam
1229 1766 1434 1815 suam
1459 1743 1771 1840 pecunia
1796 1739 2115 1836 explere,
2142 1740 2279 1808 nisi
2313 1741 2528 1810 etiam
2556 1763 2723 1808 cru-

583 1857 874 1930 delitate
907 1856 1318 1951 sanguinis²
1354 1851 1656 1951 perlitus
1689 1853 1781 1920 sit
1809 1874 1826 1917 t
1860 1873 2089 1919 unum
2120 1847 2534 1947 perfugium
2555 1900 2576 1935 ‚
2601 1849 2719 1942 ju·

584 1965 779 2037 dices
799 2019 819 2052 ‚
866 1989 1014 2035 una
1043 1988 1208 2061 spes
1241 1962 1519 2058 reliqua
1551 1974 1661 2031 est
1689 1963 1846 2030 Sex,
1875 1960 2170 2045 Roscio,
2213 1956 2465 2029 eadem
2491 2011 2512 2044 ‚
2553 1980 2719 2053 quae

583 2069 998 2170 reipublicae
1018 2123 1037 2157 ‚
1088 2085 1324 2141 vestra
1365 2071 1671 2167 pristina
1722 2067 2011 2139 bonitas
2064 2082 2137 2138 et
2181 2065 2668 2138 misericordia
2697 2093 2716 2135 :

579 2204 743 2276 quoe
769 2182 829 2248 si
865 2194 1144 2261 manet,
1184 2180 1357 2251 salvi
1385 2182 1601 2250 etiam
1629 2202 1829 2249 nunc
1860 2202 2013 2248 esse
2034 2201 2443 2275 possumus.
2479 2179 2603 2248 Sin
2631 2201 2720 2248 ea

580 2287 965 2361 crudelitas
982 2344 1002 2377 ‚
1028 2314 1190 2387 quae
1215 2289 1359 2359 hoc
1385 2303 1712 2387 tempore
1743 2292 1820 2358 in
1860 2286 2233 2385 republica
2257 2303 2534 2358 versata
2561 2302 2670 2359 est
2698 2342 2719 2375 ‚

584 2414 860 2472 vestros
905 2425 1203 2500 quoque
1241 2404 1522 2472 animos
1544 2454 1564 2489 ‚
1615 2399 1692 2470 id
1737 2399 1942 2497 quod
1989 2397 2145 2470 fieri
2182 2396 2510 2497 profecto
2560 2425 2718 2477 non

581 2511 859 2607 potest,
902 2511 1231 2584 duriores
1269 2511 1824 2609 acerbioresque
1870 2509 2223 2599 reddidit;
2275 2526 2516 2582 actum
2573 2526 2717 2597 est,

576 2622 603 2716 j
615 2620 899 2694 udices:
934 2625 1124 2694 inter
1155 2620 1339 2695 feras
1366 2626 1593 2694 satius
1626 2635 1736 2694 est
1765 2634 2045 2693 aetatem
2080 2620 2603 2717 degere‚quam
2636 2623 2715 2690 in

582 2730 716 2802 hac
740 2748 936 2805 tanta
955 2735 1403 2804 immanitate
1425 2733 1710 2804 versari.
1733 2731 1843 2803 Ad
1866 2754 2120 2804 eamne
2149 2756 2302 2802 rem
2329 2754 2457 2802 vos
2491 2754 2719 2803 reser-

578 2838 754 2911 vati3
786 2843 999 2914 estis?
1023 2841 1115 2914 ad
1149 2866 1404 2915 eamne
1431 2866 1586 2915 rem
1608 2840 1895 2928 delecti,
1923 2855 2004 2911 ut
2035 2864 2161 2913 eos
2187 2840 2714 2913 condemnare·

657 3114 711 3163 6.
743 3114 920 3178 Caput.
946 3116 1139 3176 Vitam,
1163 3116 1464 3176 libertatem,
1497 3116 1600 3165 exi·

583 3194 907 3242 etimationem
934 3195 1038 3243 sine
1077 3211 1174 3259 qna
1206 3197 1306 3243 vita
1344 3195 1479 3244 nnlla
1509 3212 1601 3260 pu·

1689 3114 1834 3179 guine
1870 3113 2110 3179 perlitarit
2129 3135 2156 3156 ι·
2174 3147 2191 3171 ,
2224 3112 2295 3162 ita
2333 3124 2392 3162 ut
2425 3113 2715 3163 Crudelitati

1688 3195 1829 3258 qnasi
1843 3194 1946 3243 dea:
1958 3209 2092 3242 sacra
2104 3194 2264 3241 faciat.
2276 3196 2388 3241 Hoc
2402 3193 2588 3257 recepit
2600 3193 2714 3241 Sch.

584 3282 733 3323 tatur.

652 3355 756 3402 m.
795 3368 840 3402 ι.
882 3352 1048 3400 Vitam
1078 3368 1140 3399 ne
1164 3363 1326 3416 petae.
1362 3351 1606 3401 Mirabili-

580 3431 722 3479 iocua
747 3433 801 3479 in
823 3432 1030 3496 epilogis
1054 3431 1360 3480 inducendus
1383 3431 1447 3478 ad
1472 3448 1604 3481 com-

585 3510 875 3557 movendam
900 3510 1298 3560 misericordiam.
1322 3510 1503 3559 Similia
1519 3512 1604 3561 illo

581 3603 676 3651 pro
703 3587 942 3650 Quintio,
972 3589 1064 3652 ³0,
1094 3590 1146 3637 iu
1166 3587 1283 3637 fine.

661 3682 710 3716 a.
738 3667 1033 3717 &adeletae
1059 3668 1327 3736 sanguinis.
1349 3670 1394 3717 1.
1420 3684 1465 3716 e.
1492 3685 1606 3718 ean·

587 3746 731 3809 guine
757 3746 1018 3796 crudeliter
1041 3750 1221 3808 effuso,
1254 3748 1442 3796 crudeli
1473 3750 1605 3799 caede

588 3824 843 3887 adspersus
877 3826 941 3875 eit
974 3838 1022 3876 et
1060 3828 1298 3891 perfusus.
1328 3829 1452 3890 Qum
1491 3844 1606 3877 eane

589 3904 739 3960 elata,
765 3914 821 3952 ut
843 3905 898 3953 in
921 3906 1229 3971 indignante,
1245 3908 1497 3956 translatio
1516 3918 1605 3957 eet.

590 3982 807 4032 Clericus
831 3994 992 4031 antem
1013 3985 1124 4032 Art.
1149 3985 1304 4033 critic.
1331 3987 1435 4045 111,
1471 4002 1519 4047 1,
1547 3989 1604 4045 8,

499 4124 502 4125 7
591 4062 840 4111 audaciori
865 4062 962 4112 hoc
990 4063 1225 4128 loquendi
1249 4081 1421 4128 genere
1449 4066 1608 4113 offen·

592 4159 680 4191 sua
700 4143 958 4207 legendum
987 4154 1149 4192 censet
1168 4166 1196 4187 ι·
1210 4145 1485 4193 crudelitati
1505 4159 1611 4191 ean-

1689 3272 1915 3321 Ceterum
1925 3272 2139 3321 ostendit
2148 3273 2279 3321 Oliv.
2289 3272 2480 3337 placere
2487 3272 2714 3322 Cieemni

1690 3367 1772 3400 ea·
1797 3368 1975 3400 vocum
2001 3353 2424 3411 commutationes,
2436 3368 2549 3417 que
2568 3367 2717 3416 gram-

1690 3432 1880 3480 maticis
1912 3432 2110 3480 auribus
2141 3433 2308 3480 forsan
2337 3447 2442 3479 non
2465 3431 2719 3496 placeant,

1690 3511 1779 3566 eod
1791 3511 2055 3559 novitatem
2069 3510 2279 3559 dictioni
2294 3527 2350 3559 ac
2367 3510 2718 3559 admirabilita-

1692 3601 1792 3638 tem
1813 3589 2094 3638 concilient.
2113 3590 2235 3638 lnde
2254 3590 2384 3638 enim
2402 3590 2476 3637 vis
2493 3591 2647 3650 major
2666 3599 2719 3637 et

1692 3669 1917 3734 qnaedam
1943 3664 2196 3717 celerandi
2231 3667 2446 3717 efficacia
2489 3685 2517 3716 a
2569 3668 2720 3716 bonit

1693 3748 1970 3797 oratoribus
2010 3763 2113 3796 non
2162 3748 2324 3796 minua
2361 3763 2507 3812 qnam
2552 3748 2719 3812 poetis

1693 3828 1870 3893 aaepius
1893 3839 2145 3892 usurpata.
2176 3852 2243 3862 -—
2269 3831 2402 3877 Loco
2428 3828 2719 3893 partimin

1693 3919 1811 3957 vett.
1836 3908 1949 3956 edd.
1966 3908 2220 3973 pru-ditus.
2241 3907 2467 3956 Pessime.

1764 3990 1816 4037 3.
1864 3987 2126 4052 Βωειγαεὶ.
2160 3990 2233 4036 Ex
2282 3986 2546 4046 nobilium,
2589 4003 2723 4051 quos

1692 4068 1880 4115 Marius
1915 4067 2204 4123 trucidavit,
2244 4066 2379 4114 caede
2419 4067 2613 4114 aei-vati.
2647 4094 2724 4103 -—·

1694 4146 1892 4195 Delecti.
1928 4146 2130 4196 Jndicee
2155 4145 2429 4194 constituti.
