3044 4788
594 396 733 489 294
1229 394 1325 459 M.
1379 393 1457 459 T.
1510 392 2072 465 CICERONIS

578 512 854 609 judicio
881 517 940 582 si
967 512 1252 583 licuisse
1289 509 1428 581 sibi
1464 509 1910 598 ostenderit,
1937 535 2073 608 ego
2109 517 2518 609 oportuisse
2551 539 2738 586 con-

587 623 861 696 cedam.
889 626 995 693 Ex
1024 622 1168 694 hoc
1205 646 1505 718 quoque
1545 624 1894 692 evaserit:
1930 619 2350 719 proficiscar
2374 620 2532 711 eo⁵‚
2570 650 2737 722 quo

588 760 707 806 me
726 731 1161 831 jampridem
1191 746 1401 802 vocat
1429 730 1748 828 populus
1770 753 2138 802 romanus».
2165 735 2275 802 De
2289 728 2498 826 jure⁶
2524 737 2732 804 enim

588 842 938 915 libertatis
980 856 1054 912 et
1097 841 1401 912 civitatis
1457 864 1670 912 suum
1713 854 1925 939 putat
1968 864 2121 912 esse
2169 840 2527 935 judicium
2574 869 2592 912 ε
2649 858 2732 915 et

589 967 785 1025 recte
817 964 1046 1049 putat.
1074 946 1498 1046 Confi-ingat
1537 952 1672 1021 iste
1710 974 1881 1021 sane
1918 952 1988 1020 vi
2026 974 2155 1021 sua
2191 948 2486 1022 consilia
2522 976 2730 1023 sena·

586 1066 813 1148 toria;
851 1059 1279 1156 quaestiones
1300 1071 1326 1116 ⁷
1366 1062 1699 1131 omnium
1728 1073 2188 1159 perrumpat3
2217 1060 2456 1131 evolet
2481 1086 2572 1133 ex
2606 1087 2730 1134 ve-

584 1188 731 1246 stra
751 1173 1123 1242 severitate
1144 1170 1360 1242 :mihi
1382 1169 1675 1258 credite,
1691 1170 2120 1242 arctioribus
2139 1169 2335 1268 apud
2359 1173 2724 1271 populum

584 1307 966 1356 romanum
1011 1282 1286 1378 laqueis
1328 1279 1714 1353 tenebitur.
1763 1277 2029 1351 Credet
2065 1283 2152 1351 iis
2189 1281 2564 1378 equitibus
2597 1308 2757 1353 ro·-

583 1396 815 1465 manis
851 1392 1169 1490 populus
1207 1414 1588 1476 romanus»,
1638 1390 1768 1486 qui
1808 1389 1900 1460 ad
1949 1414 2079 1463 vos
2127 1405 2339 1462 antea
2382 1393 2721 1490 producti

580 1516 837 1590 testes,
866 1505 1039 1599 ipsis
1077 1497 1683 1596 inspectantibus,
1717 1499 1810 1571 ab
1848 1504 1987 1571 isto
2025 1503 2257 1572 civem
2294 1526 2717 1592 romanum,

585 1616 713 1712 qui
773 1607 1228 1710 cognitores⁸
1299 1609 1635 1681 homines
1677 1609 2024 1683 honestos
2068 1611 2309 1702 daret,
2353 1612 2720 1685 sublatum

584 1749 736 1797 esse
769 1725 845 1795 in
880 1745 1172 1793 crucem
1200 1720 1559 1791 dixerunt.
1593 1719 1912 1793 Credent
1949 1747 2204 1794 omnes
2229 1748 2274 1793 v
2308 1740 2382 1795 et
2410 1728 2719 1796 xxx‘tri-

520 1912 523 1915 Α
579 1833 768 1905 bus9
803 1832 1084 1902 homini
1112 1830 1529 1924 gravissimo
1566 1844 1784 1927 atque
1818 1834 2274 1905 ornatissimo
2309 1838 2407 1904 M.
2444 1837 2721 1925 Annio,

583 1948 711 2042 qui
732 1997 751 2030 ‚
796 1966 872 2013 se
909 1954 1292 2038 praesente,
1332 1941 1563 2012 civem
1602 1967 1988 2014 romanum
2022 1948 2255 2017 securi
2298 1969 2719 2042 percussum

581 2078 733 2126 esse
770 2049 971 2122 dixit.
1010 2047 1365 2120 Audietur
1398 2074 1439 2120 a
1482 2051 1762 2150 populo
1806 2077 2114 2125 romano
2148 2057 2260 2124 vir
2302 2056 2719 2152 primarius»,

585 2185 810 2260 eques
833 2182 1219 2247 romanus,
1252 2159 1682 2251 L.,Flavius‚
1706 2152 1841 2260 'qui
1877 2187 2092 2233 suum
2130 2162 2554 2235 familiarem
2586 2169 2721 2234 He·

652 2434 706 2484 5.
726 2433 820 2482 Εο.
835 2432 917 2482 Λᾶ
939 2433 1179 2496 indicium
1204 2433 1353 2493 illud,
1376 2433 1441 2481 ad
1461 2433 1602 2498 qnod

580 2531 661 2564 me
677 2513 890 2580 populus
903 2547 919 2573 ‚
945 2513 1134 2562 omissis
1151 2514 1279 2576 aliis,
1291 2516 1392 2576 ism
1410 2511 1602 2577 pridem

579 2605 741 2644 vocat.
770 2593 1151 2651 Pet-duellionis,
1177 2593 1211 2641 i.
1243 2610 1287 2641 e.
1314 2594 1368 2644 in
1395 2592 1603 2657 pau-ism

577 2673 830 2741 parricidii
865 2673 1107 2735 judicium
1150 2672 1378 2736 intelligit
1421 2684 1604 2732 orator,

579 2753 717 2818 quod
738 2754 791 2800 in
811 2768 987 2817 campo
1004 2752 1186 2801 Martio
1198 2789 1215 2815 ,
1239 2753 1442 2817 triginta
1458 2753 1604 2818 quin-

578 2847 676 2897 que
717 2831 943 2881 tribubus
985 2832 1268 2880 convocatis
1287 2867 1303 2892 ‚
1344 2831 1496 2882 fiebat
1542 2831 1604 2881 de

579 2912 713 2970 cive,
730 2911 819 2973 qui
841 2909 998 2958 civem
1021 2927 1163 2958 suum
1183 2911 1420 2970 vinculis,
1440 2913 1606 2975 virgis,

576 3001 736 3037 morte
769 2989 979 3052 denique
1014 3001 1185 3039 contra
1220 2990 1350 3056 leges
1380 2991 1606 3040 Porciam

578 3078 631 3118 et
676 3069 1013 3132 Semproniam
1032 3102 1048 3128 ,
1089 3070 1351 3118 affecisset.
1402 3069 1605 3118 Sceleris

574 3147 725 3210 hujus
742 3164 888 3213 poens
904 3159 1009 3196 erat
1027 3148 1263 3213 capitalis.
1282 3150 1435 3195 Porro
1450 3162 1606 3210 quum

575 3238 701 3278 esset
724 3229 898 3277 Cicero
925 3227 1081 3275 aedili·
1115 3226 1330 3284 curulis,
1368 3225 1606 3276 habendae

577 3310 835 3358 concionis
858 3320 907 3358 et
948 3308 1079 3356 diem
1107 3306 1302 3355 dicendi
1333 3305 1415 3373 jus
1449 3305 1606 3354 habe-

577 3388 691 3448 bat,
728 3404 865 3451 aeque
898 3404 956 3436 ac
989 3386 1173 3435 tribuni
1208 3384 1381 3449 plebis.
1421 3388 1495 3434 De
1529 3385 1607 3435 his

576 3466 681 3514 vid.
698 3482 791 3529 pro
814 3466 981 3514 Rabir.
1004 3476 1053 3513 et
1072 3467 1133 3514 T.
1156 3465 1264 3513 Liv.
1288 3466 1337 3522 1,
1365 3465 1451 3512 26.

648 3545 702 3593 6.
722 3544 935 3608 Dejure.
950 3545 1228 3594 Arbitrstur
1244 3543 1374 3591 enim
1391 3543 1606 3608 populus

577 3622 639 3670 ‹le
665 3621 856 3670 violati·
871 3657 888 3683 ‚
922 3623 1103 3685 quibus
1122 3622 1320 3669 libertas
1340 3633 1390 3670 et
1402 3623 1515 3683 jura
1535 3624 1606 3671 ei·

574 3700 708 3748 vium
736 3702 1039 3759 sanciuntur,
1066 3701 1255 3764 legibus
1279 3702 1520 3765 pertinere
1541 3703 1607 3750 ad

577 3796 630 3827 se
641 3779 903 3840 judicium.

652 3876 704 3918 7.
754 3857 1068 3919 Quceste'ones.
1109 3857 1388 3910 Tribunslis
1424 3871 1605 3923 prato·

578 3953 687 3984 rum
733 3937 795 3984 de
831 3935 1113 4000 repetundis
1154 3938 1473 3999 querentium
1506 3938 1604 3985 lar-

90 4009 105 4018 “
168 4041 235 4089 ἦ
576 4015 847 4080 gitionibns
893 4015 994 4062 suis
1029 4027 1335 4079 perrumpat.
1378 4017 1467 4065 ma
1511 4034 1599 4065 an-

518 4125 523 4132 a
570 4107 673 4145 tem
691 4094 897 4144 consilia
914 4095 1166 4144 senatoria
1184 4108 1330 4145 vocat
1351 4098 1489 4161 qnod
1505 4097 1603 4146 illis

1688 2435 2027 2499 unusquisque
2064 2447 2250 2501 praetor
2288 2451 2402 2486 cnm
2442 2450 2720 2488 senatorum

1688 2514 1900 2562 consilio
1924 2527 2115 2578 praeest.

1763 2594 1814 2642 8.
1844 2593 2142 2659 cognitores.
2164 2594 2413 2644 Dicuntur
2428 2596 2481 2646 h.
2498 2597 2540 2646 l.
2558 2599 2719 2646 bomi-

1689 2688 1776 2719 nes
1802 2673 1890 2736 qui
1926 2674 2135 2738 aliquem
2171 2689 2501 2738 cognoscunt,
2537 2677 2718 2741 quique

1691 2751 1753 2799 de
1792 2754 1895 2813 ejus
1933 2763 2062 2801 statu
2094 2760 2300 2819 possunt
2345 2754 2609 2805 testificari.
2645 2757 2718 2803 De

1691 2830 1770 2878 his
1795 2843 1845 2879 et
1870 2848 2010 2896 seqq.
2033 2832 2138 2881 vid.
2155 2835 2372 2884 Vernv.

1763 2924 1813 2971 9.
1846 2910 2029 2958 Tribus.
2078 2914 2298 2974 Quarum
2339 2913 2447 2961 aliae
2493 2917 2715 2974 rustice,

1691 2986 1800 3036 alin
1840 2989 2038 3038 urbsnae
2086 2990 2402 3052 dicebantur-3
2447 3016 2472 3035 α
2492 2994 2718 3043 laudatis-

1693 3066 1859 3130 simae,
1886 3068 2048 3133 inquit
2067 3069 2283 3127 Plinius,
2302 3087 2471 3120 eorum
2497 3075 2583 3136 qni
2611 3089 2716 3121 rura

1693 3145 1960 3208 baberent3
2012 3160 2063 3197 et
2116 3150 2168 3197 in
2216 3151 2425 3200 urbanas
2472 3153 2716 3200 transferri

1692 3226 1973 3290 ignominiae
2022 3240 2158 3288 eret,
2201 3230 2428 3291 desidiae,
2471 3231 2656 3296 probro
2675 3251 2715 3277 n.

1692 3307 1849 3356 Porro
1881 3325 2033 3372 quum
2076 3308 2289 3357 comitiis
2324 3310 2607 3358 centuriatis
2647 3309 2716 3357 rei

1693 3377 2043 3450 perduellionis
2059 3387 2398 3452 judicarentur
2412 3422 2428 3447 ‚
2476 3401 2531 3437 nt
2567 3389 2717 3438 estin

1692 3466 1847 3515 Tabb.
1866 3469 2001 3514 xn:
2032 3488 2054 3509 ιι
2083 3466 2145 3514 de
2173 3467 2334 3531 eapite
2365 3467 2489 3516 civis
2514 3469 2609 3516 nisi
2633 3485 2718 3533 per

1690 3545 1958 3592 maximnm
2002 3546 2305 3593 comitiatum
2345 3562 2408 3593 ne
2451 3547 2647 3595 ferunto
2663 3563 2715 3606 υς

1694 3622 1920 3686 idemque
1944 3625 2118 3674 Cicero
2144 3636 2350 3674 testatur
2375 3628 2508 3677 Sext.
2537 3630 2632 3687 30,
2658 3627 2718 3675 de

1693 3704 1810 3766 Leg.
1839 3707 1947 3765 111,
1989 3722 2085 3770 ¹9³
2121 3717 2170 3754 et
2207 3723 2263 3754 es
2298 3723 2326 3753 n
2360 3708 2718 3771 magistratibus

1693 3785 1959 3843 majoribus
1982 3798 2171 3835 tantum
2198 3788 2462 3835 convocari
2487 3796 2712 3850 possum

1692 3864 1998 3926 magistratus
2036 3866 2281 3926 minores,
2323 3867 2365 3913 si
2401 3883 2547 3930 quem
2584 3881 2720 3913 acen·

1690 3958 1796 3990 sare
1820 3944 1884 3992 ad
1911 3945 2151 4009 populum
2175 3944 2384 4004 vellent,
2421 3946 2550 3994 diem
2571 3944 2718 3993 comi-

1690 4021 1772 4068 tiis
1794 4025 2073 4070 centuriatis
2109 4039 2138 4070 a
2164 4024 2450 4071 consulibus
2478 4036 2564 4072 ant
2595 4039 2720 4088 pra·

1690 4111 1799 4150 tore
1827 4102 2016 4150 urbano
2042 4100 2291 4167 petebant.
2320 4101 2430 4151 Hoc
2457 4120 2576 4152 vero
2603 4104 2717 4152 loco
