3044 4788
689 416 830 489 560
1470 412 2038 484 EXCURSUS

684 560 883 628 quam
924 560 1003 601 ex
1035 536 1157 600 illis
1203 550 1497 599 exactum
1540 535 1740 598 fuisse
1781 535 1929 622 quis
1971 531 2297 598 affirmare
2329 534 2577 599 audent
2597 535 2632 598 ?
2674 535 2853 619 Quid

682 644 1004 732 pastiones
1056 641 1186 721 jam
1244 639 1500 705 dicam?
1540 662 1740 727 quam
1784 662 2179 720 numerosae,
2230 663 2428 728 quam
2478 641 2856 707 fructuosa·

683 752 926 815 fuerint
960 750 1203 839 populo
1235 746 1551 812 romano?
1583 744 1793 812 Sicilia
1824 749 2038 811 omnis
2074 763 2171 812 est
2204 766 2533 813 montosa.
2580 750 2693 813 Ex
2719 751 2853 813 val·

683 857 854 920 libus
897 855 1244 918 arabantur
1288 854 1505 939 fruges
1554 851 1924 916 uberrimae.
1980 850 2233 931 Colles,
2267 869 2578 939 veprem,
2628 855 2849 929 silim,

687 962 968 1048 denique
1010 982 1190 1047 seges
1231 957 1447 1020 omnis
1485 980 1921 1045 quaecumque
1953 958 2192 1021 vitibus
2225 980 2362 1022 non
2400 974 2546 1022 erat
2578 981 2845 1022 accom-

687 1067 917 1147 moda,
958 1081 1073 1129 aut
1123 1063 1455 1151 frugibus,
1510 1064 1894 1151 pascebatur
1942 1064 2306 1151 pecoribus.
2344 1065 2498 1127 Huc
2543 1081 2842 1128 armenta

688 1192 752 1238 et
807 1193 1029 1262 greges
1078 1171 1628 1252 immittebantur,
1674 1193 1796 1258 pro
1849 1193 2136 1258 quorum
2189 1170 2460 1258 singulis
2514 1172 2842 1259 capitibus

684 1276 1054 1367 reipublicae
1108 1274 1517 1364 pendebatur
1557 1276 1847 1363 vectigal.
1911 1276 2053 1340 Hoc
2101 1292 2423 1363 quantum
2476 1279 2718 1359 fixerit,
2775 1293 2841 1339 et

687 1405 883 1472 quam
942 1384 1356 1446 fructuosum
1405 1380 1591 1445 facile
1635 1380 1753 1444 tibi
1807 1381 2028 1444 animo
2091 1378 2323 1469 finges,
2370 1382 2427 1444 si
2479 1381 2833 1446 attenderis

689 1489 871 1579 quod
898 1511 1094 1578 supra
1122 1488 1435 1567 diximus,
1469 1486 1665 1550 saltus
1708 1486 1849 1551 illos
1875 1488 2072 1576 vulgo
2109 1487 2342 1551 elocari
2378 1488 2615 1551 solitos
2642 1490 2836 1552 fuisse

689 1594 1001 1659 Romanis
1039 1591 1398 1681 opulentis,
1421 1591 1537 1678 qui
1580 1614 1844 1679 magnas
1889 1591 2218 1679 pecuarias
2262 1592 2331 1654 in
2376 1592 2601 1656 Sicilia
2642 1594 2836 1657 facie-

690 1701 868 1766 bant.
903 1700 1057 1763 Haec
1087 1700 1338 1779 omnia,
1385 1695 1691 1760 decumas
1736 1713 1801 1760 et
1844 1697 2168 1784 pastiones
2201 1695 2378 1779 dico,
2406 1696 2492 1761 ad
2525 1716 2833 1785 quatuor,

690 1809 794 1872 vel
837 1806 1129 1894 quinque
1173 1802 1492 1866 milliones
1546 1800 1782 1890 gallicae
1820 1802 2112 1889 pecuniae
2154 1825 2291 1867 non
2337 1803 2559 1890 inepte
2610 1803 2837 1868 videor

692 1934 884 2003 posse
912 1907 1296 1997 producere.
1333 1908 1487 1971 Haec
1519 1927 1753 1994 magua
1785 1923 1968 1989 sunt,
2007 1907 2152 1995 quis
2185 1907 2417 1997 neget?
2440 1908 2571 1972 Sed
2598 1910 2830 1972 sicum

691 2016 1030 2106 portoriis,
1073 2035 1269 2101 quam
1301 2035 1493 2100 parva
1527 2035 1658 2098 prae
1689 2011 1812 2075 illis
1844 2012 2272 2077 videbuntur!
2316 2013 2473 2076 urbs
2509 2016 2831 2078 maritima

694 2143 1005 2210 quaeque,
1056 2118 1274 2181 multae
1317 2134 1536 2181 autem
1579 2134 1763 2181 erant
1806 2119 1872 2182 in
1921 2119 2131 2183 insula
2168 2119 2420 2201 Sicilia,
2461 2143 2667 2184 suum
2698 2121 2827 2183 fere

693 2222 924 2286 habuit
952 2234 1251 2305 portum3
1293 2233 1359 2281 et
1398 2218 1468 2280 in
1504 2240 1584 2281 eo
1615 2220 1996 2307 portitores,
2034 2220 2148 2308 qui
2180 2243 2300 2310 pro
2330 2220 2528 2284 rebus
2553 2237 2676 2285 aut
2706 2223 2825 2284 im·

691 2322 1060 2419 portandis,
1106 2338 1218 2387 aut
1250 2322 1667 2412 exportandis
1703 2325 1971 2415 vectigal
2006 2326 2355 2417 exigerent.
2389 2327 2481 2389 Ex
2518 2327 2825 2390 omnibus

690 2432 868 2497 orbis
904 2429 1194 2522 partibus
1230 2452 1424 2495 naves
1455 2429 1591 2495 huc
1621 2454 1739 2519 per
1764 2432 1982 2496 omnia
2019 2433 2214 2497 maria
2243 2432 2324 2498 ad
2348 2456 2577 2498 omues
2604 2435 2824 2497 Siciliae

691 2555 952 2630 portus,
984 2538 1137 2626 quia
1173 2536 1474 2601 tutissimi
1513 2552 1725 2617 erant,
1754 2537 2246 2625 appellebantur
2270 2561 2348 2602 ex
2374 2539 2723 2627 Hispania,
2750 2562 2823 2603 cx

649 2675 653 2679 ·
694 2647 839 2711 Asia
858 2694 876 2726 ,
906 2660 971 2709 et
1000 2645 1209 2732 Syria,
1227 2644 1437 2731 Tyro,
1464 2642 1867 2707 Alexandria.
1901 2643 2024 2707 Hic
2049 2645 2243 2709 statio
2266 2645 2539 2709 navibus
2566 2662 2638 2709 et
2661 2668 2826 2709 mer·

698 2753 883 2817 cibus
915 2766 1052 2814 erat
1076 2750 1258 2837 quasi
1290 2749 1660 2815 constituta.

782 2854 1251 2919 Celeberrimus
1312 2855 1527 2918 omnis
1590 2871 1726 2918 erat
1782 2855 2008 2920 Siciliae
2064 2874 2326 2946 portus,
2382 2857 2499 2922 sed
2549 2859 2828 2922 maxime

693 2965 1127 3051 Syracusanus
1145 3009 1163 3042 ,
1191 2991 1216 3016 ι
1233 2962 1531 3025 omnium
1565 2962 2001 3049 quietissimus
2028 2987 2194 3052 quos
2221 2982 2334 3030 aut
2358 2982 2588 3029 natura
2608 2968 2828 3054 posuit

693 3070 760 3131 in
794 3066 1061 3131 tutelam
1096 3065 1428 3148 classium,
1470 3083 1585 3130 aut
1620 3066 1865 3147 adjuvit
1897 3092 2165 3152 manus;
2208 3071 2301 3136 sic
2334 3087 2586 3153 tutum,
2634 3089 2715 3134 ut
2745 3095 2826 3135 ne

695 3174 1119 3239 maximarum
1143 3172 1405 3260 quidem
1437 3189 1896 3262 tempestatum
1931 3177 2139 3241 furori
2174 3175 2355 3241 locus
2384 3192 2551 3242 esset
2570 3196 2632 3259 s,
2679 3178 2825 3241 Seu.

698 3277 957 3345 Consol.
993 3274 1074 3340 ad
1111 3276 1310 3341 Marc.
1351 3299 1406 3341 c.
1447 3300 1545 3363 ¹7·

784 3388 859 3450 In
895 3399 974 3449 eo
1003 3399 1199 3471 portu
1217 3431 1235 3464 ,
1262 3398 1423 3446 teste
1459 3383 1807 3467 Cicerone,
1826 3385 1936 3449 lib.
1961 3386 2025 3448 ΙΙ
2051 3386 2117 3449 in
2142 3388 2325 3452 Verr.
2350 3409 2405 3450 c.
2436 3387 2543 3473 75,
2579 3404 2825 3474 partem

695 3490 1062 3554 vicesimam
1105 3489 1291 3577 pretii
1328 3510 1548 3552 earum
1583 3511 1801 3553 rerum
1839 3514 1981 3578 quoe
2030 3492 2571 3580 importabantur,
2618 3494 2829 3582 publi-

696 3596 870 3675 cani,
924 3595 1196 3682 portorii
1251 3612 1315 3658 et
1366 3594 1690 3683 vectigalis
1741 3597 2043 3680 nomine,
2102 3599 2464 3689 exigebant.
2516 3602 2646 3663 Res
2710 3602 2824 3663 iuae

700 3713 882 3763 erant
910 3721 1200 3786 purpura
1223 3700 1444 3785 Tyria3
1476 3698 1661 3782 thus,
1687 3718 1881 3789 atque
1905 3703 2177 3787 odores;
2205 3723 2548 3792 vestesque
2582 3705 2822 3784 linteae;

697 3825 967 3895 gemmoe
1003 3818 1069 3866 et
1105 3802 1492 3891 margaritae,
1532 3805 1682 3870 vina
1714 3830 1945 3895 graeca,
1985 3812 2237 3876 venales
2264 3811 2544 3877 Asiatici.
2590 3811 2730 3874 Lib.
2749 3811 2817 3886 V,

698 3934 838 4001 cap.
873 3908 974 3974 56.

785 4016 880 4081 Ex
911 4031 1013 4078 tot
1046 4030 1111 4078 et
1145 4028 1277 4076 tam
1310 3998 1609 4102 pretiosis
1641 4019 1965 4083 mercibus
1992 4021 2173 4086 facile
2207 4012 2610 4113 intelligitur,
2630 4045 2811 4112 quam

700 4122 1102 4188 uberrimum
1140 4118 1429 4186 effecisse
1455 4122 1723 4210 vectigal
1755 4124 1987 4190 harum
2033 4129 2222 4214 pretii
2264 4130 2633 4193 vicesimam
2674 4151 2814 4216 par-
