3044 4788
721 436 827 505 IN
878 436 1307 505 VERREM
1358 437 1575 506 ACT.
1631 440 1756 523 11.
1788 439 1969 505 LIB.
2020 440 2074 506 Ι.
2330 436 2469 533 373

335 556 711 632 Rabonius
760 583 777 625 ε
832 570 916 627 ut
960 554 1097 628 sibi
1139 545 1468 627 videatur
1483 553 1539 643 ³,
1581 561 1749 628 satis
1789 556 2182 653 grandem‘*
2245 582 2469 655 pecu-

335 675 530 740 niam
553 722 573 755 ,
609 681 684 738 et
717 667 897 749 satis·
926 664 1427 764 impudentem
1471 689 1647 737 esse.
1694 670 1839 737 Iste
1867 721 1887 753 ,
1925 671 2052 763 qui
2097 668 2471 764 aliquanto

335 779 503 876 plus
533 778 949 874 cogitasset,
985 775 1171 847 male
1202 780 1461 875 accipit
1493 775 1736 848 verbis
1774 776 2221 868 Rabonium;
2257 793 2472 878 negat

293 942 296 945 .
335 912 507 960 eum
544 885 684 957 sibi
737 886 859 957 illa
898 885 1269 965 ,decisione
1324 884 1730 958 satisfacere
1771 910 2030 984 posse;
2071 913 2162 960 ne
2205 890 2431 961 multa
2453 945 2472 977 ,

334 994 787 1070 locaturum⁵
817 1021 892 1069 se
927 1021 1080 1068 esse
1119 993 1527 1068 confirmat.
1562 1000 1870 1067 Tutores
1913 996 2066 1068 haec
2101 1000 2471 1085 nesciunt3

335 1106 538 1206 quod
572 1121 814 1178 actum
853 1120 1007 1178 erat
1037 1128 1205 1177 cum·
1241 1105 1616 1193 Raboni0,
1651 1119 1912 1204 putant
1944 1106 2017 1176 id
2045 1130 2198 1178 esse
2236 1109 2476 1179 certis-

336 1219 624 1303 simum3
646 1217 917 1288 nullam
944 1217 1296 1310 majorem
1312 1216 1592 1315 pupillo
1618 1230 1957 1288 metuunt
1977 1217 2473 1291 calamitatem.

334 1334 477 1400 Iste
521 1353 690 1399 vero
720 1352 872 1399 non
902 1328 1424 1425 procrastinat:
1463 1324 1751 1398 locare⁶
1789 1328 2084 1426 incipit,
2123 1354 2276 1401 non
2312 1354 2477 1428 pro-

337 1439 603 1536 scripta
645 1460 888 1533 neque
931 1436 1164 1508 edicta
1206 1434 1325 1507 die
1352 1492 1370 1523 ,
1412 1437 1852 1509 alienissimo
1881 1452 2246 1535 tempore,
2287 1439 2479 1510 ludis

338 1548 515 1644 ipsis
550 1550 901 1632 romanis,
952 1543 1111 1618 foro
1148 1561 1427 1618 ornato.
1480 1550 1737 1645 Itaque
1779 1550 2186 1642 renuntiat⁷
2233 1550 2474 1622 Rabo-

341 1659 507 1727 nius
542 1655 738 1726 illam
773 1655 1213 1728 decisionem
1251 1656 1635 1728 tutoribus,
1673 1660 2078 1751 Accurrunt
2109 1673 2351 1730 tamen
2386 1660 2478 1731 ad

345 1781 632 1865 tempus
679 1780 959 1838 tutores
989 1794 1009 1835 ε
1046 1765 1359 1863 digitum
1397 1761 1634 1838 tollitss
1668 1771 1925 1840 Junius
1975 1785 2317 1867 patruus:
2361 1774 2475 1841 isti

341 1876 542 1963 color
588 1878 1009 1968 immutatus
1060 1891 1210 1965 est3
1246 1876 1528 1968 vultus,
1574 1883 1847 1968 oratio,
1896 1904 2102 1973 mens
2157 1881 2475 1978 denique

341 1986 622 2059 excidit.
662 1987 860 2079 Quid
896 2002 1172 2086 ageret,
1212 1992 1436 2086 coepit
1469 1992 1784 2086 cogitare
1821 2018 1837 2059 :
1874 1993 1934 2060 si
1973 2014 2158 2088 opus
2194 1993 2474 2089 pupillo

339 2097 839 2186 redimeretur,
869 2102 927 2170 si
960 2123 1077 2170 res
1109 2096 1342 2170 abiret
1371 2098 1463 2170 ab
1501 2124 1592 2170 eo
1624 2101 1953 2198 mancipe
1970 2112 2025 2187 ⁹,
2063 2125 2285 2198 quem
2323 2104 2476 2200 ipse

342 2209 816 2307 apposuisset,
836 2207 973 2281 sibi
990 2206 1265 2280 nullam
1281 2208 1597 2305 praedam
1620 2233 1794 2295 esse.
1819 2213 2074 2307 Itaque
2090 2213 2446 2306 excogitat
2462 2241 2492 2287 ε,

342 2317 564 2418 quid?
617 2310 802 2397 nihil
842 2322 1261 2417 ingeniose3
1313 2319 1534 2406 nihil,
1576 2319 1781 2417 quod
1824 2323 2209 2418 quisquam
2253 2322 2479 2419 possit

344 2430 582 2503 dicere
601 2484 621 2519 ,
650 2429 983 2529 improbe
998 2486 1017 2520 ,
1035 2428 1291 2502 v'erum
1309 2430 1566 2501 callide
1585 2441 1685 2518 ¹⁰3
1707 2429 1887 2518 nihil
1912 2428 2002 2512 ab
2022 2427 2160 2501 isto
2180 2445 2476 2514 tectum,

345 2540 528 2611 nihil
559 2542 1065 2612 veteratorium
1091 2542 1709 2638 exspectaveritis:
1732 2542 1976 2614 omnia
2003 2553 2250 2637 aperta
2272 2593 2291 2626 ,
2317 2565 2475 2610 om-

345 2650 464 2719 nia
507 2651 887 2747 perspicua
922 2651 1395 2747 reperientur,
1431 2648 1912 2748 impudentia,
1959 2650 2301 2735 amentia,
2346 2673 2475 2719 au—

346 2757 565 2830 dacia.
609 2756 1223 2857 Si'pupillo‘opus
1262 2758 1664 2846 redimitur,
1701 2758 1883 2829 mihi
1920 2758 2163 2858 praeda
2204 2758 2294 2830 de
2332 2785 2479 2830 ma-

345 2867 563 2940 nibus
599 2869 901 2966 eripitur
930 2895 945 2937 :
979 2869 1180 2965 quod
1219 2884 1328 2941 est
1362 2870 1584 2966 igitur
1622 2865 2076 2942 remedium?
2103 2868 2350 2967 quod?
2383 2895 2479 2942 ne

345 2978 557 3051 liceat
576 2979 855 3077 pupillo
882 2979 1260 3052 redimere.
1281 2978 1421 3052 Ubi
1448 2979 1632 3050 illan
1665 2979 2118 3052 consuetudo
2153 2971 2225 3052 in
2262 2979 2477 3056 bonis

417 3222 472 3270 3.
511 3220 763 3272 Videatur.
786 3220 967 3271 sehiitz
983 3223 1160 3287 probat
1174 3224 1361 3273 Ernest.
1527 3226 1579 3273 8.
1620 3221 1837 3289 Digitum
1869 3221 2010 3273 tollit.
2042 3226 2155 3271 Mos
2182 3233 2282 3270 erat
2310 3222 2362 3269 in
2390 3238 2477 3269 an-

343 3299 732 3349 enendationem
755 3301 1035 3349 videbatur.
1064 3301 1096 3348 J
1103 3304 1194 3350 .V.
1214 3305 1268 3351 L.
1454 3301 1722 3364 ctionibus,
1747 3302 1901 3365 utqui
1921 3301 2056 3348 liceri
2075 3311 2245 3348 eontra
2266 3300 2476 3364 aliquem

418 3389 467 3437 4.
500 3378 629 3429 Sacis
660 3381 917 3446 grandem.
945 3383 1057 3429 Hoc
1096 3396 1124 3428 a
1161 3396 1366 3444 persona
1453 3380 1630 3439 vellet,
1655 3379 1709 3429 id
1734 3380 1927 3429 sublato
1953 3378 2110 3443 digito
2133 3377 2441 3443 significaret.

343 3457 555 3507 Rabonii
588 3458 795 3516 ‹ficitur-3
829 3471 875 3507 et
915 3459 1089 3510 Cicero
1126 3458 1268 3508 addit
1302 3476 1366 3508 ex
1527 3475 1578 3522 9.
1606 3460 1849 3523 Mane-ipe.
1880 3457 2078 3521 Eo,qui
2101 3456 2286 3520 aliquid
2306 3458 2478 3505 sacien-

332 3553 430 3585 -sua
454 3549 592 3601 parte
619 3558 645 3579 α
660 3538 775 3585 satis
794 3538 1128 3603 impudentem
1144 3561 1185 3587 a.
1455 3538 1574 3587 dum
1599 3537 1865 3586 redemerat
1889 3536 2025 3602 (gall.
2040 3535 2449 3601 adjudicatam).

418 3618 465 3664 5.
499 3619 815 3667 Lacutur-um.
854 3616 1017 3665 Alieni
1032 3650 1047 3677 ,
1075 3617 1163 3681 qui
1189 3617 1362 3683 majori
1529 3632 1610 3666 xo.
1633 3617 1933 3666 Hotomanni
1948 3615 2214 3663 auctoritas
2229 3616 2478 3664 invexerat

344 3695 503 3758 pretio
526 3695 799 3744 redimeret.
1452 3697 1630 3762 passim
1645 3729 1661 3754 ‚
1684 3694 1796 3743 -vel
1823 3693 1996 3743 callide
2017 3716 2058 3742 a.
2086 3693 2251 3740 Multo
2278 3705 2477 3758 prestat

414 3774 467 3820 6.
492 3775 699 3822 Loeare.
725 3774 1018 3823 Auctionem
1058 3773 1165 3823 fleri
1195 3774 1361 3837 jubet,
1451 3787 1593 3824 vetus
1631 3775 1799 3825 lectio.
1839 3773 1999 3824 codd.
2041 3774 2382 3837 suffragantur.
2420 3774 2474 3822 J.

343 3866 445 3899 non
475 3862 586 3900 ante
622 3852 862 3901 declarata
892 3852 973 3900 die
1008 3852 1175 3901 libello
1200 3855 1359 3918 pelam
1447 3858 1513 3907 V.
1541 3857 1598 3908 1..

341 3928 508 3978 affixo.
530 3959 600 3967 —
619 3933 753 3980 Loco
779 3931 970 3986 edicta,
1011 3932 1228 3982 Lambin.
1244 3934 1363 3997 legit
1535 3951 1553 3981 1
1571 3950 1612 3981 ι.
1644 3933 1736 3981 Ubi
1755 3933 1858 3982 ma.
1879 3933 1982 3983 Cur
2010 3933 2091 3980 hic
2127 3943 2227 3978 non
2257 3931 2481 3979 observa-

334 4009 584 4074 pmdicea.
610 4013 659 4059 J.
679 4014 742 4060 V.
765 4014 821 4059 L.
1456 4027 1536 4063 tur
1568 4013 1902 4071 consuetudo,
1928 4028 2075 4076 quam
2108 4011 2365 4058 observare
2402 4027 2481 4056 so-

417 4106 466 4148 7.
484 4089 975 4138 Remaneiatdrritam
1006 4089 1217 4137 declarat
1240 4091 1367 4155 prio-
1455 4091 1560 4142 lent
1589 4093 1835 4152 consules,
1877 4103 1969 4140 etc.
2005 4105 2154 4154 quum
2200 4090 2330 4137 bona
2365 4106 2481 4135 ven-

346 4181 556 4215 remnse
578 4183 688 4215 cum
709 4169 826 4232 ipsis
847 4168 1022 4216 saetam
1053 4168 1363 4220 decisionem.
1456 4172 1579 4220 dunt
1635 4188 1831 4234 eorum,
1877 4171 1992 4234 qui,
2046 4169 2219 4217 locatis
2269 4167 2481 4234 publicis
