3044 4788
617 448 756 518 388
1396 444 1961 515 EXCURSUS

612 572 694 636 ad
727 568 924 659 pedes
957 585 1139 633 erant
1169 567 1391 631 scriba!
1415 585 1481 631 et
1506 567 1789 648 accensi;
1820 566 1950 648 illi,
1975 582 2054 630 ut
2086 566 2154 629 in
2189 567 2433 632 tabulas
2459 568 2764 634 actiones

614 679 961 758 referrent3
996 676 1098 756 hi,
1127 691 1203 739 ut
1234 670 1586 761 litigatores
1613 675 1923 737 citarent:
1960 672 2267 737 lictorum
2298 696 2453 737 usus
2484 690 2659 754 erat,
2683 690 2764 738 ut

610 798 1015 864 coercerent,
1071 795 1187 843 aut
1234 794 1745 843 summoverent.
1810 778 1967 858 Ejus
2025 779 2333 843 lateribus
2381 778 2762 843 assidebant

610 890 727 953 viri
765 886 1123 977 prudentes
1157 882 1406 959 decem,
1432 883 1729 970 quinque
1754 898 2103 965 senatores,
2139 900 2207 948 et
2233 883 2530 972 quinque
2561 886 2759 972 equi-

609 1012 707 1059 tes
728 1042 748 1075 ,
786 1012 954 1080 quos
981 990 1053 1052 in
1087 987 1431 1052 consilium
1477 986 1827 1051 adhibebat
1869 990 1990 1050 nec
2027 1004 2206 1052 sorte
2228 1036 2247 1071 ,
2307 1011 2431 1054 nec
2481 989 2754 1054 arbitrio

609 1121 771 1178 suo;
808 1095 921 1160 sed
955 1094 1112 1159 certi
1148 1109 1332 1157 erant
1358 1108 1426 1156 et
1465 1093 1799 1181 perpetui,
1838 1092 2104 1157 «decem
2138 1095 2258 1157 viri
2302 1093 2525 1160 litibus
2568 1096 2754 1177 judi-

608 1201 830 1267 mndis
860 1200 1229 1290 appellatis».
1265 1199 1556 1264 Raevard.
1583 1199 1863 1263 Protrih.
1887 1221 2026 1287 cap.
2057 1199 2156 1264 18.

694 1307 990 1372 Praetoris
1017 1304 1366 1386 judicantis
1389 1304 1669 1392 insignia
1692 1319 1906 1387 erant,
1927 1321 2164 1393 praeter
2192 1306 2557 1387 ministros,
2581 1330 2749 1395 prae—

608 1429 809 1494 texta,
848 1412 999 1477 sella
1039 1410 1313 1490 curulis,
1352 1409 1535 1473 hasta
1567 1424 1634 1472 et
1676 1407 1951 1497 gladius.

689 1519 1029 1599 Proetexta,
1062 1533 1212 1605 toga
1243 1515 1372 1579 fuit
1404 1538 1558 1579 cum
1586 1515 1792 1580 limbo
1821 1538 2164 1605 purpureo
2189 1533 2528 1607 praetexto,
2549 1519 2748 1607 <inam

606 1624 891 1689 kalendis
916 1623 1227 1706 jan'uariis
1247 1623 1314 1685 in
1334 1620 1683 1710 Capitolio,
1705 1623 1874 1686 votis
1899 1623 2300 1689 solemnibus
2330 1628 2749 1714 nuncupatis,

605 1730 951 1795 sumebant
999 1750 1134 1792 una
1167 1749 1320 1791 cum
1359 1728 1591 1791 ceteris
1623 1727 2029 1816 insignibus3
2067 1728 2250 1817 quod
2276 1729 2367 1793 eis
2394 1753 2750 1795 commune

600 1859 865 1924 quoque
884 1857 1036 1898 cum
1055 1832 1435 1897 consulibus
1462 1833 1607 1897 fuit.
1633 1832 1797 1898 Sella
1817 1832 2084 1916 curulis,
2101 1835 2224 1899 fuit
2250 1834 2407 1900 sella
2433 1835 2748 1920 eburnea,

599 1964 727 2028 qua
762 1941 830 2003 in
861 1937 1126 2027 publico
1161 1951 1227 2000 et
1261 1938 1511 2024 privato
1543 1936 1722 2018 loco,
1774 1935 2043 2001 sedendi
2090 1961 2312 2022 musa,
2356 1940 2744 2006 utebantur.

601 2048 798 2110 Hasta
830 2060 896 2108 et
933 2040 1183 2132 gladius
1217 2043 1510 2129 praetoris
1545 2043 1814 2107 fuerunt
1853 2043 2144 2131 insigne3
2194 2046 2333 2130 illa,
2366 2044 2449 2111 ad
2471 2046 2746 2127 jurisdi-

600 2152 913 2229 ctionem,
950 2146 1130 2236 quod
1168 2171 1248 2212 ex
1283 2170 1363 2211 eo
1396 2165 1698 2237 apparet,
1737 2150 1890 2237 quia
1921 2172 2221 2215 censores
2255 2174 2523 2241 quoque
2553 2154 2740 2219 hasta

605 2254 811 2343 posita
851 2252 1178 2342 vectigalia
1227 2252 1486 2341 publica
1537 2255 1962 2319 locaverunt:
2023 2255 2169 2339 hic,
2214 2256 2298 2321 ad
2351 2257 2700 2346 imperium
2721 2309 2742 2341 ,

606 2362 738 2425 sive
779 2357 861 2423 ad
909 2359 1337 2447 quaestionem
1392 2358 1899 2450 significandam.
1955 2361 2177 2450 Sigon.
2221 2360 2303 2427 de
2332 2362 2482 2429 Jud.
2523 2363 2634 2430 lib.
2667 2367 2739 2450 1,

610 2490 749 2557 cap.
787 2491 848 2556 7.

697 2575 1007 2640 Proetores
1041 2575 1273 2639 urbani
1298 2575 1746 2665 magistratum
1774 2573 2078 2641 ineuntes
2120 2576 2363 2666 (hahita
2385 2579 2745 2664 concione,

605 2700 672 2745 et
700 2682 894 2762 jurati
923 2683 990 2745 in
1023 2681 1215 2770 leges.
1249 2682 1381 2746 Cic.
1421 2681 1504 2746 de
1535 2684 1679 2747 Fin.
1703 2683 1800 2765 ΙΙ,
1835 2685 1946 2770 74)
1987 2682 2307 2770 edictum,
2334 2697 2452 2750 ‘seu
2487 2687 2741 2750 formu-

607 2787 734 2851 lam
756 2786 918 2866 juris
947 2784 1205 2849 dicendi
1228 2787 1687 2874 proponebant
1717 2787 1784 2849 in
1810 2787 1990 2870 alho,
2032 2788 2164 2854 hoc
2195 2806 2322 2873 est,
2363 2791 2434 2853 in
2477 2792 2694 2856 tabula
2721 2840 2741 2874 ,

605 2917 722 2957 seu
751 2893 973 2956 charta
1003 2915 1278 2980 expansa
1312 2892 1593 2981 (Ulpian.
1621 2895 1864 2982 Digest.
1893 2895 1956 2958 ΙΙ
1973 2942 1993 2976 ,
2035 2918 2093 2978 1,
2122 2896 2190 2984 7)
2225 2896 2534 2961 tribunali
2576 2921 2745 2986 prae-

611 3000 767 3064 toris
812 2997 985 3088 affigi
1041 2999 1259 3081 solita,
1308 3016 1382 3064 ut
1430 2998 1584 3063 inde
1632 3001 1923 3088 populus
1975 3002 2359 3093 intelligeret
2405 3002 2586 3091 quod
2635 3005 2743 3084 jus

614 3120 848 3191 praetor
884 3125 1065 3167 anno
1110 3126 1233 3167 suo
1271 3103 1566 3169 dicturus
1609 3119 1778 3168 esset
1813 3104 1895 3170 de
1921 3107 2129 3171 causis
2161 3107 2244 3172 ad
2275 3131 2460 3173 suam
2488 3109 2745 3189 jurisdi-

610 3210 893 3274 ctionem
922 3207 1436 3298 pertinentibus3
1469 3225 1699 3297 utpote
1736 3208 1817 3274 de
1859 3213 2257 3277 testamentis
2288 3214 2447 3301 (Cic.
2461 3215 2643 3279 Verr.
2673 3218 2742 3298 1,

612 3315 723 3401 45)
744 3365 763 3397 ,
794 3314 876 3379 de
907 3312 1407 3394 hereditatibus,
1443 3335 1723 3400 quarum
1761 3317 1990 3404 petitio
2027 3317 2098 3382 ¹et
2130 3320 2452 3406 possessio
2496 3343 2534 3383 a
2575 3344 2744 3409 prae-

614 3437 754 3484 tore
785 3419 1098 3510 postulari
1132 3418 1427 3482 solebant
1482 3418 1662 3501 (ibid.
1693 3421 1927 3509 ‘²4¹0‘
1988 3421 2086 3486 de·
2114 3425 2405 3511 pecuniis
2453 3425 2741 3506 creditis,

608 3523 1228 3611 emancipationibus
1251 3571 1269 3605 ,
1297 3522 1534 3606 tutelis,
1564 3525 1884 3607 vindiciis,
1921 3529 2562 3612 manumissionibus,
2585 3552 2743 3619 pos-

611 3628 1039 3710 sessionibus,
1071 3628 1386 3693 limitibus
1407 3675 1424 3709 ‚
1477 3644 1545 3692 et
1577 3629 1711 3695 aliis
1756 3654 1901 3718 quae
1929 3633 2178 3720 privato
2204 3635 2561 3722 Quiritium
2591 3636 2739 3716 jure

488 3741 493 3746 ”
607 3733 1043 3796 continentur.
1099 3733 1361 3796 Etenim
1417 3755 1553 3796 non
1610 3736 1699 3798 ita
1753 3737 1944 3801 scribi
2002 3754 2352 3826 potuerant
2412 3741 2618 3829 leges,
2664 3756 2742 3803 ut

605 3859 866 3919 omnes,
896 3837 1011 3923 qui
1044 3837 1334 3901 accidere
1366 3840 1652 3926 possint,
1692 3864 1876 3906 casus
1914 3846 2522 3933 complecterentur.
2560 3846 2737 3908 Varii

606 3967 770 4032 saepe
803 3941 1242 4031 emergebant,
1277 3944 1391 4031 qui
1422 3960 1536 4008 aut
1579 3947 1775 4011 nimia
1808 3948 2225 4036 antiquarum
2257 3950 2478 4039 legum
2501 3951 2736 4014 severi-

603 4067 733 4114 tate
761 4047 1241 4132 obruebantur,
1289 4067 1404 4115 aut
1437 4050 1613 4114 nulla
1645 4051 1788 4142 lege
1821 4053 2241 4135 cavebantur,
2289 4072 2405 4120 aut
2453 4055 2735 4144 denique

599 4159 666 4220 in
712 4153 951 4243 quibus
998 4154 1119 4219 nisi
1165 4154 1409 4245 aliquid
1447 4155 1925 4239 detraheretur,
1972 4175 2085 4223 aut
2120 4161 2529 4249 suppleretur
2559 4162 2719 4250 legi,
