3044 4788
686 420 892 513 xxviij
1475 419 2012 487 PRAEFATIO

500 518 503 523 .
602 604 607 609 ἴ
689 546 742 613 si
781 541 982 638 quod
1022 537 1400 610 afferretur
1434 538 1525 609 ad
1560 564 1724 609 eum
1759 563 1893 635 pro
1934 538 2127 609 dicto
2165 540 2566 627 Ciceronis,
2608 498 2815 637 quod

685 654 839 744 ejus
875 673 1026 719 non
1062 663 1281 734 esset,
1339 649 1637 742 rejicere
1675 649 1954 719 soleret.
1997 651 2330 745 Denique
2364 653 2612 769 negari
2654 677 2811 722 non

686 778 924 861 potest
953 762 1156 854 jocos
1192 787 1358 831 eum
1390 763 1662 831 utiliter
1695 760 2108 833 adhibuisse
2138 787 2365 858 quum
2402 738 2813 835 nocentissi-

681 896 839 943 mos
885 885 1229 953 tueretur,
1267 884 1340 940 et
1375 871 1746 941 victoriam
1776 872 1954 964 J'ocis
2002 871 2345 968 adeptum
2395 872 2658 945 fuisse:
2702 880 2812 946 uti

682 1006 817 1078 pro
837 980 1101 1061 Coeli0;
1123 1002 1256 1075 pro
1284 982 1363 1047 L.
1390 978 1642 1048 Flacco
1664 1032 1683 1063 ,
1705 1010 1737 1043 «
1756 1004 1976 1074 quem
2012 980 2576 1078 repetundarum
2601 1010 2808 1056 reum

673 1091 821 1183 joci
850 1090 1392 1185 opportunitate
1418 1086 2009 1158 manifestissimis
2037 1089 2803 1164 criminibusexemit».

677 1195 996 1268 Macrob.
1025 1202 1306 1267 Saturn.
1335 1200 1436 1281 ΙΙ,
1476 1222 1532 1265 ι.
1563 1202 1807 1266 Exstat
1836 1221 1969 1293 pro
1997 1198 2248 1268 Flacco
2278 1201 2508 1271 oratio
2541 1229 2556 1271 ε
2596 1202 2809 1296 jocus

679 1332 824 1378 non
848 1320 1091 1377 exstat.
1127 1305 1261 1375 Sed
1284 1305 1465 1374 nihil
1494 1305 1818 1400 estquod
1847 1308 2209 1376 miremur.
2228 1312 2371 1378 Aut
2389 1311 2583 1379 enim
2604 1327 2807 1396 ante,

674 1433 801 1487 aut
842 1429 1164 1513 perorata
1208 1437 1460 1499 causa,
1496 1416 1572 1483 in
1608 1414 2014 1484 altercando
2062 1417 2430 1510 conJ‘ectus
2481 1435 2630 1504 est;
2680 1436 2810 1491 aut

676 1552 869 1610 eum,
887 1548 1115 1622 quum
1135 1524 1322 1594 hanc
1346 1523 1748 1593 orationem
1764 1541 2331 1619 recognosceret,
2351 1528 2615 1621 rejecit.
2637 1532 2807 1599 Non

675 1639 861 1708 enim
894 1636 1169 1708 Tullius
1204 1632 1452 1730 quales
1481 1630 1697 1720 dixit,
1749 1634 1922 1703 tales
1953 1633 2178 1705 edidit
2210 1661 2372 1706 suas
2403 1639 2806 1720 orationeS,

602 1824 605 1829 ,
671 1764 743 1817 et
781 1749 838 1817 si
876 1769 1188 1843 persaepe
1226 1742 1423 1813 domi
1472 1741 1847 1813 meditatas
1892 1745 1966 1812 in
2004 1743 2162 1814 foro
2199 1744 2288 1816 de
2319 1751 2586 1844 scripto
2621 1752 2805 1819 reci-

672 1862 845 1928 tavit
864 1911 883 1940 ,
907 1872 1142 1925 tamen
1181 1867 1566 1948 antequam
1599 1877 1714 1923 eas
1739 1857 1813 1922 in
1837 1852 2210 1949 publicum
2241 1857 2598 1927 emitteret
2620 1910 2638 1942 ,
2663 1861 2805 1927 sin-

672 1967 873 2063 gulas
889 1963 1292 2034 retractavit
1322 1987 1488 2033 sane
1517 1961 2189 2059 diligenter3neque
2219 1965 2371 2061 ipse
2395 1966 2658 2051 solum,
2676 1968 2805 2038 sed

673 2093 744 2148 et
777 2079 1053 2145 Atticus
1088 2073 1504 2143 limatissimi
1529 2072 1777 2166 judicii
1816 2075 1942 2154 vir,
1980 2076 2096 2142 cui
2131 2097 2247 2143 eas
2281 2074 2556 2145 Tullius
2596 2102 2802 2147 reco-

670 2183 1115 2284 gnoscendas
1150 2181 1387 2252 dabat.
1420 2187 1670 2277 Itaque
1699 2181 1922 2251 multa
1951 2182 2140 2252 dicta
2167 2199 2340 2254 sunt
2359 2183 2447 2253 ab
2474 2210 2562 2255 eo
2583 2241 2603 2273 ,
2636 2212 2805 2284 quae

673 2320 823 2365 non
862 2305 1278 2390 comparent
1309 2291 1383 2359 in
1424 2287 1534 2359 his
1574 2314 1753 2384 quas
1788 2290 2140 2361 habemus
2169 2294 2618 2365 orationibus
2651 2323 2665 2365 ε
2700 2313 2806 2369 at-

671 2431 818 2502 que
843 2404 1066 2473 multa
1094 2404 1165 2472 in
1196 2401 1307 2471 his
1330 2400 1548 2470 hodie
1569 2400 2096 2498 leguntur,quae
2122 2403 2193 2471 in
2217 2401 2375 2474 foro
2397 2430 2801 2503 numquam

676 2516 1143 2613 pronuntiata
1185 2526 1380 2583 sunt.

769 2631 980 2695 Jocos
1015 2623 1379 2692 Ciceronis
1416 2621 1755 2694 collectos
1794 2622 2066 2694 habent
2094 2625 2489 2697 nonnullos
2507 2630 2802 2715 Quinti-

674 2737 945 2820 lianus,
1005 2729 1424 2802 Plutarchus
1486 2731 1564 2798 in
1620 2733 1983 2803 Ciceronis
2032 2734 2212 2813 vita,
2276 2749 2348 2803 et
2385 2734 2802 2808 Macrobius

674 2851 813 2916 Sat.
862 2848 961 2928 II,
1007 2840 1073 2911 3.
1125 2839 1261 2910 Sed
1312 2839 1463 2908 haec
1506 2856 1775 2935 quanta
1819 2865 1983 2938 pars
2024 2867 2273 2912 eorum
2314 2869 2500 2940 quos
2541 2844 2806 2918 effudit

676 2955 899 3023 homo
940 2953 1015 3020 in
1054 2950 1233 3045 jocis
1269 2947 1727 3019 uberrimus?

772 3063 933 3129 Dixi
973 3058 1063 3129 de
1107 3057 1430 3128 moribus
1469 3072 1543 3127 et
1585 3056 1675 3127 de
1711 3060 2001 3153 ingenio
2028 3062 2426 3148 Ciceronis3
2464 3078 2534 3134 et
2577 3090 2798 3161 quam

675 3175 919 3266 inepte
945 3171 1022 3237 in
1050 3172 1150 3239 eis
1173 3166 1744 3263 reprehendatur
1772 3171 1876 3236 vir
1899 3193 2220 3240 summus
2241 3225 2260 3257 ,
2289 3171 2797 3245 demonstravi.

679 3281 1021 3377 Sequitur
1051 3292 1132 3347 ut
1172 3277 1260 3346 de
1299 3275 1659 3346 scribendi
1695 3280 1971 3349 ratione
2010 3304 2155 3373 qua
2200 3295 2305 3350 est
2338 3306 2548 3370 usus,
2597 3300 2670 3355 et
2706 3287 2800 3358 de

677 3415 940 3488 genere
975 3387 1163 3457 illius
1198 3385 1624 3481 eloquentiae
1648 3440 1666 3470 ,
1699 3412 1915 3482 quam
1959 3391 2107 3458 suis
2143 3387 2555 3464 adversariis
2584 3398 2800 3466 etiarn

680 3525 827 3570 non
868 3495 1200 3596 probavit
1223 3547 1242 3580 ,
1277 3495 1612 3565 dicamus.
2391 3488 2399 3495 ’

770 3643 804 3676 «
828 3617 994 3680 Erat
1021 3611 1096 3678 in
1125 3609 1473 3678 Cicerone
1501 3610 1798 3679 comitas
1822 3635 2134 3698 summa3
2175 3629 2328 3684 erat
2354 3621 2655 3711 gravitas
2674 3673 2694 3702 ,
2726 3637 2801 3692 et

674 3736 839 3794 cum
874 3720 1213 3818 gravitate
1238 3718 1534 3812 junctus
1563 3717 1978 3789 facetiarum
2009 3736 2081 3790 et
2110 3723 2803 3800 urbanitatisorato-

670 3841 821 3907 rius
840 3890 860 3920 ,
891 3858 1040 3903 non
1068 3830 1383 3901 scurrilis
1410 3829 1613 3927 lepos
1634 3859 1701 3899 »:
1738 3856 1905 3901 nam
1934 3836 2137 3905 sicin
2169 3829 2390 3909 Bruto
2425 3863 2500 3909 se
2530 3840 2800 3914 descri-

670 3947 841 4016 bere
885 3940 1019 4013 sub
1057 3941 1287 4010 Crassi
1328 3964 1672 4036 persona,
1713 3955 2056 4037 putatur:
2107 3952 2331 4016 «Erat
2372 3974 2677 4020 acumen
2721 3959 2799 4024 in

618 4039 623 4046 ⁵
669 4054 884 4127 rebus
928 4048 1415 4129 inveniendis,
1476 4063 1774 4119 ornatus
1827 4054 1899 4120 in
1950 4054 2422 4151 explicandi53
2500 4084 2801 4156 peracre

669 4166 1077 4260 ingenitum
1136 4184 1272 4227 vox
1336 4183 1590 4229 canora
1647 4176 1718 4229 et
1773 4163 2037 4251 suavis;
2093 4180 2334 4259 gestus
2389 4171 2754 4246 excellens
2782 4204 2800 4263 ;
