3044 4788
2216 212 2226 245 l

306 459 2413 499 §mmmmmmmmmfflmmmmfflmmwam

873 659 1941 821 Exco-RSUS‘

769 926 901 990 DE
973 874 1488 992 PRAE'roRE
1558 929 1992 1017 URBANO.

1154 1108 1622 1142 ψ

401 1266 735 1332 Pam-oms
767 1281 1011 1330 nomen
1044 1265 1334 1348 ejusdem
1363 1269 1566 1332 ferme
1597 1292 1750 1336 cum
1772 1274 1946 1341 Urbe
1978 1289 2076 1344 est
2098 1282 2446 1373 antiquita-

311 1374 412 1439 tis.
446 1374 715 1437 Veteres
757 1372 970 1436 Latini
1016 1394 1282 1436 omnem
1332 1374 1812 1463 magistratum,
1855 1383 1963 1446 cui
1996 1405 2245 1472 pareret
2277 1414 2450 1457 exer·

238 1548 253 1557 ‚
309 1480 505 1560 citus,
538 1502 576 1542 a
607 1477 924 1566 praeundo
944 1526 962 1559 ‚
984 1494 1343 1567 praetorem
1381 1481 1883 1570 appellaverunt.
1907 1487 2111 1555 Varro
2143 1492 2226 1559 de
2260 1498 2445 1589 Ling.

310 1584 446 1647 Lat.
471 1575 583 1647 IV.
603 1585 830 1671 Itaque
854 1583 1178 1665 consules,
1191 1605 1391 1671 penes
1417 1608 1584 1673 quos
1608 1607 1944 1658 summum
1969 1593 2120 1661 belli
2141 1602 2450 1691 pacisque

308 1687 660 1775 imperium
693 1704 855 1769 erat,
888 1688 1078 1753 initio
1110 1705 1419 1776 praetores
1451 1689 1856 1761 dicebantur.
1881 1697 2066 1765 Idem
2097 1704 2272 1792 apud
2307 1708 2448 1774 No-

312 1793 518 1858 nium.
553 1794 722 1858 Hinc
770 1793 952 1859 ducis
995 1794 1487 1860 tabernaculum
1529 1800 1943 1886 proetorium3
1990 1822 2055 1870 et
2099 1808 2167 1872 in
2224 1815 2446 1879 castris

308 1915 524 1986 porta,
555 1923 699 1988 quae
737 1899 820 1965 ad
849 1901 1227 1989 praetorium
1262 1904 1621 1991 spectabat,
1657 1910 1957 1994 praetoria
1981 1915 2442 2002 appellabatur.

264 2014 267 2019 ’
396 2003 626 2069 Postea
658 2027 814 2069 vero
848 2028 1058 2094 quum
1090 2028 1257 2095 saepe
1289 2005 1472 2072 bellis
1503 2009 1959 2099 avocarentur,
2005 2040 2127 2084 nec
2173 2041 2342 2089 esset
2371 2026 2442 2090 in

307 2103 471 2173 urbe
497 2111 611 2198 qui
632 2111 740 2191 jus
782 2108 1053 2194 diceret,
1093 2112 1432 2200 peculiaris
1461 2117 1872 2205 magistratus
1900 2120 1960 2185 ei
1985 2124 2078 2187 rei
2104 2126 2444 2196 institutus

307 2232 435 2297 est,
472 2216 587 2304 qui
636 2215 895 2281 assidue
931 2215 1040 2296 jus
1093 2218 1164 2281 in
1210 2218 1389 2284 Urbe
1440 2218 1718 2306 diceret,
1769 2241 1836 2290 et
1869 2230 2141 2317 proprio
2177 2236 2444 2301 nomine

307 2338 545 2411 praetor
574 2322 1025 2411 appellaretur.
1063 2323 1263 2388 Initio
1296 2347 1469 2388 unus
1506 2344 1760 2394 creatus
1792 2347 1923 2416 est5
1958 2335 2073 2422 qui
2106 2337 2302 2406 rebus
2333 2340 2444 2423 ju-

305 2425 596 2491 dicandis
633 2427 1029 2511 sufficiebat3
1054 2427 1265 2493 dictus
1301 2429 1544 2521 collega
1576 2435 1960 2519 consulum,-
1994 2442 2174 2527 quod
2210 2445 2441 2513 iisdem

305 2531 608 2620 auspiciis
649 2547 991 2596 crearetur.
1026 2533 1102 2597 T.
1136 2533 1274 2598 Liv.
1298 2528 1458 2617 VII,
1494 2559 1551 2601 1.
1584 2538 1658 2602 A.
1681 2537 1854 2610 Gen.
1889 2542 2080 2627 XIII,
2119 2550 2218 2625 14.
2253 2550 2441 2641 Pigh.

305 2634 388 2699 ad
416 2659 664 2700 annum
692 2635 840 2725 387.
1260 2719 1261 2722 Ἴ

395 2742 622 2825 Quum
652 2763 808 2805 vero
852 2743 1163 2809 crescenti
1200 2741 1615 2835 negotiorum
1656 2741 1814 2815 moli
1855 2745 2161 2845 deinceps
2203 2779 2441 2847 praetor

303 2869 478 2912 unus
517 2871 652 2912 non
692 2847 1049 2931 sufficeret,
1089 2850 1243 2913 huic
1283 2851 1534 2940 collega
1564 2852 1908 2935 adjunctus
1947 2878 2075 2946 est,
2115 2864 2280 2930 circa
2320 2891 2438 2933 an·

306 2977 467 3019 num
498 2952 657 3018 510:
679 2954 771 3018 ita
800 2970 876 3018 ut
909 2955 1000 3019 illi
1031 2957 1232 3020 veteri
1252 2955 1621 3037 jurisdictio
1653 2960 1822 3026 inter
1853 2965 2022 3030 cives
2048 2953 2221 3044 solos
2247 2974 2441 3038 relin-

304 3074 634 3147 queretur,
660 3074 724 3122 et
738 3057 826 3123 ob
846 3079 988 3123 eam
1005 3082 1146 3123 rem
1167 3077 1402 3148 praetor
1424 3061 1715 3129 urbanus
1731 3086 2108 3155 vocaretur3
2145 3075 2253 3141 hic
2281 3100 2438 3144 vero

306 3179 514 3228 novus
559 3164 868 3252 quoniam
910 3166 1401 3254 peregrinorum
1423 3217 1442 3250 ,
1490 3192 1774 3258 quorum
1824 3176 2179 3243 multitudo
2231 3184 2436 3265 major

305 3262 372 3332 in
412 3261 547 3333 dies
579 3269 645 3332 in
671 3268 918 3333 Urbem
957 3268 1360 3354 confluebat,
1406 3295 1629 3340 causas
1662 3298 2113 3367 cognosceret,
2147 3288 2433 3377 peregri-

302 3393 427 3438 nus
453 3371 918 3438 nominaretur.
946 3373 1109 3456 Quae
1141 3374 1469 3464 distinctio
1500 3382 1850 3448 nominum
1873 3385 2039 3450 ultra
2064 3388 2434 3478 reipublicae

302 3494 591 3567 tempora
642 3477 916 3545 duravit.
967 3479 1099 3543 Liv.
1151 3481 1319 3569 Epit.
1358 3505 1457 3570 19.
1505 3481 1691 3576 Pigh.
1738 3487 1896 3554 ibid.
1935 3492 2435 3564 Honoratiorem

299 3585 635 3674 peregrina
662 3585 977 3650 urbanam
1009 3586 1208 3652 fuisse
1240 3604 1588 3678 praeturam
1625 3610 1878 3659 constat
1903 3611 2044 3662 tum
2060 3622 2137 3664 ex
2154 3603 2431 3692 Appian.

298 3689 451 3754 Bell.
479 3691 617 3755 civ.
641 3691 740 3773 Il,
776 3706 918 3755 tum
947 3715 1026 3756 ex
1056 3715 1170 3774 eo,
1211 3703 1272 3758 1⁰
1304 3694 1485 3782 quod
1519 3700 1780 3785 praetori
1817 3705 2167 3794 peregrino
2192 3708 2432 3776 civium

299 3817 521 3862 causas
552 3817 946 3885 cognoscere
980 3820 1115 3862 non
1150 3797 1408 3882 liceret,
1456 3802 1584 3866 nisi
1616 3803 1687 3867 hi
1722 3827 1875 3870 cum
1912 3812 2270 3901 peregrinis
2300 3815 2433 3880 liti·

296 3914 556 3990 garent3
603 3904 674 3964 2⁰
700 3900 882 3990 quod
916 3901 1090 3991 apud
1124 3925 1276 3967 eum
1310 3905 1450 3995 lege
1486 3930 1622 3972 non
1665 3929 1994 4000 ageretur3
2039 3915 2103 3980 3⁶
2133 3918 2436 4006 quodex

298 4003 531 4085 edicto,
574 4004 754 4093 quod
784 4021 1024 4093 praetor
1049 4007 1341 4073 urbanus
1373 4011 1440 4074 in
1470 4012 1619 4077 albo
1644 4018 2055 4104 proponebat
2079 4020 2162 4085 de
2194 4025 2435 4111 quibus

296 4107 490 4176 rebus
549 4111 672 4175 suo
732 4133 907 4176 anno
963 4111 1068 4192 jus
1127 4131 1292 4181 esset
1346 4115 1637 4184 dicturus
1657 4167 1674 4200 ,
1717 4122 1824 4200 jus
1869 4122 2084 4189 dicere
2130 4126 2431 4214 deberet3

491 4224 546 4290 Ῑ,
601 4232 696 4281 Cic.
710 4251 824 4298 pars
852 4236 1069 4284 secunda.
2149 4231 2240 4302 25
