3044 4788
282 477 1490 504 mmmmm-mmmm
1494 478 1644 497 mu
1648 475 1768 497 m
1772 476 2414 497 mmm-mmm

771 634 1936 767 ΑΒΟΠΜΕΝΤΗΜ1

862 875 982 944 As
998 874 1306 944 CONII
1368 873 1826 942 PEDIANI.

279 1049 570 1128 Deinceps
613 1048 737 1106 haec
786 1046 982 1105 omnia
1029 1066 1150 1105 non
1200 1046 1380 1120 dicta,
1417 1046 1519 1105 sed
1561 1046 1776 1125 scripta
1815 1058 1951 1104 sunt
1993 1056 2200 1104 contra
2243 1063 2412 1103 eum:

357 1144 521 1225 quod
568 1145 650 1204 ita
688 1144 904 1204 factum
942 1154 1047 1202 est.
1096 1142 1291 1221 Fingit
1330 1143 1538 1202 Cicero
1579 1142 1778 1201 adesse
1816 1141 1878 1200 in
1915 1139 2138 1218 judicio
2172 1145 2416 1200 Verrem

357 1240 973 1322 comperendinatum,
1001 1254 1061 1299 et
1084 1239 1441 1318 respondere
1470 1239 1712 1299 citatum
1743 1252 1802 1297 et
1829 1238 2081 1297 defendi.
2110 1245 2177 1297 In
2209 1239 2416 1297 ceteris

355 1342 511 1401 enim
537 1337 900 1398 orationibus
926 1336 1200 1397 defensor
1226 1337 1488 1408 futurus,
1522 1336 1903 1395 accusationis
1934 1335 2190 1394 officium
2218 1335 2309 1393 his
2343 1335 2418 1393 li-

355 1438 512 1513 bris,
543 1438 647 1517 qui
662 1437 1043 1497 Verrinarum
1071 1435 1307 1495 nomine
1336 1447 1770 1513 nuncupantur,
1803 1452 2180 1513 compensare
2209 1433 2416 1491 decre-

358 1535 480 1609 vit,
519 1549 579 1594 et
614 1534 891 1613 quoniam
928 1552 1201 1593 accusare
1241 1533 1456 1591 multos
1497 1531 1840 1591 indecorum
1862 1529 2059 1590 Tullio
2087 1528 2422 1599 videbatur,-

356 1631 421 1689 in
451 1650 571 1693 una
597 1651 766 1695 causa
786 1631 908 1689 vim
933 1628 1107 1707 hujus
1136 1630 1277 1688 artis
1303 1642 1364 1688 et
1389 1628 1781 1707 eloquentiam
1812 1627 2229 1686 demonstrare.
2267 1631 2416 1685 Nam

360 1742 422 1789 et
451 1728 603 1788 bene
636 1728 1018 1811 intelligentes
1039 1748 1272 1787 omnem
1298 1729 1573 1786 virtutem
1606 1727 1920 1785 oratoriam
1951 1744 2331 1804 quaecumque
2357 1723 2418 1781 in

359 1824 858 1886 criminationibus
885 1826 1199 1886 constituta
1224 1839 1341 1897 est,
1372 1826 1469 1884 hic
1498 1844 1829 1904 expressam
1854 1823 2084 1895 vident,
2128 1835 2187 1880 et
2211 1834 2416 1880 contra

358 1943 435 1983 ex
472 1924 587 1982 hoc
626 1923 1030 1983 defensionum
1065 1925 1185 1982 vim
1231 1924 1293 1982 in
1336 1924 1544 1982 ceteris
1580 1920 1944 1982 orationibus
1971 1933 2032 1979 et
2056 1939 2269 1978 nervos
2295 1918 2418 1997 ejus

356 2041 431 2080 ex
457 2020 569 2079 hae
589 2020 805 2079 virtute
832 2033 1216 2100 cognoscunt,
1244 2040 1376 2099 quae
1396 2020 1459 2078 in
1489 2017 1879 2099 opprimendo
1907 2017 2256 2097 exprimitur
2278 2034 2416 2088 reo;

355 2116 535 2194 igitur
564 2136 763 2176 rerum
801 2137 974 2176 scena
1007 2117 1089 2176 sic
1125 2116 1277 2175 facta
1313 2129 1426 2188 est,
1468 2129 1538 2175 ut
1582 2115 1723 2174 dicit
1748 2114 2009 2185 Tullius,
2059 2135 2176 2174 non
2223 2128 2415 2173 autem

354 2228 485 2274 acta
508 2234 602 2274 res
629 2227 735 2274 est.
763 2214 976 2286 Adest,
999 2213 1219 2293 inquit,
1238 2218 1479 2285 Verres,
1505 2212 1849 2292 respondet,
1874 2212 2227 2272 defenditur.
2262 2216 2419 2291 Ergo

355 2330 538 2389 quum
589 2311 781 2391 prima
826 2312 1056 2370 actione
1106 2322 1407 2369 accusatus
1457 2311 1534 2368 sit
1571 2329 1639 2368 ac
1675 2309 1946 2368 defensus
1965 2314 2216 2378 Verres,
2260 2328 2420 2368 nunc

354 2410 519 2467 velut
545 2409 815 2468 defensus
852 2409 1062 2467 iterum
1098 2408 1203 2488 (sic
1245 2408 1401 2467 enim
1441 2428 1570 2467 mos
1610 2413 1786 2480 erat),
1835 2407 1895 2465 in
1932 2407 2114 2465 altera
2154 2407 2384 2466 actione
2406 2450 2423 2478 ,

356 2518 664 2563 accusatur
689 2504 763 2563 ad
791 2506 1057 2565 ultimum
1091 2525 1292 2564 rursus
1323 2505 1588 2566 oratione
1615 2517 1921 2583 perpetua.
1959 2504 2216 2562 Crimina
2243 2523 2419 2582 repe-

358 2598 703 2672 tundarum,
740 2613 797 2659 et
840 2602 953 2661 alia
989 2603 1272 2681 pleraque
1311 2622 1383 2661 ex
1433 2615 1698 2661 anteacta
1736 2601 1855 2660 vita
1903 2620 2055 2679 saepe
2095 2600 2416 2657 firmantur.

355 2698 617 2760 Sumitur
643 2697 817 2758 etiani
846 2700 983 2758 hinc
1016 2720 1168 2780 saepe
1204 2701 1482 2760 defensio.
1519 2700 1719 2759 Omnis
1752 2699 1908 2758 enim
1943 2698 2307 2756 confirmatio
2341 2695 2416 2756 ab

354 2794 651 2855 attributis
685 2815 946 2872 personae
988 2809 1047 2855 et
1074 2798 1314 2877 negotio
1353 2796 1504 2856 sumi
1544 2797 1710 2855 solet.
1753 2799 1909 2874 Ergo
1953 2793 2235 2855 attributa
2269 2814 2414 2872 per-

354 2911 512 2951 sonae
539 2892 786 2951 maxime
813 2891 875 2950 in
905 2906 1167 2952 anteacta
1198 2894 1319 2952 vita
1352 2893 1536 2973 quaeri
1580 2893 1798 2965 solent,
1845 2891 2143 2971 negotium
2186 2891 2247 2949 in
2283 2891 2420 2970 ipso

353 2989 616 3048 crimine.
642 2988 855 3049 Libros
889 2989 1066 3069 igitur
1100 3010 1211 3070 pro
1243 2991 1522 3069 qualitate
1562 2990 1865 3050 criminum
1890 2971 2114 3048 Tullius
2147 2988 2419 3047 dividens

355 3085 633 3144 anteactis
659 3106 837 3144 unum
869 3085 1062 3160 dedit,
1102 3087 1260 3146 hunc
1299 3088 1516 3147 scilicet
1553 3089 1776 3156 solum;
1823 3086 2050 3145 crimini
2095 3086 2208 3164 ipsi
2248 3105 2420 3164 repe-

358 3181 675 3241 tundarum
706 3197 962 3262 quatuor
987 3208 1001 3242 :
1034 3205 1218 3243 unum
1244 3184 1319 3245 de
1344 3184 1478 3262 jure
1507 3185 1788 3257 dicendo,
1820 3184 2067 3242 alterum
2094 3183 2169 3241 de
2194 3203 2258 3241 re
2286 3183 2416 3240 fru-

355 3280 670 3351 mentaria,
714 3280 947 3340 tertium
990 3279 1067 3339 de
1103 3280 1308 3360 signis,
1343 3295 1618 3361 quartum
1654 3281 1730 3344 de
1768 3279 2085 3359 suppliciis.
2131 3278 2227 3337 Ad
2268 3278 2418 3336 banc

354 3375 509 3433 enim
535 3375 966 3436 similitudinem
994 3390 1176 3456 poeta
1190 3378 1468 3452 Virgilius
1496 3379 1756 3437 Minoem
1785 3375 2042 3454 judicem
2074 3374 2231 3454 apud
2266 3375 2416 3433 infe-

352 3491 476 3545 ros,
509 3484 801 3551 tamquam
828 3475 877 3533 si
907 3488 1127 3553 praetor
1156 3475 1232 3533 sit
1262 3494 1459 3533 rerum
1488 3475 1823 3554 capitalium
1843 3518 1862 3548 ,
1904 3473 2271 3551 quaesitorem
2305 3492 2415 3552 ap-

351 3568 547 3647 pellat.
579 3569 820 3647 (AEn.VI
837 3611 853 3637 ‚
882 3570 1047 3648 432.)
1072 3572 1191 3629 Dat
1214 3569 1299 3629 ibi
1327 3571 1695 3629 sortitionem
1711 3614 1729 3643 ‚
1753 3568 1858 3629 ubi
1883 3588 2096 3626 urnam
2123 3568 2415 3638 nominat3

350 3663 455 3723 dat
497 3665 838 3724 electionem
871 3664 1171 3742 judicum,
1216 3687 1400 3746 quum
1433 3666 1613 3726 dicit:
1657 3692 1682 3720 α
1703 3665 2129 3743 conciliumque
2169 3678 2342 3724 vocat
2360 3687 2413 3738 »ς

352 3760 452 3818 dat
477 3762 869 3840 cognitionem
893 3762 1217 3821 facinorum
1235 3806 1253 3836 ,
1287 3783 1470 3842 quum
1509 3762 1653 3823 dicit
1678 3785 1691 3820 :
1741 3789 1766 3815 a.
1790 3763 2055 3840 vitasque
2083 3775 2143 3820 et
2171 3762 2416 3820 crimina

350 3855 574 3916 discit».
606 3862 764 3936 Ergo
802 3857 901 3916 hic
939 3858 1091 3916 liber
1121 3860 1223 3936 qui
1264 3860 1339 3918 de
1366 3873 1630 3919 anteacta
1663 3860 1784 3919 vita
1811 3873 1901 3919 est
1938 3872 2151 3918 statum
2180 3878 2414 3917 necesse

350 3966 438 4011 est
462 3954 915 4031 conjecturalem
942 3954 1171 4013 habeat.
1220 3959 1425 4035 Capita
1452 3970 1647 4017 autem
1678 3978 1810 4036 quae
1837 3957 1960 4036 ipse
1984 3957 2210 4017 Tullius
2249 3957 2412 4026 fecit,
2457 3953 2465 3963 ’

347 4047 665 4109 dividendo
697 4062 878 4109 totam
907 4051 1056 4109 hanc
1077 4053 1499 4113 accusationem
1517 4098 1536 4126 ,
1566 4065 1701 4113 sunt
1724 4054 1863 4112 haec.
1887 4054 2146 4113 Primum
2172 4053 2232 4110 in
2257 4072 2413 4130 quae-

349 4160 609 4221 sturam;
652 4147 863 4208 deinde
908 4149 969 4207 in
1021 4149 1364 4228 legationem
1421 4165 1480 4209 et
1534 4153 2078 4228 vice-quaesturam3
2130 4148 2307 4206 tertio
2364 4149 2424 4203 in
