3044 4788
712 395 820 462 IN
871 394 1321 463 VERREM
1371 392 1691 460 ACTIO
1743 392 2094 460 PRIMA.
2328 391 2463 482 247

337 515 524 587 rebit
548 542 562 585 :
594 515 704 585 sin
725 513 932 584 istius
959 517 1286 610 ingentes
1304 511 1565 584 divitiae
1581 510 2027 607 judiciorum
2039 510 2470 608 religionem

339 629 858 720 veritatemque
881 619 942 666 ¹⁵
969 620 1473 720 perfregerint,
1513 645 1648 718 ego
1679 619 1818 692 hoc
1845 636 2086 691 tamen
2113 643 2479 716 assequar,

338 750 422 806 ut
449 732 806 829 judicium
844 734 1085 831 potius
1112 729 1564 830 reipublicae,
1598 755 1818 828 quam
1856 745 1981 804 aut
2020 755 2185 801 reus
2208 728 2475 824 judici-

337 840 476 911 bus
496 894 517 928 ,
549 855 675 911 aut
704 855 1078 912 accusator
1107 865 1237 912 reo
1272 838 1585 934 defuisse
1618 839 1965 911 videatur.

433 954 521 1021 H.
558 950 911 1048 Equidem
936 1007 957 1039 ,
1019 967 1101 1022 ut
1151 949 1241 1022 de
1298 974 1415 1022 me
1454 949 1836 1037 confitear,
1873 948 2197 1045 judices,
2241 974 2474 1047 quum

340 1061 581 1133 multae
630 1061 805 1133 mihi
838 1087 880 1133 a
915 1068 993 1134 C.
1030 1067 1257 1134 Verre
1307 1060 1624 1134 insidiae¹
1673 1076 1863 1131 terra
1900 1061 2229 1156 marique
2276 1058 2476 1132 factae

340 1174 523 1257 sint,
568 1195 751 1269 quas
804 1173 1066 1269 partim
1121 1197 1281 1258 mea
1332 1171 1701 1269 diligentia
1755 1170 2163 1257 devitarim,
2214 1171 2475 1266 partim

341 1273 740 1352 amicorum
775 1281 1019 1353 studio
1046 1279 1439 1380 officioque
1473 1281 1898 1379 repulerim;
1941 1304 2341 1376 numquam
2381 1293 2482 1354 ta·
2520 1333 2523 1342 ·

342 1416 514 1463 men
547 1416 789 1488 neque
822 1407 1108 1464 tantum
1150 1392 1559 1490 periculum
1598 1390 1776 1462 mihi
1813 1388 2007 1462 adire
2049 1390 2239 1460 visus
2276 1415 2478 1478 sum,

342 1526 586 1598 neque
629 1517 1004 1601 tantopere
1053 1504 1430 1602 pertimui,
1465 1518 1548 1573 ut
1608 1525 1803 1611 nunc
1853 1502 1929 1570 in
1973 1502 2130 1597 ipso
2179 1500 2476 1595 judicio.

346 1616 606 1710 Neque
631 1627 912 1685 tantum
941 1638 1058 1687 me
1092 1614 1533 1711 exspectatio
1562 1612 2037 1684 accusationis
2072 1634 2283 1697 meae,
2315 1635 2483 1681 con-

348 1733 798 1819 cursusque²
839 1739 1051 1795 tantae
1086 1722 1604 1808 multitudinis,
1634 1720 1904 1819 quibus
1937 1743 2071 1816 ego
2112 1717 2331 1790 rebus
2363 1744 2484 1791 ve-

348 1832 886 1906 hementissime
933 1834 1349 1933 perturbor,
1397 1846 1843 1918 commovet,
1885 1844 2241 1928 quantum
2280 1831 2483 1900 istius

347 1942 616 2013 insidiae
674 1942 962 2015 nefariae
985 1999 1004 2031 ‚
1069 1969 1252 2044 quas
1317 1968 1468 2016 uno
1533 1958 1865 2039 tempore
1932 1939 2142 2025 mihi,
2198 1939 2403 2010 vobis
2423 1939 2479 2026 ³,

346 2050 462 2121 Μ’.
497 2051 875 2126 Glabrioni
913 2056 1234 2152 praetori,
1271 2055 1481 2125 sociis
1498 2057 1554 2134 4,
1594 2054 1854 2125 exteris
1881 2048 2298 2122 nationibus
2320 2106 2338 2136 ,
2367 2077 2485 2122 or-

347 2160 533 2247 dini,
585 2167 866 2235 nomini
903 2162 1220 2263 denique
1267 2166 1630 2236 senatorio
1669 2161 1904 2235 facere
1957 2176 2312 2232 conatur:
2355 2163 2486 2259 qui

349 2274 447 2345 ita
480 2272 792 2361 dictitat,
819 2275 904 2345 iis
935 2300 1087 2347 esse
1126 2274 1641 2361 metuendum,
1679 2275 1846 2370 qui,
1882 2273 2084 2369 quod
2112 2273 2286 2370 ipsis
2320 2271 2489 2350 solis

348 2383 517 2456 satis
554 2399 780 2469 esset,
834 2387 1394 2483 surripuissent3
1447 2411 1520 2456 se
1562 2401 1843 2456 tantum
1885 2384 2243 2481 rapuisse,
2300 2399 2381 2454 ut
2414 2382 2486 2454 id

1463 2639 1534 2649 —-
1546 2611 1742 2659 Exteris
1759 2578 2055 2660 nacionibus.
2078 2610 2253 2672 Legem
2273 2610 2334 2657 de
2353 2626 2490 2673 repe-

1465 2691 1634 2741 tundis
1670 2707 1833 2739 earum
1870 2704 2013 2736 causa
2054 2688 2224 2745 hum,
2254 2698 2495 2752 quantum*

429 2609 510 2656 15.
532 2607 746 2659 Malebnt
778 2611 1032 2660 Manutius
1057 2614 1372 2661 severitatem.

351 2687 498 2738 Male.
555 2690 719 2751 Quum
766 2688 940 2739 eodem
993 2708 1136 2742 seusu
1189 2692 1375 2741 veritas

351 2778 627 2833 usurpetur.

423 2850 492 2895 11.
524 2864 566 2894 ι.
594 2845 815 2895 Insidioe.
846 2849 1045 2908 Cicero,
1071 2867 1222 2913 quum
1255 2851 1375 2900 redi·

353 2938 427 2975 ret
451 2943 478 2974 e
497 2926 660 2976 sicilia
674 2961 689 2985 ,
707 2943 854 2990 quam
877 2927 1165 2991 colligendis
1185 2931 1240 2977 in
1258 2929 1376 2977 Ver·

353 3023 454 3057 rem
471 3007 758 3057 testimoniis
777 3019 1137 3071 peragraverat,
1163 3010 1323 3058 noluit
1345 3027 1374 3057 a

353 3085 544 3150 Rhegio
563 3097 685 3135 terra
702 3086 793 3135 iter
811 3087 966 3137 facere
990 3099 1192 3153 propter
1208 3089 1374 3137 Verris

354 3164 584 3214 insidias:
623 3166 889 3224 sviboum
920 3183 1035 3230 quae
1062 3180 1134 3216 est
1171 3168 1288 3215 urbs
1324 3170 1373 3215 in

352 3259 488 3308 agro,
501 3244 693 3294 Bruttio
711 3278 727 3302 ‚
747 3246 935 3295 Veliam
952 3281 967 3304 ‚
991 3248 1218 3295 Lucaniae
1241 3248 1380 3312 oppi-

354 3324 502 3384 dum,
527 3325 733 3388 parvulo
758 3325 1196 3389 mvigio‘trausiit.
1225 3328 1376 3375 Conf.

354 3405 496 3452 Verr.
529 3405 580 3452 11
597 3438 612 3461 ,
654 3412 748 3459 ko.¹

425 3498 474 3532 a.
522 3483 808 3532 Concursus.
847 3484 971 3532 Nam
1018 3484 1115 3533 hoc
1160 3495 1379 3550 tempore

355 3569 555 3624 propter
573 3560 722 3608 ludos
744 3571 793 3608 et
813 3561 1023 3610 lustrum
1041 3562 1180 3626 plebs
1200 3565 1378 3611 rustica

354 3641 559 3687 Romam
578 3650 891 3689 convenerat.

427 3718 476 3767 3.
491 3719 652 3769 Vobis.
674 3717 751 3768 De
768 3708 887 3782 ip’sis
899 3718 1121 3778 judicum
1141 3722 1378 3784 personis.

354 3824 425 3833 —
448 3797 639 3846 Ordini.
658 3800 732 3846 De
751 3798 978 3845 universo
995 3811 1165 3848 senatu
1179 3800 1379 3848 dicitur.

354 3878 550 3925 Frustra
581 3877 806 3925 voculam
847 3875 988 3924 vobis
1044 3875 1214 3927 co’utrs
1257 3880 1381 3928 Mss

355 3952 501 4009 fidem
531 3955 846 4017 rejiciendam
873 3966 1037 4003 censet
1063 3958 1226 4004 Graev.

432 4044 480 4090 4.
497 4035 667 4083 Sociis.
693 4035 893 4082 Siculis:
921 4049 1006 4081 eos
1028 4052 1113 4098 per
1135 4037 1382 4085 consulem

359 4112 648 4165 deterrendo
689 4114 752 4162 ab
786 4113 1112 4165 accusatione.
1147 4117 1241 4166 Ins.
1267 4134 1308 4166 e.
1335 4135 1382 4179 9.

1464 2771 1517 2817 in
1553 2787 1604 2818 se
1638 2779 1737 2826 est,
1765 2767 2006 2818 tollendo.
2037 2767 2151 2816 vid.
2180 2782 2289 2831 cap.
2318 2775 2398 2822 14.
2419 2794 2493 2805 -—

1469 2846 1657 2896 ordini.
1681 2847 1953 2905 Βιοίωᾶο,
1992 2857 2047 2895 ut
2076 2846 2261 2906 judicis
2296 2857 2490 2895 senato-

1463 2928 1599 2975 ribus
1624 2926 1917 2975 auferantur.
1947 2951 2013 2962 —
2039 2925 2254 2973 Nemini.
2283 2928 2348 2973 Ut
2370 2924 2491 2977 illud

1464 3022 1567 3056 non
1587 3008 1688 3067 jam
1714 3005 1897 3054 honori
1925 3007 2014 3061 sit,
2052 3005 2138 3053 sed
2161 3007 2327 3069 potius
2348 3006 2492 3068 iguo-

1465 3087 1643 3137 miniae.
1680 3085 1884 3133 Planum
1920 3095 1995 3132 est
2032 3084 2169 3147 quod
2205 3084 2489 3133 insidiarum

1463 3182 1615 3230 genus
1646 3166 1725 3212 his
1769 3164 1998 3212 omnibus
2034 3173 2240 3211 strueret
2275 3166 2489 3213 Verres:

1465 3257 1513 3294 et
1559 3246 1663 3309 ipse
1699 3255 1865 3292 orator
1901 3243 2068 3307 paullo
2111 3243 2264 3298 infra,
2303 3258 2409 3306 cap.
2432 3243 2493 3303 3,

1468 3324 1698 3389 explicat.
1716 3326 1814 3372 Iste
1842 3322 1963 3371 olim
1994 3332 2261 3385 postquam
2285 3321 2493 3384 pecunia

1468 3404 1751 3451 Ciceronem
1769 3403 1943 3449 frustra
1965 3415 2279 3465 oppugnare,
2306 3411 2356 3449 et
2383 3398 2497 3447 aedi-

1468 3482 1654 3530 litatem
1675 3485 1718 3530 ei
1740 3482 1988 3544 con-aptis
2014 3480 2259 3543 suffragiis
2284 3479 2497 3529 adimere

1470 3572 1699 3610 tentasset
1731 3560 1843 3625 (inf.
1881 3560 1966 3625 9),
2007 3560 2100 3606 alia
2136 3574 2267 3611 nuuc
2306 3559 2496 3607 ratione

1468 3657 1610 3705 usus,
1639 3657 1741 3689 sese
1767 3641 1839 3699 ei,
1861 3651 2052 3703 tempus
2090 3639 2318 3698 terendo,
2355 3652 2498 3686 coun-

1469 3720 1614 3769 bstur
1638 3721 1937 3777 subducere,
1965 3729 2276 3783 opportunos
2305 3718 2497 3779 judices

1472 3811 1780 3865 exspectans,
1821 3814 1947 3863 quos
2001 3809 2352 3862 corrumperet.
2400 3800 2496 3845 Istc

1472 3891 1634 3927 autem
1679 3881 1721 3927 si
1766 3881 1809 3928 ei
1859 3878 2141 3926 succederet
2184 3879 2345 3931 fraus,
2381 3888 2499 3924 tunc

1475 3970 1621 4009 tantae
1646 3960 1858 4009 infamia
1890 3969 1938 4008 et
1959 3957 2150 4019 judices
2168 3992 2181 4015 ,
2223 3967 2271 4005 et
2299 3965 2496 4020 praetor,

1474 4050 1520 4085 et
1567 4048 1758 4087 senatus
1801 4039 1985 4087 conscii
2031 4053 2132 4086 esse
2178 4035 2505 4083 videbantur:

1475 4119 1639 4182 itaque
1677 4130 1856 4167 metum
1890 4118 2063 4165 Cicero
2090 4132 2199 4163 cum
2241 4115 2316 4162 his
2343 4113 2497 4160 omui-
