3044 4788
657 448 774 518 IN
826 448 1259 517 VERREM
1309 448 1525 516 ACT.
1578 450 1690 535 11,
1734 452 1921 519 LIB.
1974 454 2073 522 ΙΙ.
2287 453 2429 552 399

298 570 613 655 dissent,
666 569 806 639 nisi
849 568 1027 643 illud
1070 582 1144 640 et
1183 572 1290 640 rei
1329 566 1815 641 frumentariae
1855 570 2300 665 subsidium,
2359 594 2433 650 et

299 678 840 779 receptaculum
876 677 1221 750 classibus
1251 680 1519 750 nostris
1552 693 1831 777 pateret
1846 693 1896 751 ⁹.
1997 740 2002 746 .
2091 738 2094 745 .

398 797 488 862 ΙΙ.
533 792 776 880 Quare
812 793 888 860 P.
926 787 1340 876 AfrioenuS,
1383 788 2112 886 Carthaginedeleta,
2151 797 2434 868 Siculo·

298 926 464 972 rum
516 900 737 972 urbes
787 901 1006 997 signis
1055 902 1693 997 monumentisque
1750 900 2256 1000 pulcherrimis
2308 933 2431 979 ex-

299 1015 609 1083 ornavit¹
634 1040 650 1082 t
676 1024 792 1099 ut,
830 1036 1018 1108 quos
1048 1013 1344 1082 victoria
1375 1011 1632 1110 populi
1658 1016 1940 1083 romani
1973 1017 2281 1088 maxime
2314 1017 2430 1088 lae-

300 1124 437 1193 tari
471 1120 975 1209 arbitrabatur,
1019 1118 1215 1219 apud
1246 1145 1372 1192 eos
1397 1136 1875 1193 monumenta
1909 1127 2225 1196 victoria:
2265 1116 2431 1224 plu-

299 1233 479 1302 rima
509 1231 915 1303 collocaret.
954 1235 1286 1328 Denique
1310 1230 1427 1303 ille
1460 1235 1615 1328 ipse
1650 1235 1747 1302 M.
1782 1234 2196 1321 Marcellus,
2226 1236 2436 1331 cujus

301 1342 376 1410 in
406 1341 641 1412 Sicilia
668 1345 1011 1412 virtutem
1048 1340 1316 1427 hostes,
1342 1340 1907 1412 misericordiam
1936 1343 2144 1432 victi,
2180 1344 2433 1417 fidem-

300 1476 448 1548 que
481 1451 961 1523 ceteri.Siculi
1001 1465 1572 1549 perspexerunt,
1624 1475 1774 1521 non
1819 1450 2055 1522 solum
2097 1457 2307 1526 sociis
2357 1459 2434 1529 in

303 1584 391 1630 eo
411 1558 605 1631 bello
627 1560 1015 1646 consuluit,
1032 1585 1285 1631 verum
1304 1562 1519 1631 etiam
1533 1562 1889 1658 superatis
1913 1561 2435 1637 hostibustem·

304 1671 600 1768 peravit.
627 1669 899 1742 Urbem
927 1670 1483 1767 pulcherrimam
1508 1726 1529 1759 ,
1552 1674 1968 1766 SyracusaS,
2003 1698 2167 1769 quae
2204 1701 2433 1772 quum

300 1805 521 1851 manu
545 1781 1021 1851 munitissima
1046 1793 1255 1866 esset,
1280 1794 1435 1849 tum
1465 1780 1606 1851 loci
1626 1794 1919 1867 natura,
1941 1795 2128 1852 terra
2149 1807 2231 1855 ac
2251 1789 2436 1857 mari

298 1889 788 1978 claudebatur,
813 1915 1041 1988 quum
1071 1892 1142 1961 vi
1173 1890 1623 1986 consilioque
1654 1895 1989 1989 cepisset,
2022 1917 2169 1963 non
2197 1896 2434 1968 solum

297 2002 739 2074 incolumem
774 2026 1025 2100 passus
1069 2015 1181 2072 est
1219 2024 1409 2086 esse,
1448 1998 1575 2070 sed
1610 2001 1708 2071 ita
1747 2000 2042 2097 reliquit
2077 2018 2436 2096 ornatam,

296 2125 380 2181 ut
412 2125 595 2182 esset
629 2109 818 2181 idem
850 2124 1412 2181 monumentum
1446 2111 1795 2198 victoriae,
1822 2112 2437 2202 mansuetudinis,

297 2224 803 2293 continentiae:
845 2245 1073 2318 quum
1115 2219 1448 2291 homines
1474 2219 1804 2293 viderent
1826 2274 1846 2308 ,
1883 2235 1955 2292 et
1991 2222 2171 2319 quid
2208 2249 2435 2323 expu-

296 2345 621 2428 gnasset,
680 2347 753 2404 et
813 2330 1084 2431 quibus
1138 2331 1609 2430 pepercisset,
1673 2346 1746 2403 et
1802 2356 1965 2429 quae
2006 2335 2435 2432 reliquisset.

296 2447 604 2514 Tantum
634 2443 753 2514 ille
778 2443 1133 2515 honorem
1159 2442 1407 2513 Siciliae
1432 2440 1855 2514 habendum
1879 2447 2157 2541 putavit
2174 2500 2193 2532 ,
2231 2463 2316 2518 ut
2343 2473 2437 2522 ne

298 2551 618 2624 hostium
646 2553 937 2650 quidem
976 2552 1235 2625 urbem
1267 2578 1357 2623 ex
1384 2554 1752 2623 soci‘orum
1784 2553 2015 2623 insula
2042 2553 2436 2629 tollendam

298 2660 786 2734 arbitraretur.
851 2667 1104 2761 Itaque
1155 2662 1243 2734 ad
1305 2687 1560 2734 omnes
1614 2688 1727 2734 res
1787 2663 2020 2734 Sicilia
2070 2666 2440 2761 provincia

299 2796 587 2872 semper
622 2775 735 2845 usi
776 2799 1067 2862 sumus,
1128 2788 1252 2862 ut,
1299 2773 1658 2870 quidquid
1710 2799 1800 2845 ex
1852 2797 2004 2844 sese
2054 2790 2295 2870 posset
2332 2774 2440 2847 ef-

299 2882 515 2971 ferre,
561 2882 637 2955 id
674 2910 825 2955 non
864 2885 1057 2984 apud
1098 2910 1224 2957 eos
1264 2887 1458 2956 nasci
1482 2939 1501 2972 ,
1547 2883 1674 2955 sed
1712 2883 1910 2954 domi
1958 2901 2222 2956 nostrae
2267 2911 2439 2958 con-

307 2993 584 3065 ditum²
647 3010 1087 3092 putaremus
1148 2995 1461 3087 Quando
1525 2994 1643 3065 illa
1702 2993 2187 3082 frumentum,
2236 2997 2438 3094 quod

307 3104 604 3177 deberet
626 3102 680 3192 3,
721 3131 871 3177 non
912 3105 1001 3177 ad
1040 3106 1231 3177 diem
1269 3105 1512 3177 dedit?
1540 3105 1839 3201 quando
1878 3102 1949 3175 id
1972 3159 1991 3193 ,
2020 3105 2221 3201 quod
2253 3132 2439 3205 opus

306 3240 458 3287 esse
482 3230 766 3313 putaret
784 3271 804 3304 ,
832 3241 984 3288 non
1014 3217 1203 3287 ultro
1232 3216 1550 3313 pollicita
1577 3217 1732 3286 est?
1772 3215 2070 3311 quando
2097 3214 2206 3299 id,
2238 3217 2441 3312 quod

214 3371 221 3392 .
304 3329 816 3424 imperaretur,
862 3326 1266 3398 recusavit?
1320 3328 1572 3421 Itaque
1617 3324 1735 3394 ille
1784 3327 1883 3394 M.
1932 3327 2109 3395 Cato
2159 3325 2442 3421 sapiens

376 3560 548 3619 9.Pat.
565 3557 844 3605 Immumio
860 3557 964 3605 haec
983 3560 1214 3621 temporis
1230 3573 1325 3622 pro
1415 3554 1548 3602 ditus
1564 3575 1586 3598 a
1599 3589 1613 3614 ,
1640 3570 1734 3618 pro
1749 3555 1943 3603 Muren.
1965 3569 2010 3602 c.
2035 3562 2120 3610 24.
2139 3556 2258 3603 Em.
2283 3565 2444 3605 tamen

294 3636 551 3702 pauci-sset,
574 3647 678 3683 tum
691 3637 744 3682 in
758 3637 1233 3686 Cic.tuminceteri⁸
1248 3653 1329 3684 ve·
1416 3634 1614 3682 damnat
1655 3644 1709 3682 ut
1751 3633 2056 3697 languidum.
2104 3636 2153 3682 J.
2179 3636 2245 3681 V.
2278 3637 2332 3684 L.
2374 3663 2444 3674 —-

280 3716 489 3782 ,teribus
504 3717 678 3779 πρίω
694 3731 750 3763 ac
766 3716 1075 3764 vixnotanda
1092 3716 1323 3765 occurrit.
1415 3716 1594 3762 Sensus
1616 3724 1688 3761 est
1708 3728 1721 3761 ε
1756 3715 1913 3760 Tanta
1935 3722 2007 3760 est
2035 3711 2310 3761 Siculorum
2330 3730 2442 3779 erga

373 3798 439 3844 11.
460 3810 481 3842 1
495 3831 507 3843 .
524 3795 1100 3844 Exornavie.Restituens
1115 3812 1167 3844 ea
1185 3812 1325 3860 ‚qnae
1412 3810 1507 3842 nos
1552 3792 1836 3852 liberalitas,
1884 3802 1966 3850 ut,
2012 3791 2147 3855 quod
2183 3793 2317 3858 apud
2356 3811 2441 3843 eos

298 3875 513 3924 victores
538 3874 676 3921 Poeui
697 3873 1014 3925 abstulerant.
1045 3874 1174 3922 Infra
1192 3909 1207 3933 ,
1238 3876 1325 3922 ³5.
1412 3874 1646 3934 nascitur,
1671 3884 1892 3920 nostrum
1926 3871 1988 3920 sit
2007 3905 2023 3930 ,
2065 3872 2267 3934 perinde
2306 3891 2363 3921 ac
2401 3877 2441 3923 si

301 3957 420 4003 Hoec
436 3953 658 4018 quaednm
672 3953 967 4018 pap-ratio
983 3964 1057 4001 eet
1068 3952 1132 4000 ad
1144 3952 1321 4000 librum
1410 3953 1740 4018 compositum
1779 3951 1903 4000 illud
1940 3952 1995 3999 in
2032 3951 2220 4000 horreis
2261 3958 2440 4002 nostris

300 4036 362 4083 de
387 4033 554 4098 signis.
1410 4032 1695 4083 habeamus.

370 4131 417 4163 α.
440 4112 716 4162 Conditum.
734 4114 897 4162 Graev.
917 4122 966 4160 et
989 4111 1111 4160 lan.
1131 4110 1323 4159 addunt
1484 4115 1532 4160 ³.
1559 4112 1706 4174 Quod
1733 4111 1939 4158 deberet.
1972 4113 2047 4160 De
2069 4112 2145 4160 his
2170 4112 2279 4160 vide
2298 4116 2435 4161 Verr.

288 4194 403 4257 jam
428 4210 457 4241 e
482 4204 579 4242 vet.
601 4191 715 4242 cod.
735 4190 899 4241 Lumb.
928 4191 1008 4241 Sic
1033 4214 1058 4233 α
1072 4191 1175 4252 jam
1202 4205 1319 4239 con·
1411 4193 1513 4251 111,
1540 4191 1600 4240 de
1625 4208 1677 4239 re
1702 4191 1929 4238 frument.
