3044 4788
569 365 707 446 204
1213 370 1308 435 M.
1363 370 1438 435 T.
1494 367 2051 437 CICERONIS

564 503 749 559 esset
772 491 989 562 tritici
1013 491 1300 563 modius
1331 497 1477 564 H-S
1496 504 1526 536 ²
1554 518 1642 581 11,
1666 518 1802 591 pro
1830 489 2270 580 frumento³‚
2304 493 2381 561 in
2409 490 2693 564 modios

562 597 922 695 singulos,
964 599 1346 674 duodenos
1383 604 1748 677 sestertios
1785 606 2123 701 exegisse.
2166 606 2508 699 Magnum
2555 605 2692 674 cri-

559 731 766 797 men,
802 712 1059 809 ingens
1095 718 1439 809 pecunia,
1475 710 1751 783 furtum
1779 711 2204 811 impudenS,
2243 712 2501 806 injuria
2542 737 2693 782 non

561 813 879 889 ferenda.
919 823 1069 917 Ego
1091 820 1238 892 hoc
1268 847 1421 892 uno
1454 823 1755 893 crimine
1788 822 2034 893 illum‘*
2057 821 2537 893 condemnem
2577 846 2697 892 ne-

563 950 760 998 cesse
797 943 904 999 est
939 955 955 997 :
993 944 1073 1000 tu
1095 984 1114 1016 ,
1154 931 1423 1019 Caecili,
1455 915 1632 1028 quid
1654 929 1907 1003 facies?
1946 934 2210 1001 Utrum
2240 931 2383 1002 hoc
2410 945 2694 1001 tantum

564 1039 837 1109 crimen
881 1043 1421 1138 praetermittes,
1468 1067 1559 1112 an
1598 1041 1941 1137 objicies?
2005 1042 2079 1111 Si
2130 1040 2468 1135 objicies,
2522 1040 2697 1111 idne

560 1145 765 1220 alteri
799 1154 1076 1222 crimini
1115 1151 1353 1237 dabis,
1387 1152 1587 1250 quod
1628 1150 1885 1223 eodem
1922 1166 2290 1249 tempore,
2328 1152 2403 1220 in
2442 1148 2695 1221 eadem

565 1261 971 1354 provincia,
1019 1276 1100 1332 tu
1141 1264 1298 1360 ipse
1341 1262 1619 1334 fecisti?-
1656 1259 1957 1332 audebis
2001 1261 2097 1330 ita
2142 1284 2473 1332 accusare
2523 1260 2698 1330 alte·

563 1393 766 1459 rum,
808 1384 923 1459 ut,
961 1397 1111 1469 quo
1146 1375 1391 1443 minus
1417 1386 1572 1443 tute
1610 1370 2096 1442 condemnere
2119 1424 2139 1458 ,
2174 1395 2504 1442 recusare
2542 1395 2696 1440 non

566 1479 840 1574 possis?
881 1484 1008 1552 Sin
1044 1483 1543 1579 praeterm-ittes
1565 1536 1585 1568 ,
1623 1481 1855 1577 qualis
1896 1482 2033 1552 erit
2069 1481 2199 1551 ista
2240 1494 2365 1551 tua
2402 1505 2694 1551 accusa-

562 1592 690 1679 tio,
718 1615 900 1687 quae,
932 1591 1307 1664 domestici
1335 1591 1875 1691 periculimetu‚
1906 1592 2281 1662 certissimi
2307 1605 2377 1661 et
2406 1591 2697 1661 maximi

567 1702 886 1771 critninis
922 1727 1073 1772 non
1105 1701 1327 1773 modo
1373 1703 1898 1799 suspicionem,
1946 1725 2200 1770 verum
2244 1702 2453 1772 etiam
2491 1725 2697 1772 men-

562 1813 837 1882 tionem
878 1813 1102 1908 ipsam
1136 1812 1637 1909 pertimescat?
1664 1808 2052 1909 Emptum⁵
2085 1826 2193 1882 est
2225 1837 2312 1882 ex
2347 1817 2412 1882 S.
2442 1815 2519 1881 C.
2554 1810 2698 1882 frn-

566 1936 896 1992 mentum
926 1919 1017 1991 ab
1045 1921 1331 2010 Siculis,
1359 1934 1665 2019 praetore
1684 1926 1909 1993 Verre
1938 1950 1953 1991 ε
1985 1946 2120 2019 pro
2150 1944 2300 2017 quo
2328 1917 2699 1991 frumento

570 2035 880 2127 pecunia
917 2032 1153 2101 omnis
1188 2032 1423 2103 soluta
1460 2057 1609 2102 nou
1649 2047 1778 2103 est.
1820 2034 2056 2102 Grave
2096 2046 2202 2102 est
2247 2031 2388 2103 hoc
2426 2035 2698 2103 crimen

569 2141 645 2209 in
671 2145 1014 2211 Verrem:
1053 2166 1295 2238 grave,
1338 2167 1455 2213 me
1486 2157 1777 2239 agente3
1823 2155 1894 2212 te
1932 2154 2345 2227 accusante,
2389 2140 2693 2211 nullum.

570 2252 744 2318 Eras
776 2254 968 2320 enim
1000 2265 1078 2320 tu
1115 2266 1430 2348 quaestor
1465 2278 1480 2320 ε
1519 2255 1900 2349 pecuniam
1938 2250 2303 2349 publicam
2331 2264 2412 2321 tu
2446 2264 2699 2320 tracta-

570 2356 785 2431 bas⁶:
819 2385 906 2432 ex
938 2386 1119 2458 qua,
1156 2363 1434 2433 etiamsi
1464 2376 1763 2461 cuperet
1796 2376 2084 2461 praetor,
2123 2375 2401 2447 tamen,
2424 2381 2515 2430 ne
2554 2382 2698 2455 qua

571 2468 941 2542 deductim
963 2470 1196 2561 fieret,
1222 2497 1479 2570 magna
1506 2498 1595 2543 ex
1623 2488 1825 2569 parte
1851 2486 1971 2542 tua
1999 2485 2316 2569 potestas
2348 2483 2521 2541 erat.
2551 2473 2700 2537 Hu-

565 2578 686 2673 jus
707 2606 1004 2678 quoque
1042 2582 1259 2679 igitur
1280 2585 1622 2668 criminis,
1659 2598 1729 2653 te
1765 2596 2170 2668 accusante,
2202 2584 2473 2652 mentio
2506 2575 2705 2648 nulla

569 2687 716 2759 fiet.
774 2690 1118 2761 Silebitur
1169 2706 1323 2763 toto
1356 2693 1634 2787 judicio
1688 2690 1778 2762 de
1824 2693 2152 2787 maximis
2192 2706 2263 2763 et
2318 2688 2704 2760 notissimis

568 2798 760 2870 illius
795 2799 1004 2871 furtis
1038 2816 1111 2872 et
1146 2803 1447 2897 injuriiS.
1476 2803 1649 2874 Mihi
1691 2799 1904 2873 crede
1927 2802 2196 2891 ,Caecili
2218 2857 2237 2889 ‚
2273 2824 2421 2871 non
2458 2811 2704 2897 potest

571 2913 646 2979 in
692 2910 1094 2981 accusando
1139 2914 1372 2984 socios
1414 2937 1583 2983 vere
1627 2909 2019 2983 defendere
2062 2913 2154 2998 is,
2198 2913 2322 3007 qui
2367 2933 2536 2979 cum
2577 2932 2704 2978 reo

573 3015 956 3091 criminum
986 3022 1325 3094 societate
1364 3022 1805 3117 conjunctus
1844 3034 1972 3092 est.
2008 3012 2428 3117 Mancipes⁸
2465 3041 2506 3087 a
2541 3017 2706 3088 civi-

643 3241 691 3272 a.
737 3224 910 3273 Multae
944 3224 1061 3274 edd.
1088 3226 1139 3273 in
1177 3225 1256 3273 his
1276 3225 1592 3285 Victoriana,
1755 3233 1803 3282 4.
1838 3223 2175 3272 Condemnem.
2204 3218 2425 3268 Efficiam
2452 3229 2507 3267 ut
2527 3235 2553 3267 a
2571 3218 2708 3282 judi-

576 3305 679 3352 11·S
714 3305 787 3361 V,·
832 3303 944 3354 cod.
972 3308 1144 3354 Franc.
1179 3320 1200 3350 1
1225 3339 1240 3363 ,
1290 3315 1472 3351 testere.
1499 3306 1594 3352 XI.
1683 3304 1821 3353 cibus
1844 3302 2212 3352 condemnetur.

576 3385 780 3446 Recepit
808 3400 987 3431 novam
1011 3384 1123 3432 lect.
1148 3383 1430 3441 Munatium
1455 3384 1596 3432 adhi-
1757 3381 1806 3434 5.
1824 3385 2068 3446 Emptum.
2089 3380 2401 3429 Tenebantur
2435 3376 2585 3427 Siculi
2620 3392 2707 3424 ve·

577 3462 669 3510 bit.
692 3464 833 3511 Verr.
855 3466 960 3521 111,
989 3466 1049 3511 81
1064 3497 1079 3512 .
1100 3460 1147 3513 1.
1157 3465 1222 3512 V.
1244 3467 1301 3513 L.
1330 3491 1402 3500 —
1420 3466 1598 3512 Sensus
1686 3462 1883 3526 ctigales
1920 3477 2039 3524 pop.
2066 3475 2273 3508 romano
2308 3458 2537 3506 frumenti
2561 3471 2710 3519 quan·

578 3549 650 3587 est
670 3556 682 3587 ε
713 3541 878 3602 Quum
904 3541 1100 3589 duobus
1125 3542 1352 3591 sestertiis
1384 3543 1468 3609 (4¹
1493 3559 1601 3592 cen·
1688 3552 1793 3589 tum
1814 3539 1987 3599 vellet,
2024 3550 2160 3588 certo
2183 3540 2341 3604 pretio
2366 3536 2591 3585 vendere.

580 3631 670 3668 teo.
699 3616 752 3682 ξ)
779 3618 841 3666 ab
882 3620 1154 3668 aratoribus
1190 3620 1485 3669 venderetur
1513 3623 1600 3668 tri-
1760 3621 1811 3667 ὃ.
1844 3619 2130 3667 Tractabas.
2161 3618 2242 3667 Ad
2275 3627 2538 3681 quaestores
2569 3614 2713 3677 perti-

580 3701 668 3748 tici
722 3697 945 3755 modius,
995 3699 1225 3746 frumenti
1274 3699 1388 3749 loco
1422 3704 1601 3749 Verres
1687 3700 1834 3749 nebat
1853 3698 2008 3747 oerarii
2026 3709 2075 3747 et
2094 3699 2318 3764 pecunia
2338 3697 2479 3745 ratio.

581 3779 840 3845 pecuniam
876 3775 970 3822 sibi
1003 3776 1108 3823 dari
1129 3778 1303 3838 iussit,
1329 3779 1396 3827 ita
1420 3788 1478 3826 ut
1507 3795 1600 3844 pro
1763 3797 1815 3841 7.
1860 3778 2117 3828 Deducn’o.
2155 3777 2439 3826 Demiuutio
2462 3809 2477 3833 ,
2523 3788 2632 3837 quie
2683 3787 2710 3818 a

577 3858 780 3924 singulis
799 3853 978 3902 modiis
997 3854 1211 3903 duodeni
1232 3859 1436 3906 sestertii
1464 3856 1516 3923 (a
1539 3860 1597 3907 fr.
1689 3861 1841 3907 Verre
1864 3859 1985 3907 sacta
2014 3869 2086 3905 est
2112 3858 2314 3906 diversis
2327 3853 2639 3910 nominibus,
2655 3859 2713 3898 ut

576 3942 643 4002 46
669 3930 874 3995 centes.)
898 3933 1243 3997 penderentur.
1683 3939 1738 3986 iu
1757 3942 1893 3986 Verr.
1913 3940 1990 3985 111
2011 3937 2174 3985 videre
2196 3946 2283 3984 est.

653 4020 704 4068 3.
721 4013 914 4064 Delevit
933 4010 1114 4061 Schiitz
1130 4030 1226 4077 pro
1232 4012 1506 4078 frumento,
1537 4015 1598 4064 de
1758 4020 1810 4066 8.
1857 4016 2122 4081 Mancipes.
2170 4015 2294 4062 Sunt
2337 4012 2713 4077 publicanorum

577 4095 788 4152 Era-atii
813 4091 1067 4143 sententia.
1093 4095 1143 4142 J.
1158 4097 1219 4141 V.
1249 4095 1300 4141 1..
1687 4095 1933 4159 principes
1948 4129 1964 4153 ,
1995 4095 2079 4158 qni
2103 4104 2237 4142 certo
2259 4093 2421 4158 pretio
2440 4092 2670 4140 decumas
2685 4105 2715 4135 ι
