3044 4788
578 423 711 497 190
1205 405 1298 472 Μ.
1353 404 1429 470 T.
1483 403 2035 472 CICERONIS

563 521 808 612 babit,
848 537 920 595 et
955 526 1028 593 in
1074 523 1207 594 hac
1235 542 1439 591 causa
1475 515 1802 613 profecto
1838 523 2205 593 neminem
2243 547 2679 624 praeponen..

559 637 732 709 dum
786 658 938 706 esse
984 633 1158 708 mihi
1201 642 1515 700 actorem
1574 626 1877 721 putabit.
1936 634 2183 722 Quum
2235 651 2550 731 quaestor
2600 641 2678 711 in

564 746 797 817 Sicilia
828 743 1147 822 fuissem,
1177 734 1773 832 judiceS,itaque⁵
1794 762 1883 809 ex
1919 763 2001 809 ea
2037 744 2404 840 provincia
2438 747 2679 821 deces-

561 857 844 934 sissem,
896 863 978 918 ut
1039 844 1288 916 Siculis
1357 843 1700 916 omnibus
1769 846 2165 941 jucundam
2227 850 2677 928 diuturnam·

558 985 702 1060 que
747 957 1163 1029 memoriam
1205 969 1582 1053 quoesturae
1620 958 2076 1056 nominisque
2125 963 2270 1034 mei
2312 965 2675 1064 relinque-

552 1065 795 1155 rem⁶;
845 1055 1109 1137 factum
1164 1080 1303 1151 est,
1343 1066 1458 1136 'uti
1507 1091 1741 1163 quum
1785 1091 2148 1140 summum
2190 1073 2268 1142 in
2310 1077 2675 1151 veteribus

605 1178 904 1250 atronis⁷
936 1174 1215 1261 multiS,
1248 1189 1404 1245 tum
1431 1176 1871 1248 nonnullum
1913 1179 2125 1248 etiam
2161 1181 2235 1251 in
2274 1205 2391 1254 me
2429 1190 2669 1281 praesi-

549 1207 750 1361 dium
775 1288 920 1359 suis
947 1285 1254 1356 fortunis
1279 1287 1755 1357 constitutum
1784 1312 1939 1360 esse
1967 1289 2505 1366 arbitrarentur.
2530 1299 2675 1388 Qui

551 1423 748 1472 nunc
789 1388 1158 1495 populati8
1201 1411 1420 1492 atque
1458 1399 1730 1484 vexati,
1769 1401 2006 1471 cuncti
2062 1399 2151 1471 ad
2187 1427 2302 1473 me
2337 1403 2673 1502 publice9

548 1534 737 1609 saepe
768 1519 1161 1591 venerunt,
1206 1521 1288 1576 ut
1312 1530 1609 1577 suarum
1647 1505 2107 1580 fortunarum
2148 1513 2473 1583 omnium
2511 1538 2676 1584 cau-

545 1645 697 1692 sam
732 1616 1377 1713 defensionemque
1410 1618 1851 1714 susciperem
1881 1646 1896 1688 :
1936 1645 2050 1698 me
2086 1645 2270 1719 saepe
2317 1648 2472 1695 esse
2517 1623 2676 1722 pol-

544 1732 863 1815 licitum,
917 1750 1103 1823 saepe
1153 1725 1550 1798 ostendisse
1606 1726 1977 1816 dicebant,
2040 1733 2097 1801 si
2142 1730 2345 1828 quod
2387 1747 2679 1831 tempus

543 1838 949 1922 accidisset,
999 1860 1148 1932 quo
1204 1850 1531 1934 tempore
1589 1838 1860 1934 aliquid
1911 1864 1951 1909 a
2012 1865 2128 1912 me
2178 1844 2675 1939 requirerent,

542 1945 938 2022 commodis
968 1969 1222 2016 eorum
1252 1971 1366 2016 me
1395 1971 1548 2024 non
1573 1945 2022 2026 defuturum.
2052 1952 2351 2021 Venisse
2387 1966 2673 2049 tempus

547 2055 869 2142 aiebant,
909 2078 1059 2123 non
1092 2053 1239 2148 jam
1280 2067 1362 2122 ut
1400 2055 1782 2125 commoda
1826 2081 1994 2144 sua,
2035 2056 2159 2130 sed
2187 2074 2268 2129 ut
2306 2062 2524 2131 vitam
2564 2087 2673 2133 sa-

544 2169 918 2262 lutemque
956 2165 1180 2244 totius
1230 2163 1616 2259 provinciae
1650 2165 2159 2248 defenderem:
2202 2194 2353 2244 sese
2388 2171 2535 2265 jam
2579 2196 2673 2244 ne

543 2278 719 2349 deos
741 2288 803 2320 ¹⁰
831 2273 1128 2372 quidem
1167 2275 1243 2344 in
1272 2274 1421 2348 suis
1443 2273 1750 2354 urbibus
1768 2331 1787 2365 ,
1826 2276 1916 2347 ad
1939 2301 2126 2373 quos
2159 2278 2673 2376 confugerent,

542 2386 850 2473 habere;
891 2383 1088 2483 quod
1123 2409 1378 2461 eorum
1416 2386 1794 2467 simulacra
1828 2388 2267 2461 sanctissima
2295 2393 2376 2461 C.
2411 2397 2674 2466 Verres

543 2524 634 2574 ex
672 2496 991 2569 delubris
1024 2496 1573 2593 religiosissimis
1609 2497 2048 2573 sustulisset:
2085 2525 2265 2597 quas
2303 2526 2417 2574 res
2459 2504 2695 2599 luxu-¹

542 2612 678 2682 ries
705 2612 781 2687 in
819 2606 1129 2703 flagitiis,
1159 2606 1542 2678 crudelitas
1572 2608 1648 2677 in
1688 2606 2059 2704 suppliciis
2081 2662 2101 2696 ,
2138 2614 2430 2683 avaritia
2458 2614 2532 2683 in
2565 2638 2675 2685 ra-

541 2723 770 2819 pinis,
815 2715 1153 2814 superbia
1192 2718 1264 2786 in
1300 2718 1759 2790 contumeliis
1799 2716 2085 2790 efficere
2131 2724 2519 2819 potuisset,
2556 2748 2674 2805 eas

612 2935 660 2982 5.
705 2934 901 2993 Itaque.
949 2903 1018 2975 'Et
1064 2929 1150 2978 its.
1208 2929 1454 2977 Decedet-e
1504 2947 1567 2978 ex
1653 2930 1949 2980 abstulerant
1986 2934 2145 2999 (Verr.
2179 2936 2251 2993 11,
2294 2934 2412 3001 35);
2448 2936 2674 2985 Metellos

539 3010 793 3078 provincis
824 3008 1055 3055 dicuntur
1087 3009 1173 3073 qui
1210 3025 1322 3057 cum
1359 3010 1564 3074 imperio
1652 3012 1879 3076 denique.
1899 3011 2013 3060 Mos
2042 3014 2133 3060 fuit
2158 3025 2217 3061 ut
2242 3015 2432 3062 romani
2453 3014 2675 3076 nobiles,

538 3104 624 3140 aut
666 3097 905 3154 potestate
950 3099 1099 3147 suut3
1151 3088 1398 3137 discedere
1447 3105 1564 3138 vero

538 3169 733 3238 privati.

551 3276 554 3279 ¹
610 3253 663 3301 6.
694 3247 1046 3309 Relinquetem.
1085 3246 1160 3293 De
1198 3262 1284 3293 sus
1319 3257 1562 3310 quaesturs

537 3334 592 3379 in
610 3339 731 3378 orat.
751 3342 843 3392 pro
864 3324 1083 3380 mencio,
1101 3324 1173 3371 sie
1197 3324 1396 3375 scribit:
1419 3348 1444 3367 ι·
1459 3343 1565 3375 non

540 3425 710 3458 vereor
748 3423 809 3454 ne
846 3405 956 3469 quis
981 3402 1171 3479 'audeat
1199 3402 1384 3463 dicere,
1418 3406 1565 3453 ullius

535 3492 590 3537 in
635 3487 797 3536 Sicilia
841 3495 1133 3549 quaesturam
1177 3495 1262 3531 sut
1311 3484 1564 3533 clariorem

538 3579 623 3616 sut
651 3567 910 3631 gratiorem
940 3565 1086 3611 fuisse
1102 3599 1117 3623 ,
1146 3574 1237 3611 ete.
1255 3584 1278 3606 ι

611 3662 659 3706 7.
700 3642 946 3691 Patronis.
990 3642 1138 3689 Siculi
1184 3653 1415 3705 patronos
1458 3644 1561 3707 pri·

537 3741 669 3773 mum
711 3721 982 3770 habuerunt
1027 3721 1287 3770 Marcellos
1305 3758 1318 3779 ,
1362 3721 1424 3769 ab
1469 3722 1562 3770 illo

535 3800 771 3851 Marcello
793 3815 821 3846 s
843 3815 946 3863 quo
972 3811 1127 3864 csptae
1153 3812 1200 3849 et
1225 3813 1424 3849 servstae
1445 3812 1560 3849 sunt

536 3887 784 3947 Syracusas
813 3880 893 3941 (T.
921 3877 1027 3926 Liv.
1049 3881 1215 3935 XXV,
1245 3880 1359 3940 25);
1383 3880 1560 3929 deiude

536 3960 820 4026 Scipiones,
865 3972 927 4003 ex
953 3972 1053 4020 quo
1086 3960 1140 4005 Ρ.
1179 3959 1345 4022 Scipio
1371 3960 1560 4007 Afric.-

537 4060 652 4103 nus,
690 4038 849 4087 excisa
875 4035 1192 4100 Carthagine,
1224 4037 1400 4084 Siciliae
1426 4039 1561 4085 resti-

534 4125 631 4174 tuit
680 4125 959 4168 ornsmeuts
1014 4130 1126 4179 qun
1168 4116 1305 4164 Poeui
1346 4116 1559 4166 victores

1650 3091 1870 3139 civitates
1907 3102 1991 3138 snt
2026 3094 2248 3140 ustiones
2291 3093 2506 3141 devictas
2545 3093 2673 3142 bello

1650 3169 1704 3217 in
1728 3168 1876 3217 fidem
1901 3180 1951 3217 et
1974 3169 2241 3219 clientelam
2266 3174 2536 3237 reciperent
2551 3208 2566 3232 ,
2600 3184 2672 3221 st·

1651 3266 1748 3314 que
1789 3265 1950 3297 esrum
1986 3251 2181 3313 patroni
2229 3264 2405 3301 essent.
2442 3253 2572 3301 Vide
2612 3253 2672 3302 de

1651 3327 1799 3375 offic.
1823 3331 1871 3384 1,
1912 3326 1995 3377 35.

1723 3409 1772 3454 8.
1801 3405 2047 3470 Populati.
2068 3407 2286 3456 Avaritis
2301 3409 2485 3458 Verris.
2512 3412 2672 3456 Vexa-

1652 3486 1707 3534 εἰ.
1727 3485 1953 3545 Ejusdem
1968 3484 2173 3534 libidine
2201 3499 2247 3535 et
2267 3488 2564 3537 crudelitate.

1721 3579 1772 3625 9.
1809 3562 2024 3613 Publice.
2054 3565 2254 3615 Publica
2302 3567 2551 3615 civitatum
2587 3582 2670 3614 su-

1648 3643 1888 3693 ctoritate.
1922 3644 2026 3693 Soli
2061 3662 2165 3694 non
2198 3658 2435 3695 venerunt
2464 3648 2673 3695 Mamer-

1648 3723 1763 3784 tini,
1787 3739 1878 3771 nee
1901 3726 2229 3790 Syracusani:

1724 3819 1800 3851 xo.
1825 3806 1969 3852 Deos.
1999 3805 2222 3853 Adducit
2239 3805 2340 3853 1,.1.
2362 3808 2574 3854 lactant.
2597 3805 2668 3861 11,

1652 3890 1682 3937 4
1697 3916 1714 3943 ,
1738 3893 1788 3930 et
1813 3882 2002 3930 deridet
2023 3898 2037 3933 :
2073 3906 2098 3925 κ
2120 3883 2272 3946 Quasi
2301 3900 2449 3946 vero,
2481 3882 2665 3945 inquit,

1646 3962 1689 4008 si
1698 3964 1874 4011 Verres
1891 3979 1953 4010 ex
1969 3963 2175 4011 urbibus
2195 3961 2505 4025 delubrisque
2522 3961 2670 4007 simu-

1646 4039 1774 4088 lscrs
1833 4041 2034 4090 deorum
2094 4041 2388 4099 sustulerat,
2439 4039 2501 4087 de
2548 4041 2668 4088 caelo

1647 4135 1843 4184 quoque
1870 4108 1993 4170 deos
2013 4121 2282 4170 sustulisset
2294 4143 2336 4170 ιι.
2351 4119 2543 4184 Vulgus
2566 4121 2670 4185 qui·
