3044 4788
597 431 707 499 IN
760 433 1173 500 VERREM
1220 436 1432 505 ACT.
1480 438 1592 521 11,
1642 441 1821 507 mn.
1877 444 1974 512 11.
2199 450 2341 542 499

212 549 710 635 blicanorum,
763 553 1229 624 removendas
1282 554 1373 626 de
1436 557 1676 629 medio
1745 562 1983 634 literas
2048 590 2342 639 censue-

215 676 418 731 runt.
463 660 708 733 Habeo
759 687 845 733 ex
884 664 1008 748 iis,
1048 665 1176 759 qui
1218 662 1582 738 affuerunt
1605 673 1661 754 4,
1714 695 1900 766 quos
1943 674 2340 770 producam

214 767 517 865 [quibus
560 769 702 841 hoc
734 771 1244 870 committam]‚
1298 774 1630 848 homines
1671 777 2216 873 honestissimos
2261 814 2342 861 ac

212 878 835 976 locupletissimOS,
851 884 1025 955 istos
1047 882 1246 979 ipsos
1270 887 1631 984 principes
1655 896 2005 986 equestris
2026 895 2336 970 ordinis:

208 1014 534 1091 quorum
570 990 954 1089 splendore
982 992 1097 1062 vel
1123 995 1431 1069 maxime
1457 997 1698 1085 istius,
1730 1004 1861 1096 qui
1905 1001 2136 1100 legem
2175 1033 2339 1105 pro·

210 1101 595 1197 mulgavit,
625 1105 856 1173 oratio
889 1115 963 1171 et
986 1124 1197 1174 causa
1224 1104 1495 1176 nititur.
1527 1110 1836 1179 Venient
1866 1115 1943 1182 in
1977 1116 2335 1205 medium3

205 1208 493 1293 dicent,
543 1210 722 1307 quid
772 1211 1174 1282 statuerint.
1232 1213 1600 1300 Profecto,
1651 1220 1708 1287 si
1759 1235 1953 1292 recte
2003 1223 2338 1299 homines

202 1323 414 1403 novi,
452 1344 608 1391 non
661 1321 1118 1393 mentientur.
1181 1323 1454 1394 Literas
1513 1330 1708 1399 enim
1760 1352 2184 1408 communes
2248 1338 2339 1410 de

204 1429 477 1500 medio·
509 1453 882 1501 removere
931 1445 1329 1526 potuerunt
1370 1461 1385 1502 ε
1446 1431 1669 1506 fidem
1708 1461 1911 1509 suam
1951 1455 2023 1512 et
2059 1445 2343 1543 religio·

203 1563 381 1610 nem
440 1564 810 1612 removere
867 1562 1017 1610 non
1075 1556 1400 1637 possunt.
1454 1547 1642 1641 Ergo
1696 1549 1977 1643 equites
2019 1561 2342 1643 romani,

202 1650 343 1743 qui
394 1645 519 1719 te⁵
555 1673 690 1719 suo
729 1647 1001 1741 judicio
1054 1650 1663 1741 condemnarunt,
1712 1656 1978 1728 horum
2017 1661 2341 1756 judicio⁶

203 1754 681 1827 condemnari
719 1757 1126 1829 noluerunt.
1154 1763 1302 1831 Vos
1337 1786 1568 1851 nunc,
1609 1779 1857 1837 utrum
1899 1767 2187 1842 illorum
2219 1775 2336 1869 ju-

168 1894 169 1897 *
200 1863 479 1935 dicium
501 1918 520 1948 ,
554 1889 645 1935 an
679 1867 1124 1939 voluntatem
1157 1872 1363 1967 sequi
1396 1873 1692 1963 malitis,
1730 1879 2200 1954 considerate.

298 1980 586 2047 LXXII.
617 1979 710 2049 At
733 1975 920 2063 vide,
938 1977 1116 2073 quid
1147 1993 1215 2050 te
1244 1983 1640 2054 amicorum
1671 1999 1963 2058 tuorum
1993 1990 2337 2082 studium,

194 2084 388 2181 quid
421 2099 627 2156 tuum
666 2086 1083 2175 consilium,
1121 2088 1334 2184 quid¹
1375 2094 1739 2163 sociorum
1770 2095 2102 2169 voluntas
2132 2100 2338 2197 adju-

199 2209 342 2265 vet.
364 2195 613 2265 Dicam
644 2195 892 2292 paullo
919 2198 1325 2294 promptius
1348 2229 1362 2270 :
1385 2225 1628 2297 neque
1660 2208 1856 2281 enim
1880 2205 2030 2300 jam
2052 2234 2332 2301 vereor,

200 2330 296 2375 ne
320 2306 483 2401 quis
510 2304 650 2378 hoc
674 2330 790 2378 me
817 2308 1040 2405 magis
1058 2312 1500 2381 accusatorie
1519 2365 1540 2399 ,
1561 2336 1780 2409 quam
1813 2313 2038 2387 libere
2067 2317 2332 2394 dixisse

196 2413 611 2487 arbitretur.
652 2420 723 2488 Si
766 2421 936 2489 istas
974 2418 1215 2498 literas
1247 2445 1399 2490 non
1429 2420 1725 2493 decreto
1756 2422 2332 2504 decumanorum
2381 2449 2385 2454 ’

198 2528 521 2618 magistri
570 2532 1079 2613 removissent3
1136 2543 1416 2604 tantum
1457 2554 1744 2627 possem
1799 2536 1997 2605 in-te
2050 2537 2329 2626 dicere,

198 2645 556 2728 quantum
614 2636 689 2704 in
753 2634 974 2705 literis
1025 2640 1478 2709 invenissem.
1541 2642 1799 2728 Nunc,
1844 2641 2136 2717 decreto
2194 2651 2332 2720 isto

198 2740 432 2824 fact0,
485 2743 851 2839 literisque
894 2750 1223 2835 remotis,
1274 2761 1559 2818 tantum
1603 2749 1780 2820 mihi
1836 2751 2003 2824 licet
2056 2754 2331 2842 dicere,

197 2866 558 2946 quantum
587 2875 880 2950 possum
899 2864 927 2896 ²
954 2868 1273 2940 3tantum
1300 2856 1530 2952 judici
1564 2861 1946 2956 suspicari,
1968 2882 2324 2960 quantum

198 2961 385 3032 velit.
412 2964 630 3050 Dico,
660 2978 729 3036 te
759 2967 1147 3038 maximum
1170 2965 1459 3063 pondus
1484 2970 1642 3037 auri
1660 3022 1680 3056 ‚
1708 2974 2023 3065 argenti,
2053 2975 2325 3063 eboriS,

269 3203 319 3249 4.
352 3194 443 3256 Qui
468 3192 737 3259 fferam.
776 3198 942 3259 Quum
975 3194 1037 3242 de
1065 3193 1219 3241 literis

197 3273 418 3320 delendis
432 3274 675 3322 decretum
690 3275 1015 3323 ese—causa
1028 3272 1215 3319 nititur.

197 3353 329 3413 Quin
364 3367 506 3401 nemo
531 3365 603 3402 eet
628 3356 713 3417 qni
740 3354 858 3401 talea
886 3354 1046 3412 viros,
1076 3363 1216 3399 tento

196 3430 457 3495 splendore
470 3447 527 3478 ac
544 3432 744 3493 decore,
759 3425 793 3494 f
783 3432 1012 3481 udicandi
1030 3432 1217 3480 honore

196 3526 301 3557 non
322 3509 496 3572 dignos
512 3510 700 3560 habeat.

271 3590 319 3638 5.
352 3588 448 3650 Qui
474 3600 536 3637 te.
577 3590 681 3637 Etsi
715 3589 786 3637 illi
812 3590 997 3654 equites
1015 3593 1213 3638 Verrem

195 3668 621 3717 condemnandum
681 3686 781 3717 esee
843 3670 1184 3730 judicaverunt
1199 3708 1214 3731 ,

196 3747 462 3795 noluerunt
497 3763 608 3795 eum
644 3748 982 3807 condemnari,
1008 3765 1048 3795 s.
1075 3765 1215 3808 eum,

193 3837 435 3889 «guantum
462 3828 512 3875 in
536 3844 590 3875 ee
614 3828 731 3886 fuit,
759 3828 1108 3877 absolvendum
1139 3846 1216 3877 cu-

195 3919 446 3964 raverunt,
460 3917 715 3972 propterea
728 3908 867 3971 qnod
884 3924 969 3955 sua
988 3908 1217 3956 interesse

196 3985 459 4046 putabant,
486 4003 538 4034 oe
566 3997 729 4050 grato·
754 4001 866 4050 erga
890 3987 1087 4034 Verrem
1111 3989 1219 4035 exi·

196 4066 397 4114 samri.
420 4069 523 4114 Vos
544 4080 684 4124 vero,
713 4066 933 4127 judices,
972 4066 1130 4113 videte
1157 4083 1217 4113 an

197 4146 327 4206 sequi
365 4145 542 4195 malitis
568 4161 735 4192 corum
759 4143 1087 4203 voluntatem,
1111 4161 1218 4208 qnae

1305 3207 1507 3259 apparet
1548 3196 1598 3242 in
1645 3196 1890 3247 literarum
1939 3205 2238 3261 remotione,
2277 3209 2328 3254 in

1305 3289 1399 3337 qua
1428 3273 1671 3338 cupiditas
1699 3274 1946 3326 dominata
1972 3292 2072 3339 αῖς
2110 3299 2172 3329 an
2188 3284 2330 3348 jude}-

1304 3354 1460 3406 cIum,
1499 3368 1601 3415 quo
1618 3355 1821 3402 Verrem
1854 3370 2111 3407 nocentem
2153 3371 2202 3408 et
2245 3363 2328 3410 da·

1305 3431 1570 3480 mnaudum
1617 3449 1719 3481 esse
1771 3449 2126 3498 cognoverunt.
2169 3441 2329 3489 Facile

1304 3512 1353 3559 h.
1380 3511 1414 3559 l.
1437 3510 1601 3559 videas
1630 3511 1810 3561 haerere
1842 3515 2154 3576 Ciceronem,
2191 3520 2328 3582 quod

1302 3590 1517 3654 equitum
1535 3607 1659 3638 rom.
1672 3592 1997 3642 offensionem
2013 3608 2257 3658 vereatur3
2278 3612 2328 3647 et

1301 3669 1470 3732 ipsein
1483 3686 1586 3732 seq.
1600 3685 1644 3718 c.
1656 3669 1780 3718 illud
1798 3687 1900 3718 non
1918 3673 2122 3723 obscure
2143 3678 2324 3728 innuit.

1375 3750 1427 3795 6.
1456 3747 1671 3796 Iudicio.
1688 3749 1845 3799 Addit
1872 3764 1919 3800 te
1945 3753 2222 3804 Lambinus.

1372 3829 1579 3876 Lxxn.
1631 3844 1674 3876 t.
1718 3830 1981 3881 Sociorum.
2034 3834 2325 3883 Publicano-

1307 3925 1429 3956 rum.
1448 3935 1518 3944 —
1537 3909 1828 3973 Promptius.
1857 3912 2095 3961 Liberius.

1378 4003 1424 4035 2.
1460 3989 1652 4037 Ernest.
1682 3988 1846 4037 mallet
1855 3990 2041 4055 possim
2062 4026 2077 4047 ,
2110 3994 2224 4056 quia
2248 4013 2325 4042 se-

1308 4066 1472 4130 quitur
1493 4066 1627 4113 velie.
1655 4069 1724 4113 At
1751 4084 1949 4131 possum
1986 4067 2184 4119 definite
2207 4073 2323 4121 ‹tici-

1312 4158 1406 4203 tur,
1429 4144 1548 4193 velie
1569 4144 1771 4192 infinite.
1794 4148 1907 4193 Scn.

2027 4231 2136 4301 32.
