3044 4788
605 403 744 474 260
1233 407 1330 475 M.
1385 408 1460 474 T.
1517 408 2081 477 CICERONIS

595 528 952 624 judicium
976 581 995 613 ‚
1044 552 1200 598 non
1251 526 1536 598 licebat.
1594 531 1856 598 Minari
1915 527 2237 624 denique
2305 526 2754 601 divisoribus

595 641 780 710 ratio
830 663 979 709 non
1017 651 1202 723 erat,
1239 651 1625 735 propterea
1672 638 1876 736 quod
1926 663 2050 710 eos
2088 638 2488 736 intelligere
2536 641 2750 713 vide-

594 748 806 836 bam,
847 773 964 820 me
997 747 1140 819 hoc
1176 747 1453 841 judicio
1491 748 1898 820 districtum
1940 761 2160 844 atque
2198 746 2594 845 obligatum
2635 748 2752 819 fu-

594 875 866 932 turum.
900 863 1141 955 Atque
1180 856 1324 928 hoc
1360 860 1520 956 ipso
1558 873 1889 956 tempore
1934 857 2189 952 Siculis
2232 856 2744 929 denuntiatum

593 994 750 1041 esse
790 967 1040 1054 audin,
1072 969 1391 1064 primum
1443 966 1536 1038 ab
1580 969 2011 1053 HortensiO,
2055 966 2364 1037 domum
2402 967 2490 1038 ad
2538 969 2743 1039 illum

592 1094 677 1150 ut
723 1079 1094 1165 venirent3
1148 1078 1429 1149 Siculos
1477 1102 1649 1149 sane
1700 1082 1777 1148 in
1822 1103 1912 1150 eo
1956 1076 2229 1149 liberos
2284 1076 2541 1168 fuisse,
2579 1081 2745 1177 qui,

590 1186 1072 1288 quamobrem
1111 1204 1673 1277 arcesserentur,
1725 1214 1958 1287 quum
2017 1189 2546 1286 intelligerent,
2591 1215 2741 1263 non

588 1304 873 1372 venisse
894 1302 945 1370 4.
959 1305 1251 1372 Interea
1276 1301 1570 1371 comitia
1591 1315 1838 1370 nostra
1852 1355 1871 1387 ‚
1894 1324 2212 1398 quorum
2231 1303 2366 1372 iste
2399 1325 2498 1387 se,
2516 1316 2600 1372 ut
2622 1326 2742 1373 ce-

594 1427 921 1483 terorum
951 1411 1092 1483 hoc
1114 1435 1310 1482 anno
1344 1412 1812 1482 comitiorum
1843 1410 2229 1482 dominum
2262 1436 2418 1484 esse
2443 1411 2743 1484 arbitra·

586 1520 827 1609 batur,
853 1520 1102 1593 haberi
1132 1535 1374 1619 coepta
1408 1535 1600 1592 sunt.
1641 1523 1948 1592 Cursare
1984 1522 2142 1607 iste,
2167 1520 2394 1593 homo
2431 1536 2695 1619 potens
2717 1579 2737 1607 ,

583 1657 749 1704 cum
774 1630 924 1703 filio
937 1632 1210 1704 blando
1231 1645 1304 1702 et
1330 1627 1714 1727 gratioso⁵,
1742 1634 2022 1701 circum
2050 1629 2321 1719 tribus;
2351 1632 2742 1729 paternos⁶

586 1746 887 1831 amicos,
928 1743 1070 1814 hoc
1109 1757 1248 1831 est,
1292 1741 1684 1829 divisores,
1736 1742 2101 1841 appellare
2141 1767 2396 1812 omnes
2434 1758 2506 1815 et
2548 1768 2731 1814 con-

585 1858 855 1925 venire.
907 1853 1125 1944 Quod
1167 1877 1399 1949 quum
1436 1868 1627 1923 esset
1663 1852 2115 1924 intellectum
2158 1867 2233 1923 et
2279 1854 2732 1925 animadver-

584 1990 788 2051 sum3
824 1962 997 2036 fecit
1033 1966 1276 2033 animo
1314 1961 1797 2035 libentissimo
1836 1961 2156 2060 populus
2192 1986 2577 2050 romanus,
2611 1978 2736 2047 ut,

584 2078 698 2172 cuj
712 2099 794 2145 us
826 2071 1091 2142 divitiae
1131 2095 1248 2141 me
1280 2070 1370 2142 de
1399 2068 1544 2143 fide
1581 2071 1942 2144 deducere
1976 2097 2133 2143 non
2158 2077 2607 2171 potuissent,
2638 2099 2739 2146 ne

583 2182 915 2281 ejusdem
954 2181 1277 2279 pecuniae
1314 2179 1404 2252 de
1433 2181 1715 2253 honore
1746 2181 2143 2277 dejicerent
2164 2194 2214 2250 ⁷.
2257 2185 2735 2283 Posteaquam

587 2293 707 2364 illa
743 2292 1119 2389 petitionis
1155 2314 1415 2388 magna
1441 2315 1615 2362 cura
1645 2290 1993 2364 liberatus
2030 2316 2226 2381 sum,
2258 2297 2505 2365 animo
2542 2298 2736 2394 coepi

587 2405 1065 2501 multomagis
1080 2428 1311 2475 vacuo
1324 2427 1408 2474 ac
1434 2403 1702 2493 solum,
1721 2404 1903 2476 nihil
1923 2404 2120 2476 aliud
2136 2461 2153 2493 ,
2171 2406 2308 2476 nisi
2333 2405 2424 2477 de
2435 2405 2735 2501 judici0,

586 2540 800 2616 agere
822 2530 894 2587 et
913 2517 1253 2612 cogitare.
1286 2517 1625 2612 Reperio,
1640 2514 1951 2609 judices,
1973 2514 2126 2587 haec
2148 2514 2240 2586 ab
2260 2518 2417 2588 istis
2437 2518 2736 2601 consilia

583 2631 767 2719 inita
791 2641 865 2699 et
887 2627 1279 2697 constituta
1297 2679 1316 2711 ‚
1346 2639 1455 2712 ut,
1484 2649 1951 2721 quacumque
1983 2650 2169 2722 opus
2202 2642 2389 2698 esset
2414 2630 2733 2714 ratione,

581 2764 697 2810 res
715 2741 814 2808 ita
833 2735 1250 2823 duceretur,
1272 2748 1355 2804 ut
1372 2734 1565 2832 apud
1588 2738 1686 2804 M.
1706 2734 2088 2805 Metellum
2104 2751 2491 2834 praetorem
2518 2764 2732 2810 causa

585 2849 985 2934 diceretur;
1013 2850 1089 2916 in
1114 2871 1203 2916 eo
1223 2869 1376 2916 esse
1400 2844 1554 2916 haec
1575 2843 1993 2917 commoda:
2016 2850 2337 2943 primum
2363 2851 2460 2917 M.
2480 2848 2730 2919 Metel·

583 2960 773 3048 lum,
803 2959 1347 3045 amicissimum3
1377 2954 1644 3026 deinde
1675 2958 2141 3027 Hortensium
2166 2956 2545 3028 consulem
2578 2983 2727 3029 non

658 3128 706 3175 4.
738 3116 948 3164 Venisse.
975 3114 1057 3162 Ad
1085 3114 1218 3162 hunc
1249 3112 1416 3162 locum
1451 3113 1607 3161 anim·

581 3197 792 3245 advertit
841 3194 1084 3244 Asconius
1104 3227 1121 3252 ,
1172 3194 1606 3254 inconsequentem

580 3294 685 3325 esse
724 3277 1022 3324 locutionem
1067 3271 1372 3337 similemque
1415 3270 1608 3318 soloeei-

579 3358 699 3413 smi,
723 3354 965 3418 siquidem
988 3367 1124 3399 «non
1148 3351 1333 3399 venisse
1351 3371 1373 3392 ·
1397 3348 1604 3413 legeris:

579 3450 690 3483 uam
710 3436 751 3481 si
780 3456 802 3477 ι
817 3450 918 3482 non
938 3432 1181 3479 venissent
1197 3451 1247 3487 ι,
1264 3444 1480 3476 errorem
1499 3444 1603 3476 non

577 3529 698 3561 esse.
743 3513 823 3559 Sic
867 3513 1015 3560 etiam
1052 3508 1250 3573 scripsit
1284 3507 1507 3569 Desjard.
1552 3520 1602 3556 et

578 3590 816 3656 proponit
841 3590 964 3639 J.v.
985 3592 1041 3638 L.
1065 3590 1118 3638 J.
1139 3591 1196 3635 F.
1229 3588 1385 3635 Gron.
1404 3586 1527 3634 Obs.
1547 3587 1571 3633 1
1587 3622 1602 3647 ,

583 3687 644 3718 ιο
664 3704 678 3726 ,
704 3667 853 3716 scribi
875 3667 1033 3715 voluit
1056 3665 1284 3714 «Siculos
1304 3683 1342 3714 s.
1361 3666 1396 3713 i.
1419 3682 1464 3713 e.
1484 3666 1601 3714 libe·

573 3765 658 3797 ros
680 3746 844 3807 fnisse,
869 3743 1281 3808 quemadmodum
1307 3758 1600 3792 arcesseren-

577 3838 657 3875 tur
673 3841 825 3889 quum
843 3822 1168 3887 intelligerent
1187 3856 1202 3882 ,
1229 3838 1330 3870 non
1354 3824 1542 3871 venisse
1555 3845 1599 3873 ι..

572 3910 721 3955 Hunc
749 3914 985 3967 sequutus
1008 3913 1082 3951 est
1109 3904 1275 3951 Graev.
1301 3900 1498 3951 Schiitz.
1516 3919 1602 3951 au-

573 3998 670 4035 tem
691 3983 813 4031 duas
829 3981 1028 4029 voculas
1045 4003 1069 4023 ιι
1082 3981 1245 4040 fuisse,
1257 3984 1342 4046 qui
1354 4004 1380 4024 υ
1397 3984 1601 4031 omnino

571 4066 718 4115 delet.
750 4064 916 4125 Quum
945 4077 1062 4110 vero
1092 4059 1373 4109 facillimum
1414 4078 1603 4127 semper

568 4145 743 4205 fuerit,
757 4142 1000 4191 obstantis
1031 4139 1176 4190 verba
1198 4140 1407 4203 abjicere
1429 4153 1477 4189 et
1497 4157 1599 4188 am-

1696 3122 1867 3177 putare
1887 3148 1902 3172 ,
1935 3112 2114 3177 quaerit
2142 3114 2304 3161 Garat.
2323 3124 2538 3161 veterem
2560 3114 2728 3175 lectio-

1695 3208 1807 3240 nem
1852 3194 1977 3241 tueri
1991 3228 2007 3252 ‚
2050 3193 2093 3241 si
2137 3192 2368 3239 nimirum
2407 3216 2433 3235 α
2451 3195 2539 3257 qui
2575 3211 2727 3259 quum

1693 3271 2020 3338 intelligerent
2042 3294 2067 3314 ι-
2124 3273 2342 3336 positnm
2395 3274 2726 3323 existimemus

1692 3368 1786 3417 pro
1823 3374 1846 3397 ι
1867 3369 2020 3417 quum
2055 3352 2108 3398 hi
2150 3350 2478 3415 intelligerent
2492 3374 2515 3395 ι
2529 3387 2546 3412 ,
2588 3354 2723 3418 qnod

1690 3432 1870 3495 saepius
1883 3431 2097 3479 occurrit
2116 3430 2377 3495 eloquendi
2394 3448 2564 3496 genus.
2576 3433 2727 3496 Quid-

1690 3512 1812 3575 quid
1838 3512 1891 3560 id
1916 3523 2015 3570 est,
2040 3527 2207 3558 sensns
2233 3521 2305 3558 est
2323 3523 2544 3575 apertus.

1762 3590 1810 3637 5.
1840 3590 2032 3637 Blando
2069 3602 2119 3639 ee
2147 3588 2386 3655 gratioso.
2425 3592 2640 3640 Feminis
2663 3608 2721 3640 nc

1686 3669 1898 3716 maxime
1914 3669 2248 3718 meretricibus
2268 3668 2526 3719 blanditie
2545 3687 2725 3719 eonve-

1689 3748 1859 3806 niunt,
1890 3748 2041 3811 gratis
2058 3765 2176 3797 vero
2203 3765 2314 3813 quae
2336 3760 2500 3813 potest
2529 3753 2582 3798 in
2607 3750 2723 3798 ado-

1689 3826 1986 3875 lescentibus
2013 3845 2116 3876 esse
2143 3831 2248 3877 sine
2274 3829 2471 3877 infamia
2493 3831 2720 3879 i'Asoon.

1761 3908 1816 3957 6.
1839 3911 2099 3967 Potentes,-
2119 3910 2201 3958 elii
2215 3944 2230 3970 ,
2246 3922 2504 3975 patronos.

1766 4004 1812 4048 7.
1835 3989 2043 4038 Pecunia
2063 3989 2114 4039 d.
2130 3989 2181 4039 Ιι.
2199 3989 2448 4055 dejicerer.
2466 3990 2548 4038 sic
2565 3989 2723 4037 codex

1691 4065 2121 4133 Guelferbytanus.
2141 4072 2174 4119 J
2176 4069 2257 4118 JV.
2279 4070 2336 4117 L.
2358 4096 2426 4105 —
2452 4090 2480 4111 e·
2496 4070 2724 4117 Pecuniis

1691 4143 1740 4194 d.
1779 4146 1829 4195 h.
1878 4147 2111 4208 dejiceret·
2133 4171 2157 4190 ι-
2204 4148 2431 4209 Desjsrd.
2462 4149 2723 4214 -pecmfise
