3044 4788
569 419 705 490 262
1209 417 1306 484 M.
1360 417 1438 483 T.
1491 415 2064 484 CICERONIS

559 565 814 613 verum
841 562 995 611 esse
1014 534 1387 620 videatur?
1414 509 1597 607 Nam
1631 533 1772 606 hoc
1788 538 2092 605 Verrem
2112 532 2353 605 dicere
2376 533 2672 607 aiebant
2689 591 2714 624 ‚

565 665 636 722 te
674 673 827 721 non
863 646 1082 732 fato¹,
1131 659 1216 715 ut
1249 659 1530 716 ceteros
1577 669 1665 715 ex
1700 659 1935 716 vestra
1974 642 2278 732 familia,
2314 643 2440 716 sed
2486 671 2718 743 opera

559 785 713 850 sua,
737 758 1113 846 consulem
1138 754 1434 827 factum.
1459 759 1629 826 Duo
1655 756 1878 852 igitur
1907 754 2242 844 consules
2271 769 2344 826 et
2370 757 2715 851 quaesitor

563 885 782 944 erunt
799 895 888 941 ex
907 867 1100 938 illius
1118 865 1515 937 voluntate.
1530 868 1593 937 N
1597 890 1699 935 on
1714 864 1951 937 solum
1975 861 2429 961 effugiemus,
2444 866 2715 961 inquit,

569 983 946 1055 hominem
997 980 1075 1049 in
1113 975 1514 1075 quaerendo
1553 980 1861 1047 nimium
1907 975 2363 1072 diligentem,
2402 978 2712 1046 nimium

568 1093 999 1166 servientem
1042 1087 1294 1185 populi
1331 1089 1883 1174 existimationi,
1907 1085 2024 1158 Μ’.
2050 1085 2522 1158 Glabrionem
2554 1112 2570 1156 t
2600 1110 2712 1157 ac·

569 1197 780 1274 cedet
807 1197 1024 1270 nobis
1051 1202 1267 1270 etiam
1290 1196 1746 1270 illud.Judex
1769 1212 1879 1268 est
1896 1201 1995 1268 M.
2015 1199 2415 1283 Caesonius,
2434 1195 2712 1293 collega

568 1312 802 1388 nostri
827 1311 1260 1382 accusatoris
1276 1364 1296 1397 ,
1320 1307 1545 1379 homo
1572 1309 1644 1377 in
1672 1307 1893 1379 rebus
1915 1306 2326 1402 judicandis
2350 1321 2714 1404 spectatus

570 1438 646 1496 et
670 1423 1025 1519 cognitus;
1042 1443 1266 1516 quem
1290 1422 1593 1489 minime
1613 1418 1951 1517 expediat
1982 1442 2136 1490 esse
2157 1422 2235 1488 in
2256 1442 2345 1490 eo
2367 1417 2709 1504 consili0,

570 1532 770 1631 quod
802 1555 1156 1603 conemur
1180 1529 1423 1627 aliqua
1457 1532 1740 1600 ratione
1772 1552 2242 1626 corrumpere
2271 1554 2288 1597 ε
2330 1541 2715 1625 propterea

574 1642 773 1741 quod
824 1643 975 1739 jam
1024 1656 1264 1727 antea,
1319 1664 1554 1738 quum
1601 1638 1830 1736 judex
1873 1642 1951 1709 in
1999 1640 2357 1711 Juniano²
2410 1636 2714 1708 consilio

572 1751 859 1840 fuisset,
887 1752 1388 1849 turpissimum
1417 1749 1600 1822 illud
1635 1749 1914 1822 facinus
1946 1774 2095 1821 non
2133 1749 2369 1820 solum
2408 1752 2718 1846 graviter

575 1865 764 1950 tulit,
789 1862 914 1935 sed
953 1862 1166 1933 etiam
1204 1862 1282 1931 in
1319 1860 1644 1932 medium
1673 1861 2001 1959 protulit.
2032 1866 2243 1931 Hunc
2269 1858 2590 1955 judicem
2627 1884 2715 1930 ex

575 1973 715 2048 kal.
738 1978 1013 2070 januar.
1034 1997 1183 2045 non
1206 1970 1696 2044 habebimus3.
1720 1977 1809 2063 Q.
1829 1971 2183 2043 Manlium
2207 1986 2279 2042 et
2298 1974 2385 2060 Q.
2405 1967 2714 2042 Cornifi·

483 2123 488 2124 ff
573 2089 809 2170 cium,
846 2081 1035 2154 duos
1067 2084 1561 2154 severissimos
1602 2098 1821 2182 atque
1858 2087 2365 2179 integerrimos
2395 2080 2715 2178 judiceS,

571 2192 777 2292 quod
811 2190 1092 2263 tribuni
1133 2189 1365 2290 plebis
1395 2206 1554 2262 tum
1596 2208 1856 2279 erunt,
1892 2193 2174 2290 judices
2216 2217 2369 2264 non
2414 2190 2717 2263 habebi-

576 2327 763 2375 muS.
815 2308 889 2375 P.
937 2302 1326 2402 Sulpicius,
1364 2302 1592 2400 judex
1641 2305 1863 2375 tristis
1902 2317 1974 2375 et
2006 2306 2312 2398 integer,
2351 2305 2717 2400 magistra-

576 2429 736 2485 tum
769 2414 1005 2486 ineat⁴
1031 2439 1326 2486 necesse
1355 2428 1463 2486 est
1500 2418 1718 2486 nonis
1743 2413 2109 2486 decembr.
2142 2419 2238 2484 M.
2263 2415 2717 2511 Crepereius,

576 2548 666 2596 ex
691 2521 1082 2596 acerrima⁵
1116 2524 1233 2595 illa
1270 2528 1592 2621 equestri
1611 2523 1881 2596 familia
1910 2540 1984 2597 et
2020 2522 2437 2623 disciplina;
2459 2527 2537 2594 L.
2560 2527 2721 2594 Cas·

575 2637 758 2725 sius,
807 2660 894 2707 ex
932 2634 1197 2706 familia
1237 2649 1394 2705 tum
1433 2633 1526 2705 ad
1565 2651 1838 2708 ceteras
1874 2661 1989 2708 res
2012 2690 2032 2722 ,
2070 2651 2228 2707 tum
2263 2635 2354 2706 ad
2387 2634 2721 2728 judican-

539 2752 543 2755 ’
574 2744 753 2819 dum
780 2747 1257 2833 severissima3
1297 2749 1430 2816 Cn.
1460 2746 1887 2817 Tremellius
1910 2802 1929 2834 ,
1968 2747 2194 2818 homo
2234 2770 2517 2818 summa
2557 2745 2721 2817 reli·

580 2860 800 2955 gione
837 2870 910 2927 et
945 2855 1318 2954 diligentia
1362 2884 1378 2926 :
1421 2872 1565 2927 tres
1597 2855 1672 2926 hi
1702 2855 2034 2928 homines
2076 2853 2405 2929 veteres⁶
2448 2854 2725 2927 tribuni

575 2966 928 3038 'militares
949 2981 1119 3037 sunt
1137 2965 1519 3066 designati:
1537 2992 1626 3038 ex
1648 2966 1776 3037 kal.
1791 2966 2076 3062 januar.
2092 2990 2246 3037 non
2266 2964 2720 3062 judicabunt.

651 3200 721 3249 X.
756 3215 803 3249 1.
832 3200 946 3248 Non
956 3196 1092 3262 fato.
1130 3198 1326 3246 Alludit
1352 3197 1418 3245 ad
1452 3197 1608 3245 facete

582 3279 770 3329 dictum
805 3278 966 3328 Naevii
1001 3289 1196 3341 poetoe:
1224 3298 1249 3318 α
1268 3280 1388 3324 Fato
1419 3275 1609 3324 Metelli

579 3363 755 3410 Roma
772 3358 899 3408 fiunt
925 3359 1187 3407 consules·
1204 3390 1219 3415 ,
1248 3356 1329 3404 cui
1358 3368 1477 3406 tunc
1501 3359 1611 3405 Me·

583 3439 730 3487 tellus
747 3439 923 3488 consul
941 3440 1094 3488 iratus
1112 3436 1455 3501 responderat:
1476 3439 1610 3486 «Da-

585 3516 713 3566 bunt
735 3517 914 3565 malum
940 3517 1128 3567 Metelli
1152 3516 1329 3565 Naevio
1356 3527 1514 3580 poetae
1529 3539 1576 3566 a.

662 3611 711 3645 ο.
769 3596 1011 3645 Iuniano.
1055 3598 1225 3659 Quum
1276 3596 1608 3660 Oppianicus,

582 3674 749 3737 judice
800 3675 1083 3737 quaestionis
1125 3679 1157 3725 J
1161 3676 1282 3723 unio
1298 3708 1314 3733 ‚
1356 3675 1611 3724 damnatus

587 3764 690 3804 est:
716 3763 835 3800 tunc
854 3755 984 3801 euim
999 3755 1249 3803 Caesonius
1268 3753 1424 3814 judex
1446 3771 1612 3802 corru-

586 3832 900 3901 ptosjudices
915 3832 1296 3881 indicaviuvide
1310 3848 1402 3898 pro
1415 3833 1610 3882 Cluent.

664 3916 712 3963 3.
739 3913 851 3959 Non
870 3910 1167 3959 habebimus.
1186 3913 1313 3974 Quia
1333 3912 1427 3960 erit
1443 3913 1616 3971 aedilis,

588 4008 638 4045 et
676 3992 984 4056 magistratus
1018 3991 1238 4052 judicum
1276 4002 1438 4056 partes
1470 3993 1616 4041 susti·

584 4090 699 4125 nere
726 4088 814 4137 pet
837 4071 967 4135 leges
985 4086 1088 4120 non
1107 4083 1331 4135 ponunt.

661 4160 710 4210 4.
733 4151 954 4202 umbin.
971 4161 1175 4216 oportet.
1198 4154 1232 4202 J
1235 4187 1249 4201 .
1267 4153 1331 4200 V.
1350 4153 1403 4200 L.
1424 4180 1493 4189 —
1515 4152 1616 4199 No·

1694 3197 1771 3245 nis
1816 3196 2056 3248 decembr.
2094 3198 2305 3246 Tribuni
2353 3197 2514 3262 plebis
2564 3216 2729 3249 mense

1696 3276 1941 3325 decembri
1959 3278 2288 3342 magistratum
2311 3278 2502 3326 inibant
2519 3296 2534 3327 τ
2552 3291 2729 3343 quarto

1696 3356 1809 3405 idus
1825 3391 1841 3417 ,
1881 3356 2150 3406 secundum
2180 3357 2373 3405 Livium
2394 3392 2409 3417 ,
2457 3361 2690 3408 xxm
2711 3393 2727 3416 ‚

1699 3436 1764 3484 52
1784 3471 1800 3495 ,
1825 3447 1877 3484 et
1910 3438 2123 3500 Dionys.
2158 3436 2375 3498 Hal.V1;
2413 3438 2559 3486 nonis
2582 3455 2729 3499 vero,

1697 3524 1838 3563 atate
1858 3515 2111 3565 Ciceronis
2125 3549 2141 3574 ,
2166 3528 2221 3564 ut
2240 3517 2293 3565 h.
2316 3517 2349 3565 l.
2376 3527 2524 3581 patet.

1772 3595 1821 3643 5.
1839 3596 1924 3642 Ex
1948 3594 2205 3644 acerrima.
2220 3597 2299 3644 Ex
2317 3596 2498 3644 familia
2516 3597 2729 3661 equestri

1698 3684 1870 3730 natus,
1906 3689 2038 3721 nunc
2064 3686 2230 3722 autem
2248 3688 2471 3735 senator3
2502 3677 2638 3741 quod
2667 3693 2729 3725 ex

1697 3769 1760 3802 eo
1781 3753 1962 3816 liquet,
1979 3755 2093 3817 quia
2107 3754 2263 3814 judex
2287 3768 2375 3805 est.
2398 3758 2590 3805 Severis
2613 3772 2730 3807 vero

1697 3832 1949 3882 institutus
1970 3832 2244 3897 disciplinis
2259 3870 2275 3895 ,
2303 3852 2413 3899 quae
2441 3836 2496 3885 in
2521 3835 2733 3900 equestri

1703 3912 1878 3961 ordine
1900 3912 2143 3977 vigebant.

1774 3995 1828 4042 6.
1862 3996 2071 4042 Veteres.
2098 3994 2329 4058 Antiqua!
2355 3994 2643 4043 severitatis.
2660 4021 2732 4031 -

1712 4071 1912 4120 Tribuni
1939 4072 2174 4121 militares
2195 4074 2256 4122 ab
2275 4073 2653 4137 imperatoribus
2669 4072 2730 4120 ad

1701 4167 1886 4202 annum
1907 4169 2064 4219 usque
2084 4154 2212 4217 3933
2236 4164 2407 4219 postea
2423 4170 2540 4202 vero
2558 4154 2731 4202 Rome
