3044 4788
763 406 893 489 DE
940 424 1382 493 sumens
1435 429 1911 499 PRIVATIS.
2255 436 2393 535 573

209 594 218 608 ,
281 543 490 621 hunc.;
542 565 623 605 an
676 543 804 606 hoc
860 560 1179 631 tempore,
1242 547 1428 610 liceat
1479 572 1686 636 agere.
1744 553 1873 615 Seu
1926 570 2000 617 ut
2057 572 2155 621 est
2217 562 2389 647 apud

275 650 451 710 Jctos
494 670 510 711 :
573 648 763 734 «ipso
816 650 960 728 jure
987 697 1004 730 ,
1070 672 1175 730 re,
1240 668 1529 739 tempore
1556 703 1573 729 ‚
1625 640 1801 737 locu,
1854 680 2043 722 causa
2072 692 2114 725 a.
2166 664 2390 730 Cicero

278 776 397 839 pro
442 753 713 817 Murena
747 754 954 843 lepide
981 755 1207 820 irridet
1249 758 1366 822 has
1402 760 1748 841 formulaS,
1777 785 1893 825 seu
1931 781 2149 846 notas,
2184 785 2257 832 ut
2287 794 2394 835 eas

277 874 463 921 vocat
480 905 498 937 ,
534 858 770 945 quibus
797 861 1081 924 actiones
1113 860 1577 948 dirigebantur.
1597 863 1780 931 Idem
1800 890 1922 954 pro
1942 870 2172 935 Caecin.
2196 896 2257 937 c.
2284 875 2390 955 23,

277 962 583 1025 formulas
618 964 888 1052 appellat
925 965 1200 1052 aucupia
1226 966 1574 1031 verborum
1597 1017 1614 1049 ,
1649 987 1714 1033 et
1739 971 2069 1038 literarum
2099 977 2394 1043 tendicu-

276 1058 404 1147 las3
444 1085 636 1155 atque
661 1069 1200 1148 jurisconsultum
1244 1071 1356 1156 qui
1392 1094 1525 1134 non
1558 1073 1641 1136 sit
1678 1076 1936 1159 Orator,
1980 1103 2098 1166 per
2133 1104 2200 1146 se
2233 1085 2395 1147 nihil

274 1172 446 1236 aliud
490 1196 628 1237 esse
669 1173 856 1251 dicit,
903 1173 1026 1235 nisi
1068 1174 1415 1261 leguleium
1451 1177 1798 1262 quemdam
1849 1201 2107 1249 cautum
2142 1204 2207 1250 et
2238 1212 2392 1252 acu-

276 1294 413 1340 tum
434 1326 450 1357 ,
478 1300 838 1364 praeconem
860 1277 1190 1341 actionum
1205 1327 1222 1358 ,
1248 1297 1578 1345 cantorem
1600 1285 2022 1352 formularum
2036 1339 2054 1372 ,
2069 1315 2391 1381 aucupem

273 1381 688 1468 syllabarum.
725 1382 821 1444 De
856 1375 1032 1445 Ora‘t.
1055 1383 1083 1444 I
1106 1430 1124 1462 ,
1155 1405 1290 1471 cap.
1324 1383 1425 1448 55.
1464 1386 1545 1448 Et
1577 1387 1714 1474 ipse
1748 1390 1839 1452 ait
1875 1391 2069 1455 Gaius
2102 1419 2205 1459 eas
2245 1420 2389 1461 om·

276 1508 389 1548 nes
424 1487 579 1573 legis
618 1486 902 1549 actiones
937 1486 1262 1574 paullatim
1296 1490 1361 1551 in
1396 1489 1622 1552 odium
1660 1493 1949 1558 venisse:
1999 1520 2276 1587 namque
2309 1527 2387 1567 ex

273 1592 469 1653 nimia
496 1600 782 1655 veterum
814 1592 1182 1673 subtilitate,
1203 1596 1314 1680 qui
1340 1611 1497 1659 tunc
1515 1596 1662 1675 jura
1683 1597 2112 1684 condiderint,
2142 1628 2220 1669 eo
2253 1631 2391 1673 rem

273 1696 673 1782 perductam,
697 1713 770 1760 ut
788 1698 888 1760 vel
913 1698 1025 1784 qui
1055 1699 1397 1762 minimum
1426 1719 1698 1766 errasset
1716 1751 1733 1784 ,
1769 1704 1946 1768 litem
1975 1709 2289 1794 perderet.
2317 1714 2391 1777 Id

275 1803 513 1865 scilicet
542 1803 789 1889 patricii
821 1804 1209 1876 invenerunt
1229 1853 1247 1886 ,
1285 1823 1361 1868 ut
1402 1829 1599 1892 penes
1628 1830 1696 1872 se
1727 1811 2010 1897 plebeios
2045 1815 2392 1897 haberent,

271 1909 385 1995 qui
417 1910 996 1973 controversiarum
1018 1912 1289 1973 omnino
1324 1911 1518 1975 rudes
1541 1962 1559 1995 ,
1587 1914 1669 1977 ad
1702 1915 1856 1980 istos
1893 1941 1973 1982 ne
2002 1922 2161 2007 quid
2192 1924 2256 1987 in
2284 1927 2390 1989 eli-

267 2013 477 2100 genda
521 2015 774 2078 actione
823 2031 1142 2097 errarent,
1176 2031 1240 2079 et
1291 2016 1414 2079 levi
1465 2018 1750 2104 quodam
1811 2044 2147 2109 peccarent
2200 2030 2393 2112 vitio,

266 2120 618 2208 confugere
656 2121 1077 2210 cogebantur.

357 2225 472 2287 His
495 2226 798 2311 expositis
819 2275 836 2301 ‚
873 2248 1017 2311 quae
1043 2227 1242 2289 totius
1275 2227 1469 2305 hujus
1490 2233 1857 2316 argumenti
1883 2235 2013 2298 sint
2034 2240 2217 2324 quasi
2245 2264 2393 2328 pro-

266 2332 549 2394 lusiones
568 2377 585 2411 ,
618 2332 749 2411 jam
775 2330 1123 2396 dicendum
1149 2349 1244 2396 est
1267 2356 1410 2421 quae
1436 2335 1601 2397 ratio
1629 2336 1826 2401 fuerit
1848 2343 2318 2425 postulationis

356 2437 860 2501 postulationem
914 2455 978 2502 et
1019 2440 1288 2502 actionis
1340 2439 1694 2504 editionem
1736 2445 2136 2529 praecedebat
2183 2451 2249 2513 in
2279 2453 2386 2532 jus

269 2542 559 2620 vocatio;
615 2543 1002 2627 sequebatur
1042 2543 1178 2607 dies
1212 2544 1637 2629 cognitioniS,
1692 2563 1758 2609 et
1797 2547 2079 2636 denique
2109 2553 2384 2622 dationis

264 2646 451 2733 (dies)
494 2645 727 2724 judicis
759 2648 1082 2733 postulati.

353 2753 504 2815 Fuit
538 2752 989 2816 honestissima
1025 2754 1494 2819 consuetudine
1528 2777 1968 2846 comparatum
1990 2811 2009 2840 ,
2040 2780 2113 2827 ut
2147 2767 2386 2852 petitor

267 2882 450 2941 eum,
488 2858 664 2922 unde
711 2859 1004 2946 petebat,
1056 2861 1340 2947 primum
1392 2864 1687 2926 omnium
1727 2870 2138 2951 conveniret,
2198 2874 2389 2960 eique

265 2964 676 3028 denuntiaret
711 2981 786 3026 ut
816 2963 915 3026 vel
948 2963 1128 3051 quod
1161 2964 1424 3029 deberet
1444 3014 1461 3047 ,
1490 2985 1851 3054 praestaret3
1881 2973 2011 3053 vel,
2033 2974 2210 3060 quod
2235 3001 2387 3064 pos-

266 3070 532 3150 sideret,
570 3069 925 3150 exhiberet,
963 3070 1423 3135 restitueretve.
1444 3073 1584 3135 Hoc
1612 3090 1747 3136 erat
1778 3079 2122 3164 appellare,
2153 3083 2253 3146 vel
2280 3085 2389 3147 ad·

267 3198 529 3240 monere
564 3174 950 3239 debitorem.
983 3176 1114 3239 Cic.
1152 3199 1272 3263 pro
1300 3178 1528 3258 Quint.
1556 3180 1811 3264 passim.

327 3278 554 3362 .Quod
597 3282 650 3343 si
700 3304 799 3344 res
848 3282 973 3345 hoc
1008 3298 1195 3370 pacto
1233 3285 1577 3347 convenire
1611 3285 1779 3348 inter
1823 3286 2215 3355 adversarios
2249 3317 2383 3358 non

263 3402 511 3474 posset,
558 3384 854 3448 nondum
894 3401 1106 3449 tamen
1147 3386 1211 3447 in
1242 3385 1348 3464 jus
1388 3387 1720 3471 adibatur3
1778 3414 1897 3454 nec
1953 3395 2120 3456 actio
2166 3397 2381 3462 inten-

264 3492 569 3570 debatur,
606 3492 764 3579 quin
797 3492 976 3579 prius
1011 3492 1114 3555 illa
1143 3493 1574 3556 controversia
1611 3495 1693 3557 ad
1729 3519 2108 3563 communes
2144 3502 2389 3590 aliquot

263 3598 502 3660 amicos
527 3644 545 3678 ,
600 3612 666 3659 et
701 3597 1281 3666 familiaresdelata
1318 3615 1518 3675 esset,
1569 3602 1680 3687 qui
1726 3601 1894 3665 intra
1936 3606 2213 3691 privatos
2268 3633 2386 3697 pa·

262 3701 450 3765 rietes
483 3701 947 3789 experirentur,
980 3727 1061 3766 an
1094 3719 1357 3790 possent
1404 3704 1737 3769 subortam
1785 3731 2178 3796 componere
2222 3738 2386 3779 con-

265 3808 656 3870 troversiam.
697 3808 826 3871 Cic.
863 3832 980 3896 pro
1007 3810 1236 3890 Quint.
1269 3807 1327 3890 5,
1362 3834 1386 3873 1
1407 3833 1460 3873 1.
1509 3810 1672 3875 Inde
1707 3831 1802 3876 est
1837 3815 2014 3901 quod
2050 3819 2273 3883 Cicero
2310 3845 2384 3885 ac

263 3912 474 3975 Livius
499 3910 845 3991 «judicium
880 3913 1044 3975 intra
1079 3914 1348 4002 parietes
1370 3945 1396 3969 n
1429 3935 1828 4004 nuncupent.

359 4016 555 4099 Quod
578 4019 627 4081 si
653 4021 1083 4083 controversia
1116 4021 1329 4110 peragi
1353 4045 1571 4084 coram
1592 4021 2015 4112 disceptatore
2034 4028 2390 4095 domestico

259 4126 589 4212 nequiret,
629 4125 1007 4188 veniebatur
1040 4126 1105 4188 in
1132 4127 1236 4205 jus
1265 4127 1392 4190 hoc
1427 4143 1639 4213 pacto,
