3044 4788
681 443 794 513 IN
841 444 1266 514 VERREM
1312 444 1699 530 Acrn,
1749 445 1938 515 ΜΒ.
1989 450 2043 515 1.
2290 446 2427 544 377
2493 432 2501 438 ’

294 566 626 639 machina
663 568 836 636 sua⁴
866 592 882 634 :
920 589 1086 636 nam
1115 565 1240 635 illo
1263 589 1413 636 non
1439 589 1717 649 saxum,
1747 591 1898 638 non
1937 569 2271 640 materies
2300 570 2428 641 ad-

294 692 499 749 vecta
519 690 646 748 est.
664 679 977 746 Tantum
994 675 1232 772 operis
1256 677 1332 744 in
1359 678 1493 745 ista
1515 675 1876 747 locatione
1896 674 2053 762 fuit,
2076 695 2432 775 quantum

294 812 541 884 paucae
578 809 818 882 operae
852 783 1228 856 fabrorum
1272 784 1623 857 mercedis
1663 785 2024 874 tulerunt,
2065 804 2136 893 et
2175 815 2434 862 manus

293 893 660 995 pretium⁵
694 894 1061 967 machinae.
1117 899 1379 966 Utrum
1444 897 1860 968 existimatis
1910 901 2151 969 minus
2194 903 2436 1000 operis

294 1029 478 1094 esse,
500 1029 723 1076 unam
751 1005 1164 1087 columnam
1194 1002 1482 1076 efficere
1514 1004 1606 1076 ab
1626 1008 1912 1104 integro
1939 1033 2199 1080 novam
2230 1012 2433 1083 nullo

295 1113 531 1213 lapide
550 1112 873 1185 redivivo
888 1110 949 1203 ⁶,
977 1139 1069 1185 an
1099 1129 1414 1211 quatuor
1444 1114 1600 1186 illas
1630 1121 2036 1213 reponere?
2072 1145 2286 1192 nemo
2308 1120 2437 1192 du·

292 1222 511 1311 bitat,
537 1225 718 1320 quin
754 1223 988 1294 multo
1026 1225 1259 1320 majus
1293 1228 1385 1295 sit
1420 1249 1687 1296 novam
1716 1223 1974 1298 facere.
2003 1230 2436 1316 Ostendam,

298 1337 373 1403 in
393 1333 668 1405 aedibus
690 1336 1015 1433 privatis»,
1032 1334 1249 1432 longa
1273 1334 1698 1433 difficilique
1719 1352 2043 1423 vectura,
2062 1340 2436 1413 columnas
2487 1384 2504 1402 ·

296 1446 612 1541 singulas
657 1445 747 1516 ad
789 1445 1253 1545 impluvium,
1307 1450 1447 1516 H-s
1502 1445 2033 1544 quadragenis'e'
2078 1448 2434 1537 millibus,

298 1580 451 1626 non
492 1558 732 1627 minus
773 1579 1102 1654 magnas,
1141 1556 1426 1627 locatas.
1461 1557 1601 1629 Sed
1636 1559 1970 1655 ineptum
2009 1573 2118 1629 est
2159 1558 2250 1631 de
2284 1576 2431 1632 tam

300 1667 675 1764 perspicua
704 1668 907 1739 istius
930 1666 1386 1765 impudentia
1409 1666 1746 1764 pluribus
1773 1666 2015 1739 verbis
2033 1669 2434 1768 disputare,

299 1779 695 1873 praesertim
728 1803 957 1875 quum
986 1781 1118 1850 iste
1153 1792 1399 1875 aperte
1427 1791 1580 1848 tota
1611 1777 1771 1875 lege
1805 1780 2135 1850 omnium
2166 1804 2435 1869 sermo-

297 1911 469 1957 nem
515 1901 733 1984 atque
787 1889 1388 1959 existimationem
1431 1891 1981 1985 contempserit,
2028 1893 2159 1986 qui
2213 1892 2432 1963 etiam

298 1996 390 2067 ad
422 2011 821 2069 extremum
841 1997 1329 2096 adscripserit,
1353 2022 1693 2069 nummu
1712 2023 1842 2070 sun
1869 2024 2149 2072 nun-ro
2177 2029 2192 2071 :
2228 2005 2436 2099 quasi

297 2106 700 2205 quidquam
734 2108 1034 2179 redivivi
1066 2133 1156 2179 ex
1191 2131 1412 2206 opere
1449 2106 1574 2179 illo
1602 2107 2005 2196 tolleretur,
2040 2134 2124 2181 ac
2155 2135 2305 2181 non
2341 2127 2433 2182 to-

298 2232 454 2288 tum
486 2242 674 2316 opus
706 2245 796 2291 ex
828 2218 1164 2291 redivivis
1197 2220 1780 2289 constitueretur.
1821 2220 1913 2289 At
1946 2215 2183 2289 enim⁸
2218 2222 2280 2291 si
2306 2245 2436 2318 pu-

297 2328 472 2428 pillo
492 2328 751 2401 redimi
775 2354 923 2401 non
950 2327 1214 2402 licebat
1227 2384 1246 2419 ,
1265 2353 1415 2401 non
1434 2352 1723 2402 necesse
1747 2343 1897 2400 erat
1915 2354 2067 2401 rem
2086 2329 2175 2401 ad
2197 2333 2433 2431 ipsum

296 2443 675 2536 pervenire
710 2467 726 2511 t
760 2455 1044 2538 poterat
1079 2440 1334 2537 aliquis
1371 2438 1461 2511 ad
1503 2438 1581 2510 id
1622 2443 1996 2535 negotium
2029 2440 2121 2512 de
2158 2443 2434 2540 populo

297 2546 661 2620 accedere.
692 2554 964 2623 Omnes
991 2551 1262 2623 exclusi
1288 2565 1458 2622 sunt
1485 2575 1636 2620 non
1662 2553 1902 2620 minus
1920 2559 2197 2648 aperte,
2215 2577 2434 2648 quam

299 2657 623 2755 pupillus
671 2685 687 2727 ε
736 2657 926 2730 diem
980 2664 1361 2759 praestituit
1412 2661 1622 2758 operi
1667 2656 2050 2748 faciundo,
2095 2659 2436 2731 kalendas

300 2766 754 2858 decembres;
794 2771 984 2843 locat
1029 2773 1309 2843 circiter
1352 2770 1515 2842 idus
1561 2767 2041 2868 septembres;
2091 2773 2435 2868 angustiis

301 2885 648 2978 temporis
691 2881 1182 2955 excluduntur
1216 2908 1492 2955 omneS.

300 3072 554 3139 proprium
578 3088 652 3126 eet
674 3077 852 3141 cuique
875 3079 1105 3138 materiae,
1121 3089 1178 3127 nt
1193 3079 1323 3129 bona

300 3156 381 3201 sit.
418 3154 598 3203 Omnes
635 3158 846 3205 materiae
888 3160 942 3207 in
984 3175 1035 3206 ee
1075 3159 1317 3221 habeant,

298 3233 441 3296 qnod
472 3235 761 3298 requiritur,
793 3247 849 3284 ut
881 3236 1026 3285 bonae
1069 3248 1121 3284 et
1154 3237 1322 3301 prolia!

301 3312 417 3360 sint.

1482 3081 1533 3128 6.
1572 3076 1814 3127 Bedivivo.
1839 3080 2017 3130 Vetere
2052 3090 2101 3128 et
2148 3079 2209 3128 de
2247 3079 2441 3143 integro

1411 3174 1555 3208 caeso.
1588 3160 1667 3207 Sic
1705 3159 1830 3206 infra
1868 3157 2080 3206 rediviva
2114 3169 2300 3206 veteres
2337 3175 2436 3206 ma-

1413 3239 1565 3287 teriae.

1484 3335 1530 3378 7.
1558 3319 1665 3366 11·S
1683 3316 2034 3382 quadragenis,
2071 3327 2163 3365 etc.
2196 3318 2305 3365 Hoc
2334 3326 2437 3377 est,

370 3399 420 3446 4.
458 3392 695 3442 Machina
722 3412 833 3444 ma.
873 3397 974 3444 Has
1006 3411 1153 3443 voces
1193 3395 1321 3444 delet

298 3469 496 3521 Schiitz.
520 3473 735 3523 Temere.
757 3476 939 3523 Totum
959 3475 1172 3523 Rabonii
1193 3491 1321 3539 opus

299 3548 350 3597 in
378 3566 438 3598 eo
463 3551 556 3600 fuit
574 3587 589 3610 ,
615 3564 671 3600 ut
698 3553 998 3603 caederentnr
1019 3554 1206 3618 lapides
1231 3555 1319 3601 ali·

297 3639 445 3692 quot,
477 3642 526 3679 et
550 3632 602 3679 in
628 3649 772 3680 suum
795 3633 961 3681 locum
983 3633 1320 3682 attollerentur

299 3706 529 3756 maehina
553 3725 669 3768 sua,
709 3712 746 3761 i.
783 3729 825 3760 e.
864 3713 1189 3761 convenienti.
1227 3713 1319 3761 Illo

298 3788 429 3835 euim
462 3805 576 3837 saxa
601 3792 781 3851 majora
801 3792 936 3839 nulla
961 3792 1163 3841 advecta
1184 3805 1316 3842 sunt.

299 3867 471 3929 Itaque
486 3880 708 3933 sumptus
727 3870 963 3918 duntaxat
994 3871 1149 3919 factus
1171 3883 1245 3920 est
1270 3873 1320 3920 in

296 3961 566 4009 perpetiens
586 3949 833 3997 fabrorum
855 3965 1028 4013 operas
1056 3960 1105 3996 et
1140 3951 1192 3997 in
1216 3968 1320 3999 ma·

298 4040 392 4072 nne
417 4026 629 4089 pretium
665 4029 915 4077 maehina.

375 4107 425 4153 5.
455 4106 676 4166 Desjnrd.
704 4125 767 4155 ex
794 4108 1030 4156 Axon.-
1004 4124 1321 4173 «mann-pre·

300 4185 467 4232 tium·
470 4186 673 4234 ..Sch-
648 4186 1041 4251 «manupretii.

1407 3395 1532 3443 circ.
1555 3397 1711 3453 8‚2oo
1742 3395 1800 3442 fr.

1480 3473 1530 3522 8.
1557 3478 1631 3523 Ac
1655 3475 1802 3524 enim.
1829 3474 1925 3523 Sed
1941 3509 1955 3533 ,
1988 3474 2149 3537 inquit
2164 3473 2330 3522 Verris
2353 3473 2437 3522 de·

1409 3554 1600 3614 fensor,
1636 3555 1859 3617 quamvis
1886 3554 2054 3602 Verris
2089 3554 2195 3617 lege
2221 3553 2437 3619 pupillus

1409 3633 1644 3682 redimere
1662 3649 1765 3682 non
1787 3645 1966 3698 posset,
1990 3650 2090 3681 non
2113 3632 2226 3681 ideo
2246 3650 2438 3681 necesse

1406 3713 1702 3762 locationem
1723 3713 1786 3761 ad
1805 3714 2009 3761 'Verrem
2033 3712 2220 3776 ipsum,
2244 3712 2295 3758 h.
2314 3728 2359 3760 e.
2373 3711 2437 3759 ad

1406 3792 1656 3840 hominem
1689 3809 1716 3840 a
1752 3795 1906 3840 Verre
1941 3792 2261 3840 subornatum
2302 3790 2430 3838 redi-

1408 3887 1483 3930 re;
1518 3882 1567 3919 et
1608 3882 1801 3935 poterat
1843 3871 2004 3935 quivis
2038 3871 2162 3919 nlius
2189 3887 2216 3918 e
2251 3870 2438 3934 populo

1410 3951 1474 3999 nd
1518 3950 1856 3999 redimendum
1889 3952 1985 4000 hoe
2030 3967 2156 4016 opus
2190 3949 2438 3999 accedere.

1409 4030 1698 4094 Respondet
1721 4031 1924 4092 Cicero,
1947 4047 2048 4080 non
2076 4031 2169 4087 ita;
2190 4045 2301 4077 nam
2329 4045 2436 4076 om-

1409 4126 1497 4157 nes
1515 4126 1619 4157 non
1637 4109 1885 4157 manifeste
1906 4112 2092 4169 minus,
2113 4107 2303 4157 definiti
2323 4120 2439 4157 tem·

1405 4189 1544 4252 poris
1576 4188 1810 4235 brevitate
1839 4200 1954 4237 sunt
1987 4187 2187 4238 exclusI.
