3044 4788
719 421 1105 490 ORATIO
1157 423 1359 491 PRO
1409 423 1478 490 S.
1531 422 1936 491 ROSCIO.
2291 368 2389 491 (35

250 556 594 630 tatem,ex
613 555 871 611 senatu
899 544 975 610 in
997 538 1139 611 hoc
1167 541 1550 611 consilium
1577 538 1870 612 delecti⁶
1897 543 2064 611 estis
2088 557 2389 640 propter

253 655 703 723 severitatem
719 705 739 737 ,
765 649 856 721 ab
885 648 995 720 his
1022 649 1164 720 hoc
1187 651 1551 748 postulare
1578 650 1910 720 homiues
1936 653 2260 736 sicari05,
2294 666 2392 722 at-

251 786 394 858 que
430 759 884 856 gladiatoreS,
912 783 1064 829 non
1096 759 1320 830 modo
1352 774 1437 829 ut
1470 760 1826 857 supplicia
1856 762 2122 848 vitent,
2163 787 2323 859 quae
2345 787 2389 832 a

246 869 461 942 vobis
496 894 633 968 pro
680 866 1065 938 maleficiis⁴
1094 871 1246 939 suis
1287 882 1611 939 metuere
1659 883 1878 965 atque
1926 868 2222 941 horrere
2269 870 2392 943 de-

247 979 759 1068 bent,.verum
799 980 1015 1049 etiam
1059 992 1141 1047 ut
1185 977 1431 1075 spoliis
1481 983 1638 1049 Sex,
1668 981 1905 1048 Roscii
1945 978 2088 1051 hoc
2113 979 2390 1077 judicio

251 1091 493 1161 ornati
525 1091 867 1185 auctique
900 1087 1312 1158 discedant?

349 1204 474 1271 lv.
521 1201 647 1270 His
689 1197 781 1268 de
818 1196 1040 1268 rebus
1072 1200 1317 1285 tantis,
1372 1212 1667 1292 tamque
1706 1197 2108 1288 atrocibus,
2147 1225 2389 1300 neque
2483 1270 2488 1285 ι

255 1312 431 1381 satis
462 1334 582 1380 me
624 1307 1008 1378 commode
1052 1307 1335 1395 dicere,
1390 1331 1632 1402 neque
1669 1309 1837 1376 satis
1882 1311 2188 1403 graviter
2223 1335 2396 1381 con·

253 1421 514 1518 queri,
568 1442 811 1515 neque
858 1421 1028 1487 satis
1070 1416 1293 1488 libere
1336 1415 1714 1487 vociferari
1769 1441 1981 1514 posse
2026 1420 2390 1517 intelligo:

256 1554 437 1600 nam
474 1526 964 1598 commoditati
1000 1529 1409 1623 ingenium,
1459 1528 1784 1621 gravitati
1836 1540 2038 1613 aetas,
2081 1526 2394 1601 libertati

266 1655 601 1736 tempora
620 1652 798 1709 sunt
829 1636 1374 1735 impedimento.
1422 1641 1583 1706 Huc
1621 1635 1900 1706 accedit
1946 1661 2272 1708 summus
2315 1642 2400 1710 ti-

203 1783 209 1787 ·
270 1757 495 1833 mor¹‚
529 1770 743 1844 quem
767 1745 949 1816 mihi
983 1761 1239 1817 natura
1269 1744 1656 1844 pudorque
1687 1771 1891 1816 meus
1933 1746 2297 1835 attribuit,
2326 1764 2401 1822 et

264 1876 502 1932 vestra
549 1859 892 1958 dignitaS,
937 1874 1011 1930 et
1044 1861 1149 1928 vis
1188 1857 1758 1928 adversariorum
1782 1911 1800 1942 ,
1846 1871 1919 1927 et
1966 1861 2122 1929 Sex.
2161 1862 2395 1930 Roscii

258 1970 611 2070 pericula.
650 1973 1113 2068 Quapropter
1146 1992 1436 2073 vosoro
1462 1983 1682 2064 atque
1714 1966 2049 2054 obsecro,
2087 1968 2401 2065 judices,

262 2097 345 2153 ut
367 2095 680 2168 attente,
707 2079 1053 2175 bonaque
1080 2104 1245 2149 cum
1275 2083 1487 2149 venia
1512 2076 1733 2148 verba
1762 2103 1919 2149 mea
1948 2078 2277 2151 audiatis,

356 2188 540 2263 Fide
565 2191 1063 2287 sapientiaque
1084 2202 1318 2258 vestra
1345 2185 1572 2257 fretus
1594 2241 1613 2275 ,
1644 2188 1809 2285 plus
1833 2192 2075 2260 oneris
2104 2192 2396 2279 sustuli,

259 2323 485 2399 quam
518 2296 711 2370 ferre
743 2323 860 2369 me
897 2321 1108 2396 posse
1141 2297 1485 2393 intelligo.
1502 2303 1671 2367 ‘Hoc
1703 2322 1889 2367 onus
1923 2301 1980 2368 si
2007 2323 2137 2369 vos
2163 2301 2407 2400 aliqua

262 2436 353 2482 ex
386 2423 606 2510 parte
655 2406 1085 2494 allevabitiS‚
1141 2405 1398 2496 feram,
1432 2423 1514 2478 ut
1557 2423 1849 2506 potero,
1895 2409 2136 2480 studio
2187 2427 2260 2483 et
2298 2417 2409 2484 in-

262 2520 547 2592 dustria
570 2573 592 2607 ‚
617 2516 939 2614 judices:
970 2520 1080 2588 sin
1108 2542 1149 2587 a
1180 2517 1423 2604 vobis,
1456 2517 1529 2588 id
1558 2516 1756 2614 quod
1787 2542 1935 2588 non
1966 2530 2250 2616 sper02,
2278 2520 2405 2595 de.

262 2653 484 2718 serat,
504 2644 755 2700 tamen
780 2630 1025 2698 animo
1058 2653 1207 2698 non
1241 2627 1597 2717 deficiam,
1630 2643 1703 2699 et
1735 2628 1835 2715 id,
1868 2628 2069 2726 quod
2094 2636 2401 2730 suscepi,

262 2739 513 2840 quoad
538 2754 826 2839 potero,
850 2736 1206 2837 perferam
1235 2764 1253 2806 ε
1284 2737 1487 2835 quod
1514 2742 1573 2809 si
1602 2736 1917 2836 perferre
1945 2764 2095 2809 non
2123 2755 2405 2837 potem,

268 2962 403 3010 tibus
417 2963 471 3006 in
487 2969 715 3006 senatum
729 2956 1160 3017 inductis,jndicia
1180 2956 1297 3005 olim
1456 2956 1546 3004 lv.
1579 2972 1624 3003 ι.
1657 2959 1876 3004 Summus
1899 2956 2059 3007 timor.
2096 2957 2155 3005 Id
2178 2975 2205 3005 a
2231 2970 2399 3007 natura

267 3057 297 3087 a
329 3043 386 3090 C.
410 3040 638 3087 Graccho
665 3038 750 3101 (A.
770 3039 833 3085 U.
854 3037 911 3085 C.
935 3035 1058 3100 630)
1089 3037 1301 3085 romanis
1387 3035 1612 3085 Ciceroni
1638 3034 1838 3083 insitum
1861 3036 1975 3095 fnit,
2009 3046 2064 3084 ut
2088 3035 2281 3086 dicendi
2310 3040 2403 3086 ini-

270 3119 526 3183 equitibns
552 3118 737 3174 delata,
754 3116 943 3164 senatui
960 3116 1048 3163 nni
1074 3116 1298 3164 restituit·
1386 3116 1458 3163 do
1479 3115 1684 3161 maxime
1711 3127 2088 3178 permoveretur.
2104 3117 2219 3165 Vid.
2240 3118 2407 3166 Divin-

273 3197 433 3260 Quod
459 3198 523 3244 ad
548 3206 812 3260 pretorem
828 3194 1080 3242 Aurelium
1108 3197 1300 3245 Cottam
1393 3194 1474 3242 13.
1508 3193 1699 3242 cluent.
1733 3195 1812 3240 18.
1845 3192 2015 3256 Neque
2051 3194 2181 3242 bunc
2212 3196 2408 3246 dicendi

274 3292 437 3339 usqne
461 3275 678 3334 duravit,
703 3274 792 3337 qui
805 3275 887 3337 (A.
907 3275 971 3321 U.
987 3274 1041 3322 C.
1054 3273 1188 3338 683)
1205 3286 1304 3320 una
1388 3272 1614 3319 timorem
1638 3270 1813 3318 deinde
1832 3282 1916 3318 aut
1940 3285 2167 3331 ψωμοὶ
2189 3286 2303 3322 aetas
2321 3279 2406 3323 im-

276 3371 393 3402 cum
416 3370 545 3401 coes.
562 3353 821 3417 Pompeio,
835 3352 886 3399 iu
900 3351 1101 3411 judiciis
1118 3352 1304 3415 equites
1388 3349 1584 3396 minuit.
1608 3349 1686 3399 Cf.
1709 3348 1875 3409 Dejot.
1897 3366 1944 3398 c.
1964 3367 2009 3408 1,
2029 3361 2077 3397 et
2101 3351 2162 3398 de
2189 3354 2328 3404 Orat.
2350 3359 2373 3404 1
2391 3393 2408 3420 ,

277 3446 431 3496 atque
455 3432 613 3479 aenrii
637 3432 859 3479 tribunos
884 3431 1186 3480 senatoribus
1212 3430 1305 3477 im·
1394 3430 1480 3485 26,
1499 3427 1586 3475 ubi
1611 3427 1702 3475 sub
1722 3429 1880 3478 crassi
1906 3446 2109 3493 persona
2138 3431 2199 3478 de
2225 3451 2278 3481 se
2303 3436 2410 3501 ipse

280 3512 500 3560 miscuit.
1395 3507 1496 3555 aitz
1533 3507 1621 3554 «in
1650 3524 1727 3556 me
1745 3508 1856 3572 ipso
1883 3510 2144 3574 saepissime
2168 3518 2408 3579 experior,

352 3592 403 3638 6.
433 3589 641 3637 Delecu'.
670 3590 867 3637 Certum
890 3589 1113 3651 judicum
1139 3604 1309 3636 nume·
1395 3597 1452 3634 ut
1486 3585 1783 3634 exalbescam
1822 3589 1875 3635 in
1909 3590 2162 3654 principiis
2188 3593 2410 3655 dicendi,

284 3686 417 3728 rum,
454 3669 546 3731 qni
568 3669 786 3732 suspecti
810 3681 990 3724 estem,
1030 3666 1310 3728 rejiciebant
1397 3676 1447 3712 et
1468 3675 1570 3712 tota
1590 3676 1752 3713 mente
1771 3678 1918 3730 atque
1951 3669 2176 3717 omnibus
2210 3675 2411 3723 artubus

286 3759 541 3797 aecusator
570 3757 621 3793 et
647 3763 775 3795 reus.
813 3747 903 3796 nis
927 3747 1148 3807 rejectis,
1188 3745 1310 3793 alio·
1396 3743 1822 3794 contremiscam».

290 3837 466 3891 pretor
481 3825 1073 3888 mbaortiebamr‚quihus
1092 3823 1312 3885 judicum
1470 3839 1519 3871 a.
1566 3821 1678 3869 Non
1723 3838 1877 3886 spero.
1925 3824 2142 3877 Subaud.
2171 3828 2414 3894 fleturum,

292 3904 534 3969 legitimus
568 3919 800 3953 numerus
839 3904 1178 3967 compleretur.
1202 3903 1316 3966 -Qui
1403 3905 1604 3966 Spernre
1629 3901 1758 3949 enim
1785 3902 1915 3950 idem
1945 3916 2020 3952 est
2050 3921 2105 3952 ac
2127 3910 2415 3961 existimare.

296 3999 408 4047 ergo
438 3981 635 4044 indices
675 3992 789 4047 poet
829 3984 1137 4043 rejectionem
1179 3982 1320 4029 relin-
1404 3982 1522 4031 vid.
1544 3982 1676 4031 an.
1702 3981 1766 4030 nd
1804 3983 1930 4031 Flor.
1965 3986 2068 4044 111,
2111 4002 2153 4034 ι.
2181 3989 2332 4039 Pei-iz.
2356 3991 2421 4039 ad

297 4062 569 4125 quehmmr
596 4077 710 4109 cnm
744 4062 808 4108 iis
843 4064 930 4125 qni
963 4078 1053 4127 per
1087 4061 1324 4110 subsorti-
1411 4063 1578 4110 Sanct.
1615 4061 1824 4109 Minci-v.
1862 4062 1951 4121 IV,
1985 4071 2073 4121 14,
2111 4063 2159 4114 6.
2198 4095 2267 4103 —
2303 4067 2422 4114 Cum

302 4141 479 4189 tionem
504 4140 1121 4203 aeeeeoennt,dicebantur
1138 4140 1325 4190 delecti.
1400 4141 1531 4209 fide.
1557 4140 1760 4205 Propter
1787 4141 2068 4205 opinionem
2094 4143 2155 4192 de
2178 4143 2278 4193 fide
2304 4161 2430 4194 mea.

539 4229 597 4295 1.
655 4245 748 4290 Cic.
762 4260 874 4305 pars
894 4242 1112 4291 secunda.
2151 4228 2192 4297 5
