3044 4788
610 386 748 433 2¹0
1247 361 1340 428 Μ.
1394 362 1469 427 Τ.
1527 362 2109 434 CICERONIS

606 485 805 556 omni
851 482 1129 554 ratione
1161 479 1603 575 jactaturus,
1638 483 1884 556 videre
1923 486 2071 579 jam
2118 486 2400 579 videor-3
2445 495 2740 588 quoties

601 595 718 667 ille
741 592 872 665 tibi
901 604 1330 689 potestatem
1361 593 1883 690 optionemque
1910 592 2231 669 facturus
2250 600 2341 671 sit
2358 654 2377 687 ‚
2407 616 2490 672 ut
2513 603 2735 701 eligas

601 721 845 777 utrum
879 701 1089 786 velim
1122 698 1387 772 facturn
1426 725 1621 790 esse,
1656 728 1927 794 necue3
1961 731 2213 778 verum
2246 733 2400 782 esse
2422 763 2444 799 ‚
2478 737 2571 783 an
2605 713 2727 784 fat-

594 839 793 902 sum3
842 828 1091 884 utrum
1127 810 1390 883 dixeris
1407 816 1465 898 4,
1499 812 1576 882 id
1619 829 1875 885 contra
1912 831 1984 886 te
2016 814 2362 890 futurum.
2413 823 2560 910 Qui
2593 822 2725 894 tibi

592 939 828 1010 aestuat,
848 921 975 1019 qui
1005 944 1209 992 error
1226 917 1279 1009 ⁵,
1301 947 1464 1018 quae
1489 922 1834 1011 tenebrae,
1861 924 1961 995 dii
1987 923 2459 1002 immortales!
2487 948 2724 1022 erunt,

592 1032 871 1104 bomini
910 1030 1204 1102 minime
1241 1031 1477 1102 malo?
1508 1032 1748 1124 Quid?
1797 1058 2028 1130 quum
2070 1041 2551 1112 accusationis
2584 1058 2719 1113 tuae

584 1139 910 1212 membra
943 1136 1305 1214 dividere⁶
1334 1143 1672 1240 coeperit,
1717 1158 1791 1215 et
1828 1145 1902 1215 iu
1939 1144 2179 1243 digitis
2214 1149 2363 1220 suis
2407 1153 2723 1249 singulas

586 1264 826 1350 partes
851 1271 1076 1321 causae
1105 1251 1583 1322 constituere?
1610 1252 1835 1349 quid?
1865 1280 2098 1351 quum
2125 1261 2719 1361 unumquodque

585 1360 977 1457 transigere
992 1370 1044 1447 ⁷,
1102 1359 1479 1458 expedire,
1536 1360 1952 1436 absolvere?
2007 1367 2161 1464 ipse
2203 1367 2532 1466 profecto
2572 1398 2719 1446 me-

581 1485 785 1542 tuere
845 1464 1241 1568 incipies⁸,
1290 1493 1382 1539 ne
1441 1471 1819 1544 innocenti
1874 1477 2277 1569 periculum
2325 1477 2710 1554 facesseris.

582 1578 815 1671 Quid?
850 1603 1081 1677 quum
1107 1580 1642 1666 commiserat-i,
1667 1585 2059 1679 conqueri,
2100 1602 2171 1657 et
2200 1613 2289 1659 ex
2320 1588 2511 1663 illius
2537 1593 2713 1664 invi·

580 1691 697 1763 dia
721 1690 1115 1763 deonerare
1145 1687 1452 1783 aliquid,
1480 1691 1652 1760 etin
1686 1704 1757 1762 te
1788 1693 2111 1788 trajicere
2147 1700 2495 1796 coeperit?
2517 1727 2709 1774 com·

577 1824 975 1874 memorare
1041 1798 1416 1895 quaestoris
1473 1823 1639 1871 curn
1713 1818 2021 1899 praetore
2094 1811 2705 1887 necessitudinem

575 1909 1087 1985 constitutam?
1122 1930 1398 1978 morem
1432 1910 1787 2005 majorum
1806 1915 1880 1984 9?
1915 1917 2130 1988 sortis
2157 1919 2578 2017 religionem
2601 1927 2706 1994 ¹⁰?

573 2021 936 2122 poterisne
965 2018 1120 2111 ejus
1159 2020 1505 2090 orationis
1539 2020 1784 2093 subire
1813 2025 2197 2098 invidiam?
2224 2030 2404 2103 Vide
2442 2033 2701 2121 modo;

572 2133 784 2202 etiam
845 2143 1065 2224 atque
1127 2129 1340 2199 etia'm
1395 2131 1769 2203 considera
1824 2161 1840 2202 ε
1909 2117 2083 2206 mihi
2156 2140 2351 2209 enim
2414 2141 2701 2214 videtur

572 2235 973 2338 periculum
1012 2233 1200 2321 fore,
1239 2260 1334 2307 ne
1375 2236 1493 2310 ille
1543 2265 1694 2312 non
1741 2243 1964 2314 modo
2006 2246 2247 2320 verbis
2289 2265 2361 2322 te
2398 2250 2701 2343 obruat,

571 2346 693 2421 sed
736 2360 941 2447 gestu
977 2349 1134 2444 ipso
1167 2370 1249 2418 ac
1287 2357 1493 2420 motu
1531 2356 1857 2450 corporis
1900 2361 2356 2459 praestringat
2383 2372 2437 2405 ¹¹
2470 2365 2697 2436 aciem

567 2457 839 2557 ingenii
865 2457 971 2527 tui
998 2509 1018 2542 ‚
1061 2469 1278 2554 teque
1306 2458 1397 2530 ab
1431 2461 1780 2533 institutis
1813 2466 1958 2536 tuis
1993 2469 2697 2572 cogitationibusque

569 2568 901 2640 abducat.
957 2568 1196 2666 Atque
1242 2566 1542 2664 hujusce
1585 2574 1690 2644 rei
1735 2573 2085 2668 judicium
2141 2580 2287 2674 jam
2345 2585 2697 2656 contiuuo

635 2804 683 2851 4.
708 2796 874 2841 Uerum
897 2791 1096 2840 duitor-is.
1122 2789 1237 2843 Sive
1258 2794 1438 2841 factum
1456 2794 1587 2842 affir-
1668 2792 1744 2834 ‘-
1767 2798 2042 2849 Absolvere.
2083 2802 2337 2867 Expliesta
2373 2806 2608 2872 colligere
2643 2821 2693 2859 et

563 2871 794 2932 moveris,
818 2868 923 2918 sive
946 2871 1211 2933 negaveris.
1672 2876 1982 2926 concludere.

637 2952 682 2999 5.
709 2949 833 2999 cod.
853 2951 1024 2997 Frnuc.
1043 2964 1088 3010 1,
1108 2949 1196 3014 qui
1196 2949 1362 3017 fictor
1389 2948 1483 3000 Sed
1507 2969 1581 2999 er-
1743 2951 1794 3006 8.
1824 2958 2036 3006 Metuere
2078 2959 2292 3025 incipies.
2338 2958 2463 3011 Mira
2497 2966 2693 3029 patroni

561 3048 648 3079 ror
688 3030 840 3094 nugis
882 3029 1113 3076 convenit
1154 3028 1344 3077 homini
1383 3030 1581 3079 minime
1666 3033 1879 3099 imperiti
1930 3036 2194 3103 descriptio
2211 3076 2226 3101 ,
2283 3043 2363 3088 cui
2412 3046 2691 3107 persuaderi

562 3110 710 3160 malo.
729 3112 761 3158 J
766 3110 853 3159 .V.
880 3112 934 3158 L.
961 3136 1031 3146 —
1053 3106 1304 3172 Significat
1323 3109 1378 3159 h.
1406 3106 1441 3158 l.
1464 3111 1577 3175 gall.
1665 3113 1844 3176 possit,
1860 3132 1972 3165 vera
1997 3127 2100 3167 esse
2127 3132 2180 3166 ea
2205 3122 2368 3168 omnia
2389 3139 2499 3187 quae
2519 3126 2693 3174 adver-

560 3190 987 3245 e‘tourdissement‚·
1014 3188 1150 3253 quod
1188 3190 1418 3238 convenit
1451 3189 1579 3239 sicut
1665 3192 1816 3242 serius
1838 3194 1999 3245 affert.

555 3281 603 3318 et
645 3268 883 3330 tenebrae,
921 3266 981 3315 iis
1018 3282 1225 3330 quorum
1247 3266 1386 3332 plaga
1415 3268 1576 3333 eliqua
1734 3289 1784 3336 9.
1815 3274 2070 3323 Grouovio
2107 3275 2293 3339 placet,
2329 3280 2688 3332 «constitutam

557 3348 690 3411 gravi
708 3357 854 3412 caput
875 3357 950 3395 est
966 3345 1224 3408 afflictum3
1248 3358 1330 3394 aut
1343 3346 1428 3410 qui
1444 3358 1575 3397 metu
1662 3364 1796 3401 more
1823 3354 2060 3415 majorum
2075 3355 2097 3400 Ρ
2120 3377 2145 3396 ⁸·
2176 3346 2293 3406 Nou
2312 3358 2378 3406 its
2396 3361 2687 3413 Garatonio.

559 3426 723 3474 subito
746 3436 861 3474 sunt
886 3422 1114 3491 perculsi.
1134 3422 1250 3474 vid.
1276 3426 1423 3475 Ovid.
1451 3428 1572 3477 Met.
1658 3432 1780 3480 LV.
1799 3436 1855 3481 1..

557 3505 636 3563 11,
662 3506 778 3554 281.
1735 3528 1815 3561 ιο.
1844 3511 2155 3577 Religionem.
2191 3514 2462 3581 Religionis
2492 3520 2686 3569 vincul:

628 3581 678 3631 6.
721 3582 957 3630 Dividere.
999 3580 1071 3630 Ita
1112 3580 1384 3645 insequitur
1421 3585 1572 3634 Caeci-
1658 3606 1769 3653 quae
1796 3601 1844 3639 te
1870 3607 1981 3639 cum
2007 3603 2240 3657 praetore,
2266 3599 2352 3661 qui
2372 3598 2461 3646 tibi
2479 3609 2610 3647 sorte
2631 3601 2682 3646 in

553 3663 672 3711 lium
687 3697 702 3721 ‚
732 3672 788 3709 ut
822 3659 1019 3709 irrideat
1050 3663 1195 3709 etiam
1230 3664 1572 3727 Hortensium,
1658 3668 1824 3717 eadem
1843 3671 2092 3735 provincie
2110 3672 2317 3738 regenda
2339 3677 2543 3742 obtigit,
2561 3695 2684 3726 con·

553 3753 608 3791 ut
636 3756 763 3805 saepe
788 3738 923 3789 alias.
941 3740 1060 3788 vid.
1079 3756 1171 3805 pro
1206 3740 1381 3805 Quint.
1409 3758 1456 3791 c.
1489 3758 1568 3792 ao.
1658 3747 1918 3813 stringunt.
1940 3754 2050 3800 Sors
2077 3768 2208 3818 saepe
2230 3755 2359 3806 idem
2383 3767 2457 3804 est
2480 3773 2536 3805 sc
2562 3775 2680 3822 pro·

548 3823 687 3870 Brut.
715 3837 758 3868 c.
781 3819 864 3867 88.
1659 3827 1818 3876 vincia
1833 3864 1847 3888 ,
1871 3831 1985 3893 quia
2011 3831 2300 3896 plerumque
2325 3836 2551 3885 solebant
2570 3854 2683 3901 pro-

621 3916 668 3961 ·7.
694 3896 988 3960 Tmnsigere.
1018 3897 1145 3958 Quae
1169 3898 1417 3949 manifesta
1439 3911 1568 3960 sunt,
1657 3906 1842 3956 vincias
1864 3911 2045 3959 sortiri.
2066 3912 2194 3959 Vide
2219 3913 2306 3960 ius.
2331 3931 2439 3980 cap.
2456 3932 2542 3980 19,
2566 3933 2613 3964 n.
2628 3926 2680 3973 4.

543 3990 678 4028 extra
706 3974 1086 4024 controversiam
1105 3980 1570 4043 ponere.—Expe-
1735 4003 1755 4033 r
1770 4003 1813 4035 x.
1841 3991 2171 4056 Praesm'ngae.
2206 3988 2523 4044 Obtenebret.
2558 4000 2678 4044 Fru-

544 4059 664 4108 dire.
676 4055 917 4119 Ambigua
930 4053 1296 4105 definitionibus
1310 4057 1565 4123 explicare.
1656 4076 1752 4113 stra
1778 4068 1944 4120 Lamb.
1968 4087 2093 4118 corr.
2110 4058 2450 4137 pra-stinguo).
