3044 4788
286 418 750 452 “mm
754 429 1028 452 mm
1033 430 1396 451 mmm
1400 429 2409 455 mmmmm

732 646 877 748 M.
933 644 1053 747 T.
1136 641 1960 750 CICERONIS

538 886 2136 1070 ORATIONES.

863 1395 1089 1474 PRo
1157 1396 1241 1473 p.
1290 1380 1834 1497 QU1NT10

1050 1575 1651 1680 ORATIO.

944 1959 1337 2028 ORATIO
1388 1958 1748 2029 PRIMA.

272 2132 326 2196 1.
384 2078 630 2232 Qun
675 2133 824 2195 res*
867 2125 940 2193 in
975 2126 1259 2194 civitate
1292 2120 1455 2195 duae
1483 2122 1885 2221 plurimum
1916 2138 2227 2221 possunt
2252 2177 2272 2213 ,
2310 2123 2419 2195 hae

271 2250 532 2307 eontra
570 2257 704 2305 nos
748 2231 979 2309 ambae
1024 2231 1344 2304 faciunt²
1395 2236 1472 2303 in
1524 2231 1669 2303 hoc
1723 2245 2052 2331 tempore
2078 2286 2098 2321 ,
2135 2257 2419 2304 summa

266 2349 540 2444 gratia,
588 2358 663 2416 et
708 2342 1175 2442 eloquentia:
1220 2367 1532 2442 quarum
1581 2343 1923 2432 alteram,
1978 2346 2055 2415 C.
2110 2344 2419 2442 Aquini,

266 2482 556 2543 vereor,
601 2456 896 2527 alteram
941 2455 1189 2528 nietuo
1207 2452 1259 2526 ³.
1311 2455 1745 2552 Eloquentia
1783 2457 1872 2546 Q.
1906 2458 2271 2527 Hortensii
2324 2480 2417 2526 ne

270 2592 389 2638 me
416 2570 498 2637 in
518 2569 548 2617 ⁴
578 2564 892 2637 dicendo
922 2563 1302 2664 impediat,
1333 2563 1673 2636 nonnihil
1707 2588 2218 2636 commoveor:
2253 2588 2413 2662 gra-

268 2681 367 2749 tia
392 2682 555 2750 Sex.
592 2679 814 2751 Naevii
849 2701 940 2747 ne
974 2681 1047 2747 P.
1085 2678 1393 2767 Quintio
1425 2689 1725 2763 noceat,
1752 2673 1830 2746 id
1866 2699 2042 2746 vero
2076 2698 2227 2745 non
2262 2697 2416 2746 me·

270 2786 623 2860 diocriter
651 2789 1105 2886 pertimesco.
1132 2790 1388 2885 Neque
1403 2785 1546 2858 hoc
1561 2799 1940 2884 tantopere
1954 2782 2416 2881 querendum

268 2895 671 2981 videretur,
714 2895 867 2966 haec
899 2920 1181 2966 summa
1211 2899 1288 2966 in
1322 2896 1462 2967 illis
1484 2920 1673 2983 esse,
1705 2898 1765 2966 si
1802 2897 1879 2965 in
1916 2893 2134 2966 nobis
2176 2909 2418 2968 essent

271 3006 526 3077 saltem
558 3005 973 3077 mediocria.
1000 3011 1274 3078 Verum
1299 3009 1398 3078 ita
1430 3030 1505 3077 se
1540 3029 1653 3094 res
1685 3003 1943 3094 habet,
1971 3018 2056 3076 ut
2080 3029 2218 3103 ego
2236 3059 2256 3094 ,
2282 3008 2414 3103 qui

276 3140 521 3212 neque
560 3140 702 3187 usu
734 3119 934 3204 satiS,
965 3132 1040 3188 et
1070 3119 1367 3215 ingenio
1407 3141 1667 3216 parum
1699 3140 1999 3217 possum
2022 3170 2042 3206 ,
2090 3141 2259 3188 cum
2291 3141 2415 3216 pa-

276 3241 498 3298 trono
524 3225 994 3298 disertissimo
1023 3250 1399 3327 comparer
1415 3225 1470 3316 ⁵3
1497 3233 1573 3299 P.
1597 3230 1945 3320 Quintius
1962 3280 1982 3319 ,
2014 3229 2132 3298 cui
2162 3240 2419 3298 tenues

348 3431 389 3477 1.
419 3444 465 3476 x.
495 3429 616 3492 ῥεια
632 3445 724 3479 res.
754 3429 887 3479 mad
902 3432 1141 3496 respicere
1159 3447 1304 3480 exor-
1462 3448 1512 3494 ².-
1538 3430 1775 3490 Fact'une,
1806 3431 1841 3480 i.
1863 3448 1910 3481 e.
1933 3441 2175 3497 pugnant.
2210 3427 2293 3478 sic
2325 3430 2414 3480 ius.

275 3507 413 3557 dium
433 3508 1044 3575 videturQuintilian.V1,
1069 3529 1113 3562 ι.
1133 3512 1305 3575 Quum
1390 3528 1435 3561 c.
1459 3511 1558 3568 30,
1584 3521 1634 3560 et
1652 3513 1823 3559 Horat.
1844 3511 2034 3575 Ep.n‚
2060 3526 2108 3570 1,
2132 3510 2223 3558 68.

275 3600 442 3638 antem
468 3589 651 3655 aaepiua
675 3591 736 3638 ab
757 3592 935 3656 ineptia
957 3592 1075 3641 olim
1105 3593 1159 3640 iu
1188 3591 1304 3641 Gal·
1465 3593 1514 3642 3.
1547 3592 1728 3641 Metuo.
1761 3591 1987 3654 Quadam
2019 3588 2272 3640 Hortensii
2314 3588 2419 3638 elo-

274 3668 374 3716 l'neo
399 3666 514 3717 foro
538 3669 795 3718 causidicis
816 3682 1126 3736 usurparetur
1153 3672 1256 3720 haec
1275 3687 1302 3719 a
1390 3672 1603 3736 quentia
1627 3670 1919 3720 verecundia
1945 3679 2169 3718 movetur
2193 3668 2414 3729 Tulliua;

275 3751 526 3797 contrario
571 3751 913 3816 comparandae
960 3750 1304 3800 benivolentia
1390 3752 1593 3814 gratiam
1624 3765 1743 3798 veno
1778 3752 1832 3799 S.
1861 3749 2018 3800 flavii
2055 3739 2195 3798 tim'et
2224 3763 2281 3796 ae
2313 3748 2416 3796 for·

280 3829 437 3889 ratio,
472 3839 524 3876 et
565 3829 670 3893 ipae
714 3829 1006 3879 clarissimus
1038 3833 1191 3878 Pactu
1232 3831 1304 3878 aie
1389 3829 1563 3879 midat.
2303 3855 2312 3858 ·

279 3907 604 3968 pistrina-iam
617 3923 812 3955 cauum
830 3920 955 3957 esset
971 3924 1187 3968 exorsus,
1203 3924 1302 3956 uon
1463 3918 1512 3965 4.
1533 3906 1697 3972 Vulgo
1716 3906 1853 3956 abent
1871 3907 1942 3956 in.
1957 3906 2191 3955 Restituit
2209 3922 2238 3954 e
2261 3904 2412 3954 codd.

280 3984 487 4034 absurde
520 4002 628 4034 earn
656 4002 775 4034 naso
798 3987 1050 4052 auspendit
1070 3988 1303 4037 Raciniua
1388 3988 1626 4037 Gravius.
1645 3989 1765 4036 J.v.
1793 3989 1851 4035 1..

282 4078 462 4126 noster,
488 4067 543 4115 in
577 4067 741 4116 {abula
769 4068 897 4117 dieta
932 4070 999 4118 let
1027 4068 1301 4125 Plaideurs,
1471 4069 1517 4116 5.
1551 4066 1831 4130 comparer.
1851 4065 2143 4130 Metaphora
2173 4070 2362 4127 sumpta
2389 4077 2418 4108 a

286 4157 376 4192 aet.
394 4147 497 4208 111,
523 4163 602 4195 sc.
638 4148 686 4194 3.
1398 4144 1774 4211 gladiatoribus,
1811 4144 1898 4208 qui
1919 4159 2008 4209 par
2031 4159 2142 4192 cum
2161 4140 2301 4206 pari,
2334 4137 2422 4189 ha·
