3044 4788
671 430 775 499 IN
827 428 1264 496 VERREM
1316 425 1534 494 ACT.
1591 428 1696 511 11,
1745 429 1929 495 LIB.
1985 428 2037 493 Ι.
2184 489 2194 507 ,
2278 424 2418 522 379

284 565 475 624 esset
506 572 681 622 usus
706 573 977 645 :quum
1009 547 1127 619 die
1156 561 1435 621 ceteros
1461 545 1959 645 redemptores
1988 547 2426 637 exclusisset,

287 675 446 731 tum
473 662 548 728 in
586 659 742 752 ejus
778 654 1157 728 arbitrium
1191 681 1274 728 ac
1306 671 1736 755 potestatem
1773 658 2014 728 venire
2044 657 2426 745 nolebant,

286 771 413 869 qui
451 767 585 840 sibi
624 783 944 866 ereptam
983 766 1295 864 praedam
1334 765 1830 838 arbitraretur.
1865 771 2049 838 Nam
2086 766 2267 865 quid
2310 792 2428 838 ar-

285 894 817 978 gumentamur,
849 903 1000 975 quo
1047 882 1183 950 ista
1220 878 1526 977 pecunia
1566 878 2021 975 pervenerit?
2061 876 2232 951 fecit
2272 879 2426 976 ipse

286 989 659 1062 indicium.
686 991 1008 1059 Primum
1028 1012 1260 1086 quum
1289 987 1793 1059 vehementius
1823 1012 1990 1058 cum
2021 1012 2110 1059 eo
2137 992 2226 1059 D.
2254 993 2426 1059 Bru·

289 1116 406 1171 tus
443 1098 957 1185 contenderet,
995 1099 1123 1195 qui
1160 1095 1252 1168 de
1293 1121 1423 1168 sua
1457 1099 1766 1196 pecunia
1794 1094 1987 1169 H-88
2025 1122 2167 1170 an
2212 1099 2429 1171 millia

288 1210 734 1296 numeravit;
782 1207 985 1307 quod
1012 1208 1214 1303 jam9
1252 1208 1384 1278 iste
1428 1205 1618 1281 ferre
1654 1233 1805 1277 non
1844 1221 2163 1305 poterat,
2189 1232 2425 1307 ,opere

284 1318 613 1405 addicto,
645 1317 1011 1416 praedibus
1043 1318 1392 1414 acceptis,
1431 1315 1521 1387 de
1552 1321 1706 1389 H·S
1738 1341 1898 1387 mx
1935 1316 2251 1388 millibus
2273 1370 2292 1405 ,
2324 1342 2430 1388 re·

290 1431 482 1501 misit
539 1433 630 1499 D.
677 1433 900 1500 Bruto
956 1433 1106 1500 H·S
1160 1453 1250 1500 cx
1294 1427 1537 1498 millia.
1601 1432 1797 1511 Hoc,
1842 1427 1902 1497 si
1927 1438 1989 1469 ¹⁰
2034 1427 2267 1498 aliena
2315 1453 2431 1501 res

289 1552 476 1610 esset
499 1592 519 1627 ‚
552 1552 744 1610 certe
774 1536 1008 1609 facere
1045 1562 1197 1608 non
1239 1540 1614 1635 potuisset.
1654 1535 1936 1609 Deinde
1971 1539 2255 1608 nummi
2291 1564 2431 1610 nu-

291 1651 559 1719 merati·
597 1662 766 1719 sunt
818 1646 1257 1718 Cornificio:
1299 1671 1521 1745 quem
1577 1645 1887 1719 scribam
1947 1671 2160 1718 suum
2210 1645 2430 1720 fuisse

291 1783 554 1855 negare
591 1783 741 1830 non
797 1772 1059 1857 potest.
1108 1763 1483 1829 Postremo
1538 1758 1761 1854 ipsius
1812 1756 2120 1828 Rabonii
2170 1756 2429 1828 tabulae

290 1867 603 1965 praedam
643 1867 839 1939 illam
874 1869 1080 1939 istius
1123 1867 1341 1940 fuisse
1381 1868 1695 1939 clamant
1728 1897 1743 1938 :
1791 1870 2014 1940 recita
2053 1893 2344 1939 Nonum
2368 1880 2423 1912 ¹¹

289 1984 615 2053 RAnonn.

381 2092 629 2159 LVIII.
670 2091 804 2161 Hic
840 2089 1061 2188 etiam¹
1090 2090 1333 2186 priore
1371 2090 1654 2160 actione
1695 2089 1785 2179 Q.
1819 2090 2249 2160 Hortensius
2289 2114 2426 2185 pu-

289 2199 542 2296 pillum
581 2204 619 2269 J
625 2200 881 2270 unium
927 2202 1205 2270 venisse
1248 2214 1747 2296 praetextatum
1781 2201 1857 2270 in
1899 2215 2217 2271 vestrum
2252 2223 2430 2270 con-

289 2324 640 2408 spectum,
662 2323 737 2380 et
756 2320 776 2352 ¹
803 2311 1081 2381 stetisse
1110 2333 1277 2379 cum
1305 2323 1567 2407 patruo
1598 2310 2090 2380 testimonium
2120 2306 2430 2398 dicente,

290 2436 591 2518 questus
619 2436 767 2508 est;
814 2436 887 2492 et
922 2446 1039 2492 me
1069 2421 1516 2519 populariter
1554 2445 1797 2518 agere,
1835 2433 2053 2520 atque
2090 2419 2431 2490 invidiam

292 2531 981 2628 commovere,quod
1003 2542 1348 2629 puerum²
1372 2529 2436 2629 producerem,clamavit.Quid

294 2657 484 2728 erat,
517 2643 895 2727 Hortensi,
936 2641 1227 2712 tandem
1270 2644 1348 2712 in
1385 2641 1510 2713 illo
1552 2666 1782 2739 puero
1824 2640 2223 2738 populare?
2251 2640 2429 2736 quid

292 2750 782 2822 invidiosum?
838 2752 1184 2840 Gracchi,
1222 2752 1441 2824 credo
1464 2807 1483 2839 ,
1522 2766 1647 2824 aut
1685 2753 2097 2836 Saturnini,
2140 2765 2265 2820 aut
2305 2750 2432 2822 ali-

290 2862 498 2957 cujus
527 2862 842 2934 hominis
860 2861 1215 2959 ejusmodi
1239 2863 1725 2963 produxeram
1745 2861 1977 2933 filium
1997 2917 2016 2951 ,
2033 2877 2118 2933 ut
2136 2863 2433 2944 nomine

290 3121 484 3169 bissime
507 3130 763 3170 exacturus
782 3121 966 3169 fuisset.
984 3120 1113 3167 Mire
1131 3120 1185 3167 in
1210 3120 1260 3167 h.
1280 3120 1312 3168 Ι.

290 3198 478 3246 laborat
510 3197 707 3247 schista.
725 3200 892 3263 sicque
920 3199 1184 3259 interjectis
1223 3214 1313 3245 vo-

1405 3137 1508 3170 nou
1536 3119 1777 3185 potuisset
1798 3120 1859 3167 de
1875 3121 1960 3172 ina
1980 3137 2192 3180 summa,
2222 3139 2334 3186 quae
2352 3140 2431 3171 re·

1406 3200 1650 3264 demptori
1665 3236 1680 3261 ,
1712 3200 1890 3264 pupilli
1921 3202 1953 3248 J
1957 3201 2061 3248 unii
2090 3202 2320 3261 nomine,
2344 3202 2429 3251 de-

290 3278 433 3325 cibus
467 3277 638 3325 scribit
667 3279 998 3337 «accessisset,
1038 3292 1184 3324 nemo
1210 3292 1316 3324 non

287 3366 413 3405 esset
441 3372 580 3415 usus;
621 3371 754 3404 nunc
793 3372 945 3421 quum
985 3356 1064 3403 die
1079 3377 1122 3404 n.
1150 3354 1311 3403 Verba

288 3451 429 3483 annon
465 3445 592 3483 esset
633 3451 822 3498 usus»,
859 3451 970 3500 qua
1020 3446 1135 3483 suut
1181 3434 1314 3500 apud

287 3516 517 3563 Priscian.
538 3524 586 3563 et
611 3515 663 3561 iu
692 3530 792 3562 uno
813 3513 933 3563 cod.
953 3513 1103 3562 Paris.
1130 3514 1180 3561 in
1208 3514 1315 3561 aliis

287 3610 408 3642 vero
436 3593 614 3642 omissa
636 3592 924 3654 adjecerunt
950 3593 1117 3640 Lamb.
1148 3595 1314 3642 Graev.
1348 3609 1353 3614 ’

287 3675 407 3722 Em.
426 3672 598 3726 Paullo
623 3682 739 3737 post
763 3672 964 3719 nolebat
983 3669 1118 3720 dedit
1144 3672 1315 3722 Aldus.

287 3754 474 3801 meon.
500 3750 716 3800 volebat.

361 3833 413 3879 8.
434 3830 715 3890 Alii,«H-s
743 3846 860 3877 11.»-
889 3831 1015 3877 J.V.
1037 3832 1091 3877 L.

361 3926 411 3974 9.
437 3908 584 3978 Quod
594 3908 721 3974 jam.
748 3908 873 3972 Quin
902 3908 1083 3955 diutius
1099 3907 1192 3955 iste
1215 3917 1317 3957 tan?

291 4001 390 4038 tam
435 3988 575 4035 Bruti
620 3988 989 4035 contentionem
1026 3985 1086 4032 de
1131 4001 1316 4033 summa

292 4067 553 4118 minuenda
585 4068 708 4116 ferre
735 4083 835 4115 non
865 4075 1079 4130 poterat,
1097 4076 1193 4114 etc.

372 4165 447 4197 ιο.
472 4149 603 4203 Hoc,
643 4147 699 4194 si.
740 4147 789 4196 Si
826 4145 979 4193 aliena
1015 4162 1091 4193 res
1118 4145 1310 4207 fuisset,

1402 3277 1629 3337 bebatur,
1649 3278 1835 3342 aliquid
1862 3281 2117 3327 remittere.

1480 3374 1501 3405 ι
1515 3372 1559 3405 1.
1578 3358 1810 3405 Nomina.
1829 3358 2077 3406 Articulos
2090 3393 2105 3417 ,
2136 3374 2262 3421 quos
2287 3360 2434 3408 habet

1403 3436 1655 3484 Rubenius
1676 3438 1727 3484 iu
1751 3438 1853 3484 suis
1878 3438 2075 3487 tabulis.

1475 3518 1654 3565 LVIII.
1691 3533 1733 3564 ι.
1772 3516 1901 3564 Olim
1935 3529 1984 3564 et
2017 3528 2157 3565 testes
2191 3533 2351 3565 secum
2374 3536 2433 3583 p.

1405 3595 1602 3659 Optime
1642 3597 1858 3643 correxit
1907 3596 2061 3644 Hem-i
2111 3596 2173 3643 de
2209 3599 2433 3646 Mesmes.

1405 3672 1774 3737 Amplectimur.
1802 3676 1850 3722 J.
1867 3676 1931 3721 V.
1961 3678 2015 3724 L.

1478 3769 1529 3801 α.
1566 3757 1771 3801 Puerum
1794 3755 2133 3818 producerem.
2178 3757 2295 3804 Mos
2333 3769 2435 3804 erat

1406 3832 1618 3896 antiquis
1640 3833 1941 3892 oratoribus,
1967 3835 2188 3899 ipsorum
2215 3850 2340 3899 quos
2358 3836 2436 3883 de·

1407 3911 1685 3970 senderent,
1717 3929 1898 3976 pueros
1924 3913 2134 3962 infantes
2162 3915 2434 3978 producere

1406 4005 1568 4038 coram
1590 3991 1857 4052 judicibus.
1881 3992 2010 4040 Vide
2029 3993 2237 4057 Quintil.
2257 3996 2346 4051 IV,
2378 4012 2395 4041 1
2419 4012 2434 4051 ;

1400 4070 1500 4127 vl,
1531 4087 1574 4128 1,
1600 4082 1699 4119 etc.
1723 4098 1794 4107 —-
1810 4073 2071 4136 populare.
2093 4073 2246 4133 Quod
2265 4073 2436 4138 populi

1400 4149 1495 4197 iras
1522 4150 1570 4197 in
1598 4161 1816 4198 senatum
1840 4162 2191 4199 commoveret.
