3044 4788
745 435 1391 505 DE'JUDICIIS
1441 437 1937 505 PUBLICIS.
2266 433 2401 508 585

297 557 516 646 capitis
550 574 881 621 accusatus
912 559 991 621 ab
1029 558 1164 621 aliis
1201 581 1395 645 quam
1432 580 1469 621 a
1509 558 1880 621 centuriatis
1912 557 2185 621 comitiis
2224 557 2401 637 judi-

298 682 580 728 caretur:
606 666 747 728 -De
780 665 984 752 capite
1011 665 1165 729 civis
1197 666 1317 727 nisi
1346 687 1460 753 per
1495 665 1847 727 maximum
1880 664 2282 727 comitiatum
2320 686 2402 728 ne

289 767 621 847 judicanto
637 801 681 833 υ.
707 771 866 851 Quae
888 768 1150 858 quidem
1169 769 1406 849 judicia
1439 768 1936 855 extraordinaria
1959 785 2202 850 vocata,
2225 768 2404 857 quod

297 875 830 962 quotiescumque
865 875 1071 939 scelus
1124 873 1475 938 admissum
1514 898 1646 939 non
1683 875 1763 939 ab
1798 875 1999 939 solitis
2029 875 2406 964 magistrati·

296 980 455 1059 bus,
499 996 572 1043 ut
618 980 881 1045 tribuno
927 961 1162 1069 ple‘bis,
1202 997 1519 1067 quaestore
1544 1029 1561 1062 ,
1612 980 1778 1044 aedili
1828 979 2218 1061 deferretur,
2268 1002 2401 1042 non

290 1088 501 1164 justus
543 1102 710 1165 erat,
743 1083 1292 1173 quemadmodum
1325 1084 1497 1172 apud
1533 1108 1650 1148 nos
1682 1086 1821 1173 lege
1855 1090 2198 1173 perpetua,
2245 1084 2404 1149 defi-

296 1189 467 1253 nitus
489 1188 750 1277 agendae
771 1210 975 1251 causae
1007 1204 1223 1269 tenor3
1251 1211 1476 1252 verum
1505 1192 2087 1271 senatusconsulto,
2117 1191 2247 1253 sive
2270 1191 2406 1277 ple-

295 1293 546 1374 hiscit0,
569 1293 888 1380 quaesitor,
919 1294 1034 1380 qui
1065 1293 1146 1357 de
1180 1317 1250 1357 ea
1278 1317 1347 1358 re
1368 1293 1677 1358 duntaxat
1703 1312 2139 1382 cognosceret,
2168 1311 2409 1383 posset-

299 1421 426 1484 que
455 1420 710 1486 poenam
749 1399 1085 1487 applicare,
1120 1400 1660 1464 constituebatur.

384 1502 510 1566 Sed
537 1525 765 1591 quum,
781 1505 1061 1568 victoriis
1086 1522 1410 1569 crescente
1433 1506 1705 1592 imperio
1729 1505 2050 1591 simulque
2067 1504 2234 1568 vitiis
2257 1528 2407 1570 cum

299 1609 458 1693 luxu
489 1608 1054 1692 invalescentibus,
1074 1613 1205 1691 jam
1235 1612 1504 1675 omnino
1530 1612 1812 1699 populus
1846 1633 2057 1698 neque
2082 1632 2198 1697 per
2218 1632 2285 1674 se
2307 1611 2411 1675 illa

296 1713 564 1776 crimina
596 1737 983 1802 cognoscere
1030 1739 1174 1803 quae
1221 1740 1256 1779 a
1306 1718 1678 1806 magistratu
1717 1715 2153 1796 deferrentur,
2194 1739 2409 1802 neque

299 1841 438 1882 eam
472 1835 855 1905 potestatem
887 1836 1064 1885 certo
1099 1822 1491 1910 magistratui
1526 1838 1626 1885 tot
1656 1821 1900 1910 legibus
1924 1820 2170 1884 deferre
2195 1839 2412 1907 posset

299 1939 462 2011 quot
502 1925 735 1989 scelera
772 1942 1196 2014 patrarentur,
1224 1928 1494 1991 omnino
1527 1924 1786 1990 necesse
1808 1927 1940 1989 fuit
1982 1942 2058 1989 ut
2091 1925 2407 2012 quodam·

301 2027 499 2091 modo
533 2027 614 2092 de
643 2029 1088 2109 jurisdictione
1118 2053 1234 2095 sua
1263 2029 1603 2094 decederet
1625 2078 1642 2111 ,
1681 2052 1876 2117 quam
1910 2030 2236 2117 perpetuis
2266 2031 2410 2117 qui-

300 2133 569 2209 busdam
608 2136 1078 2223 magistratibus
1110 2138 1598 2224 inperpetuum
1636 2134 2040 2200 concederet.
2070 2134 2232 2199 Inde
2254 2151 2410 2199 ortae

300 2242 666 2327 quoesczbnes
699 2240 820 2306 illae
837 2257 1163 2329 perpetua»
1193 2264 1336 2329 quae
1369 2243 1653 2331 primum
1686 2264 1859 2305 anno
1885 2241 2014 2319 604
2036 2289 2055 2322 ,
2088 2241 2233 2328 lege,
2261 2243 2412 2305 Cor-

304 2347 466 2410 nelia
499 2345 581 2410 de
612 2347 1018 2436 repetundiS,
1053 2348 1258 2413 multo
1289 2346 1542 2422 firmius
1581 2364 1802 2434 postea
1847 2347 2121 2411 Sullanis
2164 2347 2411 2436 legibus

304 2452 569 2514 fuerunt
597 2453 978 2524 constitutae.

389 2556 539 2618 Non
579 2579 651 2618 ea
682 2574 896 2620 autem
935 2559 1108 2646 apud
1145 2557 1385 2639 judicia
1421 2558 1502 2622 de
1546 2558 1773 2644 quovis
1824 2572 2078 2644 poterat
2128 2558 2412 2622 facinore

123 2699 126 2702 π
225 2746 236 2750 9
304 2658 606 2748 cognosci
630 2707 647 2739 ,
676 2681 897 2723 verum
926 2662 1191 2750 singulis
1224 2661 1689 2749 quaestionibus
1717 2683 1834 2724 sua
1861 2676 1997 2724 erat
2027 2682 2417 2749 cognoscen-

305 2763 538 2829 dorum
570 2764 914 2830 criminum
948 2788 1090 2853 pars
1122 2767 1441 2830 attributa.
1468 2765 1572 2829 Sic
1597 2766 1887 2846 majestas
1911 2813 1928 2846 ,
1966 2764 2281 2848 ambituS,
2315 2789 2415 2830 re-

304 2866 605 2955 petundae
623 2917 640 2950 ,
675 2868 1004 2956 peculatus
1022 2916 1039 2950 ,
1072 2871 1630 2959 proprium‘suum
1659 2870 2064 2956 quaesitorem
2094 2869 2414 2953 habuere,

304 2996 537 3061 nempe
565 2995 771 3037 unum
805 2995 882 3036 ex
917 2996 1024 3038 sex
1060 2975 1161 3038 his
1198 2975 1310 3063 qui
1343 2976 1694 3063 quotannis
1727 2976 2150 3064 eligebantur,
2178 2993 2414 3063 praeto-

302 3080 504 3160 ribus,
540 3081 815 3167 exceptis
846 3081 1095 3144 urbano
1129 3096 1193 3144 et
1218 3081 1583 3170 peregrinO,
1612 3103 1895 3168 quorum
1936 3082 2096 3172 alter
2140 3082 2413 3162 civium,

302 3185 461 3248 alter
502 3185 990 3274 peregrinorum
1035 3185 1551 3265 jurisdictionem
1597 3185 1997 3250 exercebant.
2050 3186 2155 3249 Sic
2210 3208 2417 3273 usque

303 3288 384 3352 ad
411 3273 648 3354 Sullam
677 3291 948 3356 exercita
980 3291 1233 3379 publica
1262 3291 1498 3372 judicia
1517 3338 1536 3373 ,
1564 3292 1652 3355 ita
1678 3309 1759 3356 ut
1791 3292 1844 3356 si
1880 3293 2123 3355 crimen
2152 3291 2414 3379 aliquod

281 3411 535 3483 Apraeter
570 3418 640 3460 ea
692 3420 834 3483 quae
874 3398 1199 3474 nominata
1234 3413 1418 3478 sunt,
1453 3397 1833 3480 deferretur,
1865 3397 2005 3485 lege
2050 3397 2171 3461 lata
2210 3420 2416 3461 novus

305 3503 627 3590 quaesitor,
661 3503 773 3589 qui
806 3502 887 3567 de
929 3526 1008 3566 eo
1047 3502 1352 3568 duntaxat
1387 3521 1840 3592 cognosceret,
1895 3504 2414 3566 constitueretur.

305 3607 479 3670 Sulla
514 3625 796 3694 quatuor
828 3609 1151 3697 prioribus
1188 3610 1648 3697 quaestionibus
1679 3609 1829 3672 alias
1869 3625 2148 3697 quatuor
2182 3608 2414 3688 adjecit

239 3794 246 3801 .
305 3711 387 3775 de
416 3712 652 3777 sicariis
676 3761 693 3794 ,
730 3711 809 3776 de
845 3713 1195 3791 veneficiis,
1233 3713 1313 3778 de
1347 3714 1513 3778 falsis
1536 3764 1554 3795 ,
1591 3713 1672 3778 de
1701 3730 2011 3801 corrupto
2042 3712 2322 3793 judicic,
2352 3731 2416 3777 et

305 3834 642 3906 propterea
670 3834 1019 3905 praetorum
1057 3844 1401 3884 numerum
1428 3821 1635 3897 auxit,
1680 3821 1767 3883 ita
1811 3837 1884 3884 ut
1917 3821 2136 3885 octoni
2169 3835 2416 3897 essent,

306 3947 341 3986 e
370 3924 605 4012 quibus
632 3947 741 3987 sex
762 3928 1104 4011 quotannis
1129 3926 1209 3989 de
1237 3926 1561 3991 maleficiis
1589 3943 1966 4013 quaererent.

393 4031 528 4092 Jam
562 4028 719 4117 quid
756 4031 1178 4095 certissimum
1223 4035 1410 4098 nobis
1442 4033 1525 4097 de
1565 4033 1889 4121 prioribus
1923 4049 2205 4119 quatuor
2239 4053 2417 4119 quae-

305 4134 623 4198 stionibus
645 4183 662 4216 ,
692 4135 930 4224 quippe
962 4138 1214 4218 majoris
1250 4140 1595 4220 momenti,
1620 4139 1929 4225 supersit,
1958 4138 2177 4224 paucis
2207 4141 2285 4207 ex‘,
2314 4158 2421 4198 or-

308 4239 459 4304 dine
486 4238 890 4305 disseremus».
