3044 4788
672 392 787 462 IN
837 392 1265 461 VERREM
1313 390 1533 463 ACT.
1573 394 1693 478 II,
1743 395 1930 462 LIB.
1971 397 2024 463 1.
2274 392 2415 473 355

284 519 509 605 ditur,
549 517 688 586 nisi
726 513 880 610 ejus
913 513 1052 601 rei,
1090 536 1252 610 quae
1289 537 1419 584 sua
1449 511 1755 611 sponte³
1793 514 2139 589 scelerata
2171 541 2256 589 ac
2287 544 2417 591 ne-

286 628 460 701 faria
487 641 595 699 est
614 678 634 712 ,
662 637 782 714 ut,
803 624 1080 695 etiamsi
1098 624 1209 694 lex
1237 620 1401 695 non'
1417 639 1640 712 esset,
1670 648 2109 727 magnopere
2131 628 2421 702 vitanda

287 737 518 810 fuerit.
557 740 798 831 Atque
845 735 920 803 in
965 732 1077 804 his
1118 731 1341 805 rebus
1378 733 1609 805 multa
1646 733 1975 806 videmus
2030 737 2126 808 ita
2175 754 2422 812 sancta

286 873 438 921 esse
465 844 747 943 legibus
769 898 790 932 ,
825 857 913 914 ut
945 858 1114 915 ante
1149 841 1334 915 facta
1360 844 1436 914 in
1465 842 1819 939 judicium
1852 869 2006 915 non
2041 865 2415 921 vocentur.

285 956 621 1031 Cornelia
639 960 668 1008 ⁴
702 956 1237 1025 testamentaria
1258 1007 1278 1041 ,
1314 954 1755 1042 nummaria,
1794 969 2050 1026 ceterae
2093 959 2423 1057 complu-

283 1094 399 1141 res
428 1096 444 1138 ε
477 1068 556 1138 in
586 1064 857 1163 quibus
882 1088 1036 1135 non
1056 1063 1179 1159 jus
1201 1062 1496 1160 aliquod
1533 1088 1810 1135 novum
1845 1066 2126 1163 populo
2153 1073 2423 1142 consti-

283 1182 540 1262 tuitur,
575 1173 704 1248 sed
734 1174 1078 1262 sancitur,
1118 1187 1237 1263 ut,
1278 1172 1479 1271 quod
1516 1197 1804 1272 semper
1836 1176 2109 1248 malum
2146 1174 2422 1253 facinus

285 1288 539 1378 fuerit,
574 1287 733 1382 ejus
765 1287 1070 1383 quaestio
1104 1282 1195 1355 ad
1227 1284 1588 1382 populum
1609 1282 1637 1329 ⁵
1676 1286 2073 1383 pertineat,
2100 1312 2189 1360 ex
2215 1305 2426 1363 certo

287 1416 635 1498 tempore.
682 1400 792 1468 De
825 1396 989 1491 jure
1030 1418 1206 1465 vero
1247 1395 1433 1465 civili
1470 1396 1531 1465 si
1574 1396 1738 1491 quis
1773 1397 1945 1467 novi
1989 1398 2172 1494 quid
2215 1401 2422 1474 insti-

288 1511 465 1593 tuit,
500 1508 561 1577 is
601 1502 799 1576 non⁶
841 1504 1121 1591 omnia,
1171 1528 1335 1600 quae
1385 1519 1556 1575 ante
1608 1518 1767 1576 acta
1802 1521 2008 1595 sunt,
2063 1523 2218 1580 rata
2269 1535 2426 1584 esse

289 1616 651 1717 patietur?
687 1616 887 1689 Cedo
912 1614 1096 1685 mihi
1119 1614 1312 1712 leges
1347 1615 1661 1704 AtiniaS,
1694 1616 2008 1706 Furias⁷,
2043 1618 2304 1716 ipsam,
2338 1637 2426 1694 ut

290 1729 473 1810 dixi,
506 1727 946 1814 Voconiam,
1003 1748 1259 1797 omnes
1298 1738 1645 1823 praeterea
1679 1724 1773 1796 de
1811 1724 1977 1820 jure
2011 1728 2241 1817 civili3
2279 1730 2425 1804 hoc

292 1839 604 1939 reperies
641 1838 717 1908 in
756 1835 1101 1908 omnibus
1139 1836 1354 1907 statui
1390 1836 1542 1931 jue,
1598 1860 1750 1933 quo
1788 1853 1954 1934 post
1991 1862 2148 1910 eam
2190 1840 2422 1938 legem

289 1949 606 2049 populus
641 1963 909 2021 utatur.
936 1944 1092 2037 'Qui
1120 1946 1518 2046 plurimum
1556 1944 1895 2018 tribuunt
1931 1947 2204 2038 edicte,
2242 1976 2429 2049 proe-

291 2060 465 2131 toris
509 2057 831 2130 edictum
874 2057 1105 2155 legem
1146 2079 1467 2127 annuam
1509 2054 1765 2127 dicunt
1810 2081 1986 2128 esse.
2032 2064 2143 2130 Tu
2186 2060 2425 2134 edicto

288 2170 453 2269 plus
475 2168 1001 2267 complecteris,
1019 2189 1241 2265 quam
1268 2166 1445 2263 lege.
1478 2165 1550 2237 Si
1576 2164 1801 2237 finem
1829 2166 2068 2240 edicto
2098 2176 2426 2267 praetoris

289 2278 604 2352 afferunt
658 2277 982 2351 kalendae
1027 2277 1370 2373 januarii3
1419 2299 1553 2347 cur
1593 2300 1746 2346 non
1789 2277 2077 2348 initium
2126 2270 2428 2378 quoque

291 2388 506 2462 edicti
537 2389 859 2461 nascitur
894 2413 935 2458 a
968 2385 1296 2458 kalendis
1321 2386 1678 2483 januarii?
1714 2387 1914 2457 auin
1950 2411 2119 2459 eum
2150 2413 2428 2462 annum

290 2498 630 2599 progredi
647 2522 866 2571 nemo
882 2501 1151 2597 poterit
1178 2498 1445 2582 edict0‚
1467 2521 1619 2595 quo
1646 2507 1910 2594 praetor
1932 2497 2114 2568 alius
2138 2497 2430 2573 futurus

292 2623 444 2696 est3
483 2610 559 2678 in
592 2607 797 2677 illum
820 2633 1026 2732 ‚quo
1067 2608 1250 2679 alius
1291 2620 1558 2705 proetor
1593 2603 1768 2695 fuit,
1810 2607 2309 2705 regredietur?

388 2720 642 2789 XLIII.
709 2719 810 2788 Ac
854 2718 916 2788 si
934 2715 1105 2788 hoc
1145 2717 1327 2814 juris
1368 2741 1522 2788 non
1568 2716 1787 2787 unius
1842 2740 2055 2789 causa
2109 2716 2429 2792 hominis

291 2826 681 2916 edixisseS,
718 2830 994 2899 cautius
1029 2828 1572 2926 composuisses.
1609 2825 1895 2916 Scribis,
1912 2851 1975 2898 s1
2009 2851 2173 2913 Qtns
2208 2853 2430 2901 nana-

293 2962 447 3012 nnn
491 2963 730 3028 raon,
773 2962 1095 3011 rsscmu'r.
1135 2937 1369 3030 Quid¹
1414 2939 1473 3010 si
1517 2937 1683 3036 plus
1733 2936 2029 3034 legarit,
2074 2963 2297 3037 quam
2336 2940 2430 3013 ad

366 3116 419 3170 3.
433 3120 535 3167 Sua
550 3130 736 3184 sponte.
758 3121 833 3169 Ex
852 3118 1061 3170 naturali
1077 3123 1321 3186 interpre-

293 3200 500 3249 tatione.

369 3289 423 3334 4.
447 3277 698 3334 Cornelia,
728 3290 835 3328 cese.
852 3279 901 3328 J.
916 3282 980 3328 V.
1000 3279 1059 3328 1..
1090 3302 1165 3314 —·
1195 3279 1321 3327 Sunt

1405 3135 1601 3180 casare,
1625 3118 1835 3183 ideoque
1856 3129 1989 3168 recte
2006 3119 2239 3169 dicuntur
2260 3137 2433 3171 eorum

1406 3199 1699 3265 questiones
1715 3198 1779 3246 ad
1794 3199 2036 3263 populum
2052 3200 2432 3264 pertinere.Vid.

1406 3278 1569 3328 Divin.
1591 3279 1646 3326 in
1673 3293 1885 3344 prooem.

294 3355 584 3406 nominativi
605 3358 817 3407 absoluti
829 3394 843 3418 ,
861 3357 1000 3422 quasi
1014 3357 1149 3406 dieas
1162 3390 1178 3416 ‚
1196 3378 1222 3398 α
1238 3372 1323 3404 en·

290 3437 374 3498 ina
399 3437 588 3502 generis
612 3450 753 3498 aunt,
784 3449 881 3486 etc.
897 3461 924 3481 a
959 3439 1061 3486 Has
1085 3437 1218 3502 leges
1243 3445 1317 3484 tu·

293 3516 418 3565 lerat
450 3518 506 3564 1..
535 3517 688 3567 Corn.
716 3515 849 3566 Sulla
882 3519 946 3568 A.
969 3517 1037 3566 U.
1056 3514 1315 3579 673.vid.

295 3595 485 3659 Digeat.
509 3598 750 3655 XLVIII,
780 3612 859 3644 10.

369 3674 418 3723 5.
448 3674 537 3722 Aa
556 3676 815 3740 populum.
843 3678 887 3724 1.
904 3690 949 3722 e.
969 3674 1223 3739 publicum
1242 3673 1319 3734 ju·

296 3753 482 3802 dicium
519 3753 582 3802 de
619 3770 681 3803 eo
722 3754 974 3802 habeatur.
1018 3755 1179 3815 Quare
1215 3769 1320 3801 non

296 3844 425 3891 erat,
452 3833 590 3897 quod
619 3835 822 3882 Hotom.
853 3842 902 3880 et
931 3830 1149 3880 Lambin.
1171 3832 1320 3880 corri-

299 3912 511 3975 gendum
574 3922 834 3977 putarent:
900 3932 925 3953 ..
944 3909 1006 3958 ad
1061 3922 1320 3975 pretorem

298 3992 541 4054 pertineat
551 4013 594 4041 ιι.
622 3994 682 4039 In
700 3991 849 4053 hujus
871 3991 1000 4039 enim
1028 3991 1215 4055 generis
1232 3991 1323 4037 cri·

301 4072 539 4131 minibus,
564 4069 766 4120 cuilibet
792 4087 818 4118 e
845 4069 1033 4135 populo
1055 4069 1230 4118 licebat
1251 4084 1325 4117 ae·

1478 3359 1531 3407 6.
1561 3356 1716 3406 Abest
1741 3373 1842 3405 non
1854 3391 1870 3416 ,
1904 3366 1953 3405 et
1987 3355 2080 3422 leg.
2100 3357 2311 3420 patitur.
2354 3360 2434 3407 Se·

1406 3437 1604 3503 qnimur
1628 3437 1780 3486 Prisc.
1801 3446 1852 3484 et
1877 3435 2026 3485 codd.
2046 3438 2156 3484 Par.
2173 3437 2224 3486 J.
2238 3439 2303 3485 V.
2322 3438 2380 3485 1..

1478 3533 1526 3578 7.
1556 3514 1686 3574 Alfi,
1719 3515 2134 3580 «Furifl85Fusifls
2153 3538 2195 3564 υ.
2216 3516 2347 3565 J.V.
2377 3518 2434 3568 L·

1473 3597 1655 3644 XLIII.
1682 3611 1727 3645 ι.
1750 3595 1882 3643 Olim
1909 3594 2060 3660 quod.
2084 3596 2137 3645 J.
2155 3596 2222 3645 V.
2242 3597 2436 3644 1..—1n

1404 3677 1501 3725 hoc
1526 3674 1672 3723 etiam
1698 3686 1869 3741 peccat
1886 3677 2063 3723 Verres
2079 3710 2094 3734 ‚
2122 3676 2259 3739 quod
2280 3692 2435 3724 unum

1407 3765 1597 3804 tantum
1614 3764 1760 3819 caput
1773 3754 1893 3819 legia
1902 3756 2139 3803 Voconiae
2152 3756 2205 3803 in
2222 3755 2437 3805 edietum

1403 3850 1548 3883 suum
1569 3834 1885 3897 transtulerit,
1901 3835 2124 3899 neglecto
2138 3836 2314 3896 altero,
2335 3856 2358 3878 ι
2373 3851 2438 3884 ne

1408 3914 1518 3979 plus
1532 3913 1758 3977 cuiquam
1771 3914 2031 3980 legaretur,
2049 3931 2194 3980 qnam
2208 3915 2271 3963 ad
2285 3915 2438 3979 legiti-

1408 4009 1516 4042 mos
1537 3992 1743 4042 heredes
1760 3994 2014 4059 pervenire
2034 4005 2200 4060 posset
2212 4017 2237 4037 ιο
2254 4029 2270 4055 ,
2298 3992 2437 4059 quod

1411 4082 1558 4137 eaput
1577 4057 1738 4122 omitti
1754 4090 1857 4123 non
1879 4083 2187 4138 oportuerat,
2211 4075 2253 4120 ai
2272 4089 2439 4122 revera

2078 4159 2194 4230 23.
