3044 4788
698 433 840 507 602
1501 439 2025 509 APPENDIX

701 559 1053 647 gnoscebat
1071 606 1088 640 ,
1112 557 1295 645 quod
1324 559 1460 647 ipse
1494 558 1749 624 deferre
1774 558 2063 639 volebat,
2088 556 2355 623 dicendi
2379 575 2714 645 potestate
2736 583 2829 624 ac·

702 680 922 751 cepta,
949 664 1297 751 postulavit
1330 680 1409 728 ut
1436 664 1562 728 sibi
1595 686 1837 731 nomen
1874 664 2014 743 ejus
2053 662 2307 727 deferre
2335 663 2601 744 liceret;
2625 687 2755 751 qua
2773 688 2831 728 re

703 772 1042 857 impetrata
1061 816 1080 851 ,
1111 791 1353 833 nomen
1385 767 1637 833 detulit.
1678 768 1960 834 Nomine
1986 784 2287 856 recepto,
2324 785 2523 856 atque
2546 792 2583 831 a
2616 771 2830 834 scribis

698 874 887 953 jussu
920 875 1212 961 praetoris
1265 874 1332 936 in
1379 873 1630 939 tabulas
1679 873 1915 955 relat0,
1968 873 2073 938 ille
2109 896 2262 939 reus
2299 889 2439 937 tum
2485 873 2828 938 dicebatur.

705 982 929 1067 Itaque
947 980 1151 1067 prima
1175 979 1473 1042 omnium
1507 980 1635 1043 fuit
1658 980 1723 1044 in
1737 978 1843 1059 jus
1870 978 2161 1045 vooetio:
2189 977 2429 1044 deinde
2455 980 2830 1067 postulatio,

704 1101 848 1149 tum
882 1085 1161 1147 nominis
1195 1072 1474 1167 delatio;
1509 1084 1595 1149 ad
1632 1078 1996 1150 extremum
2032 1084 2184 1149 inde
2215 1101 2495 1171 sequuta
2530 1100 2628 1147 est
2656 1107 2833 1148 accu-

694 1189 881 1254 satio.
919 1189 1013 1251 De
1040 1187 1141 1252 his
1170 1188 1443 1277 singulis
1470 1188 1818 1254 ordinatim
1846 1206 1913 1254 et
1938 1190 2222 1254 breviter
2248 1204 2344 1253 est
2368 1188 2743 1252 dicendum.

790 1294 868 1355 In
891 1293 999 1372 jus
1029 1311 1259 1360 vocato
1290 1295 1449 1378 cive,
1476 1297 1924 1384 postulabatur
1948 1319 1986 1359 a
2016 1312 2290 1383 praetore
2319 1310 2395 1358 ut
2426 1295 2569 1375 ejus
2598 1317 2831 1359 nomen

702 1397 954 1462 deferre
980 1400 1218 1465 liceret.
1246 1403 1377 1467 Cic.
1399 1401 1481 1467 ad
1507 1403 1654 1468 Div.
1673 1403 1829 1467 VIII
1846 1451 1864 1483 ,
1886 1404 1949 1467 6.
1974 1401 2329 1466 Postulatio
2350 1400 2552 1464 fiebat
2570 1424 2709 1464 non
2734 1423 2833 1465 so·

706 1505 844 1567 lum
872 1523 1221 1593 praesente,
1246 1506 1360 1570 sed
1379 1509 1570 1572 etiam
1602 1508 1866 1573 absente
1899 1507 2009 1571 illo
2042 1508 2111 1570 in
2140 1529 2336 1594 quem
2362 1505 2577 1570 fiebat.
2614 1505 2835 1570 Cic.ad

709 1611 795 1694 Q.
827 1612 931 1676 Fr.
953 1613 1072 1694 111,
1111 1637 1166 1688 1,
1203 1612 1261 1678 5.
1304 1616 1502 1702 Leges
1539 1632 1780 1696 temere
1813 1631 2199 1704 potestatem
2233 1636 2368 1677 non
2400 1615 2731 1694 fecerunt,
2771 1629 2837 1676 ut

709 1717 919 1805 quivis
951 1734 1066 1781 aut
1097 1719 1452 1807 postulare,
1485 1737 1600 1783 aut
1633 1721 1944 1808 postulari
1975 1736 2209 1808 posset.
2244 1720 2375 1801 Qui
2404 1736 2711 1805 possent,
2736 1734 2838 1782 aut

714 1847 850 1889 non
920 1842 1188 1912 possent
1232 1849 1567 1908 accusare,
1613 1829 1717 1891 vel
1769 1827 2091 1908 accusari,
2138 1825 2548 1889 declarantur
2594 1826 2835 1913 Dignst.

710 1929 820 1993 lib.
848 1931 1156 2013 XLVIII,
1192 1931 1288 1996 tit.
1320 1955 1356 1995 2
1377 1980 1395 2012 ,
1424 1930 1506 1995 de
1540 1932 2056 1995 accusationibus
2081 1947 2146 1995 et
2172 1930 2577 2017 inscription.

800 2035 1034 2122 Neque
1062 2038 1277 2100 solum
1309 2036 1480 2124 leges
1502 2084 1524 2118 ,
1549 2035 1664 2101 sed
1686 2053 1992 2124 praetores
2020 2036 2144 2123 ipsi
2170 2057 2293 2123 pro
2325 2049 2653 2120 potestate
2679 2035 2837 2098 mul·

708 2156 807 2203 tos
855 2162 892 2202 a
943 2140 1380 2226 postulatione
1408 2140 1716 2204 videntur
1758 2140 2090 2228 repulisse.
2137 2136 2515 2202 Postulandi
2566 2140 2838 2203 formula

712 2259 877 2323 erat,
910 2273 936 2297 ιι
956 2259 1030 2305 ut
1060 2244 1152 2307 rei
1192 2243 1474 2308 faciendi
1512 2268 1757 2310 nomen
1788 2247 2249 2333 reciperetur-3
2290 2243 2421 2307 hoc
2457 2260 2588 2324 est,
2628 2262 2706 2307 ut
2734 2268 2841 2333 po-

710 2363 900 2411 testas
930 2345 1192 2413 daretur
1218 2348 1566 2414 accusandi
1595 2372 1612 2415 :
1649 2365 1889 2439 praetor
1914 2350 2087 2414 enim
2122 2348 2248 2412 boc
2280 2347 2389 2429 jus
2428 2348 2749 2431 habebat,
2772 2367 2840 2414 ut

710 2454 995 2541 recipere
1015 2501 1033 2535 ,
1063 2471 1178 2518 aut
1206 2478 1341 2519 non
1379 2456 1667 2543 recipere
1694 2471 1936 2542 posset.
1964 2454 2286 2518 Potestate
2317 2453 2701 2542 impetrata,
2736 2479 2842 2519 no-

713 2580 864 2621 men
901 2559 969 2621 in
1005 2560 1112 2639 jus
1150 2559 1583 2640 deferebatur,
1616 2560 1748 2623 sive
1789 2558 2123 2639 edebatur,
2163 2558 2301 2638 ejus
2322 2606 2341 2640 ,
2375 2558 2485 2621 cui
2521 2563 2842 2625 accusatio

712 2663 1076 2750 parabatur.
1106 2665 1510 2728 Delationem
1548 2664 1832 2727 nominis
1882 2662 2283 2750 praecedebat
2324 2664 2618 2728 solemne
2654 2667 2848 2746 jusju-

710 2768 1026 2850 randum,
1051 2766 1488 2833 calumniandi
1524 2791 1716 2833 causa
1758 2790 2001 2833 nomen
2042 2791 2178 2833 non
2229 2767 2516 2831 delatum
2561 2769 2666 2834 iri.
2697 2771 2848 2833 Edi·

710 2877 902 2940 tionis
943 2878 1082 2941 hoec
1121 2893 1258 2939 erat
1291 2878 1574 2941 formula
1603 2901 1665 2941 v.
1693 2899 1791 2965 gr.
1831 2901 1859 2928 α
1882 2877 2006 2940 Aio
2043 2893 2136 2958 te,
2180 2877 2540 2957 ovenses,
2594 2878 2849 2943 Siculos

713 2982 1016 3069 spoliasse
1037 3013 1081 3046 ι.
1105 2981 1258 3063 Ver,
1299 2983 1356 3045 si
1389 2982 1644 3048 abesset
1666 2983 1900 3046 Verres
1923 3030 1942 3064 ,
1984 2983 2144 3047 «Aio
2182 2983 2257 3045 C.
2288 2981 2560 3046 Verrem
2597 2981 2849 3047 Siculos

708 3087 1011 3176 spoliasse
1034 3121 1080 3152 ιι.

796 3197 873 3260 In
904 3197 1445 3281 conjecturalibus
1477 3195 1683 3261 causis
1719 3194 1962 3261 nudam
1997 3191 2514 3285 propositionem
2552 3196 2623 3257 in
2666 3195 2849 3287 lffiunc

708 3302 979 3366 modum
1013 3303 1245 3366 factam
1278 3302 1476 3366 fuisse
1510 3301 1705 3366 tradit
1732 3303 2172 3386 Quintilianus
2197 3325 2214 3366 ε
2242 3333 2270 3358 «ι
2288 3300 2497 3366 Caedis
2524 3324 2686 3390 ago:
2712 3304 2850 3365 fur-

707 3422 850 3471 tum
883 3406 1174 3487 objicio».
1213 3408 1411 3470 Erant
1448 3407 1641 3471 etiam
1684 3407 1821 3472 istae
1865 3406 2228 3473 editionum
2262 3406 2601 3471 formulae:
2658 3408 2849 3494 *Ego

709 3511 973 3577 Maevius
1008 3514 1081 3578 L.
1108 3514 1353 3577 Titium
1386 3536 1573 3577 reum
1606 3512 1857 3595 desem,
1891 3513 2170 3600 quod...
2201 3514 2340 3601 Ego
2375 3513 2616 3575 Titiam
2653 3510 2848 3575 adul-

709 3618 879 3698 terii,
904 3618 1230 3700 veneficii,
1258 3637 1384 3684 etc.
1417 3642 1594 3682 ream
1632 3618 1856 3683 defero
1879 3648 1925 3682 ι.
1951 3618 2120 3682 Nam
2144 3634 2549 3683 accusatores
2577 3640 2699 3681 sua
2725 3618 2851 3682 reis

708 3721 897 3785 edere
920 3726 1189 3788 crimina
1212 3725 1631 3813 cogebantur.
1666 3725 1842 3790 Scire
1864 3723 2040 3789 enim
2063 3725 2407 3811 oportebat
2426 3747 2539 3788 eos
2555 3772 2574 3804 ,
2598 3724 2850 3811 quibus

710 3843 925 3892 essent
953 3829 1335 3894 criminibus
1373 3831 1768 3917 responsuri.

805 3935 934 3998 Ista
975 3933 1188 3998 verbis
1238 3936 1735 4024 peragebantur.
1779 3935 2006 4000 Libelli
2052 3949 2355 4022 praeterea
2400 3933 2755 4016 dabantur,
2789 3951 2851 3997 et

715 4040 1160 4104 offerebantur
1183 4043 1462 4128 praetori.
1482 4043 1682 4106 Tacit.
1712 4043 1942 4107 Annal.
1966 4041 2065 4106 111
2081 4089 2100 4123 ,
2120 4045 2227 4119 44.
2248 4070 2273 4094 ι
2289 4041 2465 4104 Certi
2487 4042 2668 4104 enim
2686 4040 2853 4120 juris

719 4163 815 4211 est
848 4146 1267 4233 inscriptione
1298 4147 1495 4213 libelli
1530 4162 1965 4214 accusatorem
1996 4148 2194 4235 exigi;
2226 4169 2354 4232 qua
2386 4146 2633 4210 scilicet
2660 4146 2855 4225 cujus

2684 4269 2712 4294 S
