3044 4788
572 406 706 502 196
1203 395 1297 472 Μ.
1351 405 1426 472 T.
1481 405 2044 475 olcERole

562 527 1029 599 vehementer
1078 535 1232 594 esse
1274 524 1623 620 petitum,
1681 538 1766 593 ut
1810 538 1935 593 aut
1974 547 2187 594 causa
2231 524 2412 596 mihi
2467 533 2689 602 susci-

560 639 824 737 pienda
851 636 1065 707 fuerit
1085 687 1104 717 ‚
1134 649 1258 707 aut
1284 631 1607 704 officium
1632 644 1689 677 ¹¹
1719 635 2266 707 necessitudinis
2300 641 2691 735 repudian-

560 749 759 819 dum.
798 745 937 818 Sed
968 742 1142 841 quid
1181 767 1315 840 ego
1354 742 1463 813 his
1499 742 1804 815 testibus
1841 758 2030 829 utor,
2068 747 2275 842 quasi
2314 772 2428 817 res
2470 749 2691 821 dubia

560 875 686 930 aut
739 856 1049 929 obscura
1107 853 1246 926 sit?
1299 851 1584 927 Adsunt
1631 853 1967 926 homines
2003 880 2089 925 ex
2131 870 2283 927 tota
2323 860 2691 953 provincia

557 967 1021 1054 nobilissimi,
1056 965 1186 1062 qui
1213 978 1597 1063 praesentes
1628 989 1756 1036 vos
1784 982 1995 1037 orant
2017 980 2236 1064 atque
2261 967 2684 1058 obsecrant,

549 1080 854 1175 judices,
912 1091 993 1147 ut
1042 1077 1117 1145 in
1164 1090 1406 1147 actore
1450 1099 1678 1147 causae
1727 1101 1871 1148 suae
1921 1073 2305 1174 deligendo
2367 1095 2687 1152 vestrum

549 1189 902 1287 judicium
945 1185 1035 1257 ab
1075 1211 1209 1257 suo
1237 1184 1519 1281 judicio
1561 1210 1656 1256 ne
1696 1184 2075 1283 discrepet.
2114 1186 2463 1257 Omnium
2507 1189 2685 1258 civi-

556 1315 786 1371 tatum
838 1298 1060 1369 totius
1108 1295 1356 1367 Siciliae
1399 1294 1794 1392 legationes
1837 1294 2145 1379 adsunt,
2194 1310 2453 1392 praeter
2496 1294 2685 1367 duas

554 1412 871 1482 civitates
896 1419 955 1452 ¹²
982 1435 998 1476 ε
1029 1432 1340 1505 quarum
1366 1405 1676 1477 duarum
1695 1460 1713 1494 ,
1735 1406 1794 1477 si
1818 1404 2182 1493 adessent,
2210 1404 2359 1476 duo
2386 1406 2686 1477 crimina

550 1521 664 1593 vel
725 1521 1031 1590 maxima
1091 1519 1632 1605 minuerentur,
1677 1543 1837 1615 quae
1892 1541 2058 1587 cum
2107 1516 2218 1587 his
2278 1516 2685 1590 civitatibus

549 1637 631 1704 C.
662 1632 869 1704 Verri
904 1630 1431 1702 communicata
1467 1641 1659 1702 sunt.
1701 1633 1791 1698 At
1834 1629 2023 1698 enim
2071 1648 2202 1697 cur
2238 1652 2278 1697 a
2319 1651 2438 1698 me
2468 1632 2686 1725 potis·

548 1744 812 1813 simum
849 1741 992 1811 hoc
1030 1737 1445 1837 praesidium
1486 1734 1947 1836 petiverunt?
1988 1737 2060 1805 Si
2103 1751 2291 1807 esset
2333 1735 2684 1821 dubium,

549 1853 899 1949 petissent
924 1873 965 1920 a
1004 1873 1123 1918 me
1162 1846 1608 1947 praesidium,
1653 1871 1916 1932 necne,
1962 1844 2272 1918 dicerem
2300 1901 2318 1933 ‚
2368 1872 2497 1918 cur
2552 1872 2680 1946 pe-

550 1964 825 2033 tissent.
870 1964 1083 2033 Nunc
1116 1983 1329 2043 vero,
1376 1982 1613 2054 quum
1658 1957 1731 2028 id
1777 1959 1873 2028 ita
1912 1960 2376 2055 perspicuum
2415 1959 2549 2045 sit,
2602 1973 2682 2029 ut

550 2064 853 2142 oculis¹³
879 2066 1202 2163 judicare
1246 2067 1573 2164 possitis;
1622 2066 1864 2137 nescio
1903 2089 2035 2135 cur
2077 2065 2218 2136 hoc
2248 2066 2426 2136 mihi
2460 2066 2681 2138 detri-

547 2193 799 2250 mento
833 2201 988 2248 esse
1019 2174 1315 2260 debeat,
1353 2177 1411 2245 si
1462 2174 1536 2245 id
1577 2175 1753 2245 mihi
1791 2172 2193 2270 objiciatur,
2230 2201 2348 2248 me
2390 2179 2680 2275 potissi-

546 2282 751 2358 mum
778 2310 931 2358 esse
960 2284 1337 2357 delectum.
1360 2289 1631 2356 Verum
1656 2283 1731 2354 id
1760 2283 1936 2377 milii
1959 2310 2108 2355 non
2132 2311 2363 2374 stunc,
2376 2286 2677 2382 judices,

549 2415 621 2472 et
657 2399 796 2469 hoc
831 2422 980 2468 non
1018 2394 1243 2467 modo
1279 2397 1352 2466 in
1392 2398 1719 2468 oratione
1757 2416 1917 2466 mea
1954 2421 2106 2467 non
2143 2422 2376 2494 pon0‚
2421 2396 2544 2469 sed
2583 2421 2676 2468 ne

548 2516 623 2583 in
649 2510 996 2608 opinione
1020 2507 1314 2605 quidem
1340 2505 1769 2603 cujusquam
1795 2504 2131 2602 relinquo
2155 2560 2173 2593 ‚
2197 2531 2315 2579 me
2340 2505 2679 2577 omnibus

550 2621 876 2721 patronis
913 2642 1065 2689 esse
1102 2618 1591 2715 praepositum.
1630 2618 1791 2685 Non
1833 2619 1929 2686 ita
1962 2629 2109 2701 est;
2162 2615 2289 2687 sed
2333 2618 2678 2690 uniuscu-

550 2732 813 2828 jusque
835 2728 1285 2824 temporis¹⁴‚
1309 2723 1750 2810 valitudinis,
1781 2722 2138 2796 facultatis
2166 2723 2257 2796 ad
2285 2726 2679 2821 agendum,

553 2838 772 2910 ducta
806 2840 988 2906 ratio
1025 2849 1152 2906 est.
1218 2837 1379 2904 Mea
1419 2833 1555 2905 suit
1591 2857 1877 2932 semper
1927 2833 2074 2906 haec
2122 2837 2197 2905 in
2252 2834 2385 2905 hac
2423 2860 2502 2906 re
2543 2863 2673 2909 vo-

549 2950 788 3019 luntas
847 2959 921 3016 et
964 2949 1358 3030 sententia,
1397 2946 1725 3042 quemvis
1768 2959 1850 3016 ut
1899 2944 2041 3016 hoc
2079 2945 2361 3016 mallem
2407 2944 2497 3017 de
2554 2948 2673 3035 iis,

552 3060 947 3155 quiessent
988 3054 1271 3143 idonei,
1323 3057 1716 3153 suscipere,
1758 3079 1976 3152 quam
2014 3079 2169 3142 me3
2212 3078 2326 3125 me
2375 3069 2455 3126 ut
2494 3057 2672 3128 mal-

547 3169 690 3240 lem
716 3222 734 3255 ,
767 3190 986 3263 quam
1027 3165 1414 3235 neminem.

625 3418 643 3448 x
661 3418 703 3448 ι.
763 3400 1005 3467 Officium.
1053 3402 1146 3447 Jus
1195 3397 1567 3447 necessitudinis

547 3480 688 3543 quale
716 3490 788 3526 est
812 3480 940 3528 inter
962 3488 1221 3543 patronum
1236 3510 1252 3535 ,
1295 3476 1495 3525 clientes
1519 3488 1568 3526 et

546 3558 776 3622 hospites.

627 3652 703 3683 ια.
734 3632 872 3682 Duas
898 3632 1123 3682 civitates.
1144 3618 1493 3682 Mamertinam
1518 3646 1567 3682 et

551 3716 916 3779 Syracusanam.
967 3715 1085 3760 Haec
1129 3713 1370 3761 furtorum
1402 3713 1569 3760 Verris

548 3794 788 3854 adjmrix,
824 3791 905 3838 illu
931 3792 1173 3854 receptrix
1209 3791 1316 3838 fuit.
1335 3788 1455 3838 vid.
1481 3790 1571 3839 inf.

548 3873 600 3919 in
619 3870 838 3918 Veri-inis
862 3881 990 3917 orat.
1009 3871 1202 3933 passim.
1224 3872 1340 3917 Haec
1357 3880 1468 3916 sunt
1488 3887 1567 3917 ea·

549 3968 653 3998 rum
680 3950 929 3996 civitatum
948 3948 1154 3996 maxima
1175 3948 1393 3996 crimina.

625 4048 640 4076 ι
656 4032 702 4078 3.
734 4027 916 4077 Oculis.
938 4026 1132 4075 Siculos
1149 4028 1278 4075 enim
1296 4062 1310 4087 ,
1344 4026 1430 4091 qui
1456 4026 1508 4074 id
1536 4043 1564 4074 ι

543 4110 683 4158 vobis
727 4119 932 4174 petunt,
969 4119 1229 4173 praesentes
1267 4107 1469 4166 videtis,
1514 4118 1564 4157 et

1653 3401 1857 3464 potestis
1880 3400 1970 3447 hac
1999 3398 2060 3447 de
2088 3416 2139 3447 re
2165 3399 2488 3464 interrogare,
2512 3412 2677 3449 utrum

1653 3495 1823 3527 verum
1853 3479 2078 3527 dixerim.

1730 3565 1808 3613 14.
1836 3558 2094 3622 Temporis.
2119 3557 2236 3606 Non
2253 3570 2585 3622 contempsere
2597 3560 2677 3607 Si·

1655 3634 1755 3682 culi
1772 3644 1953 3683 veteres
1971 3653 2084 3685 suos
2102 3649 2361 3700 patronos3
2386 3638 2473 3688 sed
2496 3649 2677 3702 tempo·

1658 3713 1724 3760 ris
1761 3712 2037 3763 habuerunt
2076 3717 2309 3764 rationem
2325 3751 2340 3775 ‚
2385 3718 2500 3780 quia
2539 3718 2678 3764 Mar·

1660 3790 1810 3839 cellus
1838 3792 1997 3853 iudex
2033 3806 2134 3852 est;
2177 3795 2468 3843 valitudinis
2486 3829 2501 3855 ,
2537 3796 2676 3858 quod

1654 3869 1895 3919 infirmior
1909 3889 2120 3938 corpore
2140 3885 2214 3922 est
2225 3868 2566 3931 Marcellinus3
2587 3874 2671 3931 Ιὶι-

1655 3951 1868 4011 cultam,
1885 3952 2021 4016 quod
2048 3968 2151 3999 non
2178 3964 2252 4000 est
2282 3954 2334 4001 in
2362 3954 2517 4001 altero
2539 3956 2674 4002 Mar-

1657 4030 1780 4078 cello
1829 4031 2030 4080 facultas
2073 4033 2319 4093 oraton-123
2363 4033 2487 4092 juris
2542 4035 2673 4080 enlm

1654 4109 1920 4159 studiosior
1935 4122 2034 4158 erat
2054 4110 2136 4157 ille
2158 4125 2302 4173 quam
2326 4109 2634 4175 eloquentiae.
