3044 4788
729 396 1108 465 ORATIO
1158 399 1357 466 PRO
1407 402 1474 468 S.
1530 403 1938 476 ROSCIO.
2303 417 2398 490 63

262 543 414 588 non
445 517 721 589 electus
751 541 976 604 unus,
1004 519 1132 615 qui
1159 521 1471 591 maximo
1498 524 1820 619 ingenio,
1841 528 1968 599 sed
1997 532 2288 608 relictus
2311 565 2398 612 ex

258 628 641 714 omnibu5‚
668 631 798 725 qui
831 630 1133 698 minimo
1165 630 1491 725 periculo
1513 656 1800 729 possem
1836 637 2076 714 dicere
2106 670 2122 712 ε
2159 668 2400 745 neque

256 741 360 808 uti
393 742 568 808 satis
601 735 817 808 firmo
849 736 1183 836 praesidio
1218 737 1556 813 defensus
1587 748 1746 817 Sex.
1777 752 2118 843 RosciuS,
2146 782 2396 832 verum

252 851 359 919 uti
396 874 492 919 ne
523 850 830 919 omnino
856 846 1184 920 desertus
1217 865 1420 922 esset.

346 961 679 1029 Forsitan
709 961 1046 1056 quaeratis
1067 1013 1087 1047 ‚
1139 963 1270 1057 qui
1299 964 1433 1033 iste
1462 977 1702 1036 terror
1727 972 1851 1057 sit,
1894 987 1968 1043 et
2005 1000 2169 1072 quae
2197 994 2395 1053 tanta

248 1066 611 1154 formido,
652 1093 813 1165 quae
847 1082 957 1138 tot
985 1092 1068 1140 ac
1105 1070 1277 1141 tales
1317 1075 1511 1144 viros
1542 1077 1927 1173 impediat,
1960 1109 2113 1181 quo
2150 1093 2393 1164 minus

244 1204 386 1276 pro
429 1182 667 1276 capite
720 1193 795 1250 et
839 1177 1149 1249 fortunis
1188 1181 1525 1272 alterius·‚
1557 1190 2177 1284 quemadmodum
2222 1226 2393 1274 con·

244 1301 691 1377 sueverunt,
746 1312 1032 1360 causam
1089 1285 1313 1363 velint
1362 1292 1626 1367 dicere.
1694 1302 1916 1389 Quod
1966 1305 2207 1381 adhuc
2260 1339 2390 1385 vos

248 1403 588 1494 ignorare
615 1423 766 1469 non
800 1403 1067 1470 mirum
1100 1416 1208 1472 est
1228 1456 1248 1491 ‚
1282 1420 1669 1504 propterea
1703 1410 1906 1508 quod
1935 1422 2269 1494 consulto
2293 1426 2387 1497 ab

246 1509 792 1582 accusatoribus
835 1515 993 1609 ejus
1034 1516 1173 1603 rei,
1216 1540 1379 1613 quae
1422 1518 1768 1594 conflavit
1804 1523 1948 1597 hoc
1989 1529 2388 1626 judicium,

254 1625 541 1692 mentio
570 1620 743 1693 facta
779 1648 930 1693 non
964 1639 1093 1695 est.

351 1734 532 1822 Quae
553 1756 663 1802 res
684 1757 769 1803 ea
790 1734 938 1804 est?
953 1739 1152 1805 Bona
1175 1740 1400 1834 patris
1418 1738 1722 1836 hujusce
1751 1747 1907 1815 Sex.
1931 1751 2197 1840 Roscii,
2222 1778 2384 1850 quoe

241 1857 420 1911 sunt
457 1846 817 1939 sexagies¹
855 1870 871 1911 z
907 1868 1067 1940 quae
1102 1843 1192 1916 de
1226 1850 1383 1916 viro
1424 1847 1813 1923 fortissimo
1849 1870 1922 1928 et
1954 1857 2384 1952 clarissimo,

236 1954 314 2020 L.
346 1952 547 2022 Sulla
578 2007 597 2039 ,
641 1978 863 2050 quem
898 1952 1198 2024 honoris
1231 1980 1445 2028 causa
1477 1964 1820 2053 nomin0‚
1853 1964 2146 2041 duobus
2174 1975 2385 2046 milli-

234 2060 376 2131 bus
409 2074 848 2133 nummum²
883 2088 959 2133 se
1003 2062 1183 2136 dicit
1229 2071 1486 2140 emisse
1531 2069 1949 2148 adolescens
1985 2082 2095 2151 vel
2123 2100 2382 2180 poten-

233 2175 556 2243 tissimus
605 2170 748 2243 hoc
795 2187 1120 2270 tempore
1169 2191 1432 2247 nostrae
1477 2183 1823 2271 civitatiS,
1857 2193 1933 2259 L.
1963 2193 2377 2268 Cornelius³

230 2281 781 2379 Chrysogonus.
841 2286 907 2353 Is
946 2307 988 2354 a
1019 2283 1264 2372 vobiS,
1322 2288 1647 2382 judices,
1681 2293 1822 2367 hoc
1853 2303 2206 2396 postulat,
2253 2324 2372 2399 ut,

229 2396 587 2488 quoniam
642 2396 719 2463 in
764 2393 1072 2465 alienam
1125 2403 1511 2494 pecuniam
1536 2405 1591 2490 4,
1622 2418 1766 2475 tam
1810 2409 2097 2505 plenam
2150 2433 2371 2516 atque

228 2504 685 2599 praeclaram,
713 2504 916 2575 nullo
936 2507 1099 2600 jure
1123 2511 1498 2597 invaserit,
1527 2518 2023 2616 quoniamque
2057 2528 2121 2594 ei
2152 2551 2373 2624 pecu-

232 2617 369 2683 niae
410 2607 560 2683 'vita
599 2618 757 2685 Sex.
807 2619 1045 2687 Roscii
1084 2616 1370 2690 obstare
1415 2636 1636 2719 atque
1681 2625 1974 2701 officere
2019 2635 2372 2728 videatur,

232 2722 528 2796 deleatis
572 2752 662 2796 ex
700 2728 945 2796 animo
978 2752 1113 2798 suo
1146 2733 1634 2827 suspicionem
1668 2761 1964 2812 omnem
1987 2795 2006 2828 ‚
2057 2763 2368 2821 metum-

229 2853 390 2930 que·
408 2836 679 2907 tollatis
708 2862 724 2905 :
755 2862 933 2926 sese,
965 2837 1107 2910 hoc
1144 2842 1516 2932 incolumi,
1550 2869 1698 2916 non
1735 2848 2126 2924 arbitratur
2151 2857 2370 2956 hujus
2403 2955 2404 2958 Ἴ

231 2947 644 3017 innocentis
699 2951 1221 3045 patrimonium
1286 2967 1431 3023 tam
1487 2958 1812 3054 amplum
1866 2977 1940 3031 et
1986 2971 2364 3065 copiosum

230 3079 440 3150 posse
483 3054 818 3128 obtinere
868 3084 886 3126 :
934 3058 1272 3132 damnato
1305 3078 1379 3134 et
1409 3066 1679 3160 ejectO,
1727 3087 1963 3167 sperat
2002 3101 2079 3146 se
2120 3103 2363 3176 posse,

228 3163 437 3260 qnod
459 3165 763 3263 adeptus
782 3182 892 3239 est
915 3194 1048 3267 per
1070 3173 1326 3261 sceluS,
1346 3173 1420 3245 id
1446 3199 1577 3272 per
1598 3178 1957 3252 luxuriam
1987 3185 2365 3264 effundere

223 3290 456 3371 atque
497 3301 945 3350 consumere.
994 3286 1209 3354 Hunc
1258 3282 1395 3355 sibi
1437 3311 1524 3356 ex
1575 3291 1820 3360 animo
1866 3299 2287 3393 scrupulum
2311 3298 2363 3390 ⁵,

290 3496 363 3541 11.
391 3507 439 3542 1.
456 3495 705 3557 sexagies.
729 3495 850 3543 Sub.
874 3508 1076 3546 centena
1101 3499 1251 3548 millia
1411 3504 1461 3551 3.
1491 3505 1546 3551 L.
1568 3504 1831 3559 Cornelius.
1851 3510 1997 3560 Suum
2024 3513 2249 3580 libertus,
2277 3538 2364 3586 pn-

221 3574 500 3621 sestertium
519 3572 817 3638 (¹,230,ooo
830 3577 911 3642 fr.)
1338 3585 1467 3630 troni
1491 3600 1673 3634 nomeu
1691 3586 1753 3635 de
1779 3606 1917 3639 more
1934 3608 2220 3658 sumpserat.

288 3670 338 3701 2.
390 3654 675 3701 Nummum.
714 3658 755 3702 1.
803 3672 845 3704 e.
900 3659 1247 3707 sestertiorum.
1410 3672 1457 3720 4.
1484 3665 1761 3714 Pecuniam.
1794 3670 1948 3719 Bona.
1982 3674 2106 3722 Nam
2139 3679 2361 3739 pecunia

222 3734 341 3780 Nam
378 3743 430 3781 et
465 3750 690 3782 nummus
730 3735 911 3784 dicitur
943 3737 1163 3787 absolute
1198 3751 1249 3789 et
1334 3743 1536 3790 nomine
1562 3745 1856 3809 quaudoque
1881 3750 2359 3813 significanturbon·

216 3815 357 3859 etiam
407 3817 682 3876 conjuncte,
722 3831 943 3864 nummus
1007 3820 1248 3868 sestertius
1334 3822 1524 3883 omnia,
1553 3834 1651 3870 tam
1678 3825 1944 3875 immobilia
1969 3846 2112 3893 quam
2132 3836 2352 3889 mobilis.

215 3893 333 3949 (4ιο
351 3893 465 3955 sn).
500 3894 790 3943 Plutarchus
809 3907 966 3959 empta
988 3897 1108 3945 dicit
1133 3893 1245 3947 δισ·
1405 3898 1453 3952 5.
1484 3903 1784 3967 Scrupulmn.
1819 3908 2080 3973 Scrupulus
2110 3926 2182 3963 est
2213 3917 2357 3982 lapil-

215 3972 368 4033 χιλίων
397 3969 662 4040 δραχμῶν,
696 3975 892 4024 duobus
922 3977 1136 4025 millibus
1165 3979 1248 4027 de·
1332 3981 1407 4029 lus
1434 3984 1484 4029 in
1514 3983 1678 4031 calceo
1709 3985 1889 4044 latens,
1930 3991 2014 4050 qui
2044 4003 2236 4054 pressus
2269 4014 2354 4061 pe·

217 4054 461 4100 uariorum
517 4055 570 4119 (ι
584 4055 710 4113 ,640
761 4055 866 4119 sr.).
908 4056 1023 4104 vid.
1066 4058 1243 4106 Ruald.
1335 4061 1443 4109 dem
1472 4064 1698 4113 offendit.
1739 4067 1833 4114 Hic
1863 4069 2070 4117 sumitur
2105 4076 2355 4139 metapho-

221 4131 554 4182 Animadvers.
577 4136 801 4181 xxvn.
1340 4140 1437 4186 rice
1465 4157 1556 4204 pro
1598 4144 1883 4204 aegritudine
1915 4149 2077 4197 animi.
2113 4179 2185 4190 —
2220 4157 2352 4203 Loco
