3044 4788
639 437 749 505 IN
800 435 1229 507 VERREM
1276 436 1492 504 Ac'r.
1543 437 1660 520 11,
1710 436 1900 503 LIB.
1953 437 2051 504 ΙΙ.
2271 430 2409 518 405

283 556 637 642 civitates,
657 569 740 625 ut
767 569 892 625 aut
922 553 1259 625 levissimi
1292 554 1589 651 quidam
1618 577 1704 624 ex
1728 555 2143 627 miserrimis
2178 553 2416 626 deser-

283 666 716 762 tissimisque
760 662 1047 763 oppidis
1099 665 1622 751 invenirentur,
1664 669 1790 761 qui
1842 665 2121 760 injussu
2160 665 2415 763 populi

279 801 367 849 ac
407 790 698 847 senatus
734 773 1409 873 proficiscerentur;
1448 789 1571 845 aut
1610 775 1694 862 ii,
1741 779 1870 872 qui
1911 790 2161 846 contra
2195 777 2414 846 istum

284 888 494 983 legati
522 885 795 961 decreti
822 900 1049 972 erant,
1075 900 1148 957 et
1173 885 1674 956 testimonium
1700 883 2077 982 publicum
2101 910 2183 956 ac
2217 909 2415 956 man·

281 994 449 1067 data
480 1009 928 1091 acceperant,
953 996 1025 1064 vi
1061 1019 1144 1065 ac
1177 1008 1377 1065 metu
1396 998 1909 1066 retinerentur.
1931 994 2151 1085 Quod
2175 1020 2310 1092 ego
2337 1000 2413 1066 in

282 1106 529 1203 paucis
554 1120 794 1176 tamen
825 1128 961 1174 usu
998 1106 1278 1174 venisse
1311 1127 1465 1172 non
1499 1103 1800 1174 moleste
1836 1102 2028 1191 fero,
2060 1130 2210 1202 quo
2247 1104 2413 1175 reli-

279 1242 475 1313 quae,
496 1229 642 1302 tot,
669 1228 741 1287 et
773 1229 1009 1301 tantae,
1029 1228 1101 1283 et
1121 1227 1267 1284 tam
1287 1237 1536 1310 graves
1554 1214 1897 1300 civitates,
1917 1228 2064 1287 tota
2097 1213 2415 1311 denique

279 1324 518 1397 Sicilia
543 1323 709 1421 plus
730 1324 1174 1394 auctoritatis
1199 1320 1392 1419 apud
1408 1347 1538 1393 vos
1557 1321 1878 1411 haberet,
1890 1348 2121 1421 quum
2140 1324 2416 1395 videre-

280 1437 406 1520 tis,
428 1434 626 1505 nulla
643 1437 713 1503 vi
734 1434 1027 1504 retineri
1046 1487 1066 1520 ,
1099 1432 1301 1503 nullo
1320 1432 1648 1530 periculo
1669 1432 2042 1529 prohiberi
2063 1438 2383 1531 potuisse
2398 1489 2418 1522 ,

278 1570 432 1641 quo
472 1546 713 1615 minus
755 1544 1295 1640 experirentur,
1338 1538 1606 1639 ecquid
1643 1541 1839 1639 apud
1876 1568 2010 1613 vos
2051 1545 2419 1641 querimo-

178 1706 193 1721 .
278 1657 418 1726 niae
460 1652 779 1723 valerent
830 1651 1497 1749 antiquissimorum
1534 1648 2261 1749 fidelissimorumque
2299 1679 2416 1725 so·

282 1768 585 1835 ciorum.
630 1766 848 1851 Nam,
887 1760 1089 1857 quod
1132 1758 1432 1831 fortasse
1471 1785 1626 1830 non
1670 1785 1887 1831 nemo
1923 1776 2242 1832 vestrum
2284 1789 2413 1834 au-

282 1874 496 1946 dierit
513 1928 532 1962 ,
550 1875 767 1945 istum
789 1897 829 1943 a
847 1874 1307 1968 Syracusanis
1333 1868 1627 1968 publice
1647 1869 1920 1943 laudari
1955 1898 1976 1940 ι
2003 1871 2076 1941 id
2093 1927 2113 1957 ,
2132 1874 2415 1943 tametsi

281 1986 525 2083 priore
560 1987 843 2055 actione
882 2006 971 2051 ex
1011 1979 1318 2051 Heraclii
1355 1980 1780 2075 Syracusani
1811 1981 2257 2067 testimoniO,
2289 2005 2414 2052 cu-

274 2092 595 2191 jusmodi
621 2106 839 2179 esset,
868 2088 1346 2187 cognovistis,
1395 2103 1640 2160 tamen
1667 2087 1874 2161 vobis
1896 2090 2038 2161 alio
2067 2087 2298 2177 locofi,
2336 2106 2415 2162 ut

278 2229 359 2277 se
411 2220 564 2276 tota
614 2227 729 2273 res
778 2201 1079 2288 habeat,
1117 2198 1320 2297 quod
1366 2198 1457 2269 ad
1502 2224 1659 2270 eam
1713 2201 2072 2273 civitatem
2126 2202 2416 2289 attinet,

279 2311 921 2389 demonstrabitur.
952 2310 1394 2408 Intelligetis
1440 2313 1669 2398 enim,
1723 2311 1938 2382 nullis
1993 2310 2414 2383 hominibus

277 2449 721 2522 quemquam
766 2438 973 2498 tanto
1002 2421 1213 2508 odio,
1256 2434 1534 2518 quanto
1577 2421 1797 2493 istum
1821 2424 2313 2517 Syracusanis,
2340 2438 2411 2495 et

278 2558 471 2620 esse,
509 2547 583 2604 et
620 2531 855 2605 fuisse.
2041 2561 2046 2562 ⁷

374 2647 495 2713 VI.
539 2648 631 2713 At
671 2647 864 2732 enim
905 2647 1123 2714 istum
1168 2644 1300 2714 soli
1337 2644 1558 2715 Siculi
1594 2658 2184 2741 persequuntur:
2219 2619 2410 2715 cives

278 2755 600 2838 romani,
653 2752 781 2848 qui
835 2754 911 2821 in
955 2753 1188 2823 Sicilia
1227 2755 1713 2850 negotiantur,
1756 2752 2206 2840 defendunt,
2251 2753 2416 2823 dili·

260 2876 463 2959 ‚gunt
479 2917 498 2951 ,
518 2863 793 2958 salvum
815 2888 966 2934 esse
989 2865 1312 2960 cupiunt.
1334 2865 1698 2951 Primum,
1727 2867 1786 2935 si
1810 2867 1910 2936 ita
1926 2877 2143 2952 esset,
2163 2879 2414 2936 tamen

277 2996 405 3042 vos
468 2976 542 3041 in
586 2973 719 3043 hac
779 2975 1181 3068 quaestione
1223 2973 1314 3044 de
1360 2975 1691 3071 pecuniis
1744 2972 2207 3070 repetundis,
2250 2999 2413 3071 quae

276 3084 640 3162 sociorum
661 3107 868 3154 causa
902 3084 1294 3163 constituta
1316 3097 1443 3170 est,
1477 3081 1636 3179 lege
1650 3081 2074 3179 judicioque
2094 3084 2336 3155 sociali
2363 3095 2413 3168 ¹,

276 3193 640 3264 sociorum
676 3195 1170 3290 querimonias
1219 3191 1468 3265 audire
1506 3207 1907 3291 oporteret.
1967 3193 2108 3265 Sed
2146 3194 2411 3264 intelli-

275 3328 444 3401 gere
472 3304 806 3402 potuistis
830 3304 1072 3400 priore
1098 3303 1378 3373 actione
1400 3357 1420 3389 ,
1460 3303 1651 3374 cives
1685 3327 2025 3373 romanos
2062 3328 2145 3373 ex
2181 3301 2414 3373 Sicilia

277 3413 653 3511 plurimos,
690 3412 1273 3501 honestissimos,
1311 3412 1638 3482 maximis
1685 3411 1775 3484 de
1812 3410 2073 3498 rebus,
2120 3426 2193 3481 et
2236 3436 2415 3508 quas

277 3525 417 3620 ipsi
454 3524 898 3620 accepissent
930 3525 1263 3620 injurias,
1301 3537 1371 3592 et
1409 3546 1591 3617 quas
1627 3523 1892 3593 scirent
1924 3522 2079 3593 aliis
2117 3546 2269 3592 esse
2313 3520 2414 3593 fa-

276 3645 426 3703 ctas
447 3684 466 3718 ,
501 3655 638 3727 pro
667 3632 1083 3703 testimonio
1112 3633 1371 3704 dicere.
1406 3637 1560 3729 Ego
1593 3631 1735 3703 hoc
1757 3686 1776 3717 ,
1813 3631 2017 3729 quod
2057 3632 2377 3730 intelligo
2401 3688 2420 3718 ,

272 3740 583 3838 judiceS,
620 3743 721 3812 sic
765 3741 1164 3814 confirmo:
1202 3744 1457 3815 videor
1498 3742 1679 3813 mihi
1712 3756 1994 3840 gratum
2030 3741 2278 3814 fecisse
2308 3746 2418 3813 Si-

276 4010 362 4048 aut
389 3999 612 4064 proetoris
638 3998 843 4046 decretis
870 3999 1207 4048 intercederet.
1232 4028 1302 4038 ---
1460 4003 1550 4048 v1.
1585 4017 1628 4048 x.
1658 4001 1854 4049 Sociali.
1881 4005 1937 4049 ln
1965 4017 2069 4064 quo
2091 3999 2151 4047 de
2169 4001 2417 4046 sociorum

278 4077 454 4142 Populi
476 4094 538 4125 ac
561 4088 774 4125 senatus.
802 4077 1082 4126 Siciliensis.
1391 4079 1686 4128 utilitatibus
1703 4079 1892 4143 agitur-3
1918 4080 2024 4142 lege
2046 4079 2164 4137 lata,
2184 4079 2257 4127 uti
2275 4077 2421 4126 sociis

351 4158 401 4207 6.
431 4158 549 4206 Alio
583 4157 713 4206 Ioco.
737 4157 920 4206 Confer
937 4159 1076 4206 Verr.
1098 4158 1189 4219 IV,
1217 4158 1299 4207 63.
1391 4174 1477 4207 sua
1505 4157 1837 4223 repetentibus
1857 4156 2136 4206 reddantur.
