3044 4788
652 402 786 472 272
1291 381 1390 446 M.
1443 379 1517 446 T.
1577 379 2151 448 CICERONIS

742 503 931 571 XVI.
962 501 1177 582 Nunc
1202 511 1443 567 autem
1471 496 1805 568 homines
1829 499 1905 567 in
1929 497 2267 595 speculis¹
2302 484 2515 587 sunt,
2539 498 2801 572 obser-

643 625 816 680 vant
833 663 853 696 ,
878 606 1500 706 quemadmodum
1526 632 1679 679 sese
1710 609 2217 706 unusquisque
2250 623 2566 679 vestrum
2592 626 2803 705 gerat

644 724 721 790 iu
759 717 1141 790 retinenda
1176 718 1565 815 religione,
1594 717 2259 816 conservandisque
2312 718 2614 815 legibus.
2662 723 2797 790 vi-

640 830 821 902 dent
846 827 1083 901 adhuc
1106 843 1271 926 post
1291 829 1569 924 legem²
1604 827 2057 900 tribunitiam
2079 825 2352 900 unum³
2384 844 2793 901 senatorem

640 940 757 1011 vel
792 940 1343 1011 tenuissimum⁴
1374 963 1531 1010 esse
1571 937 1997 1011 damnatum
2025 968 2042 1010 ε
2091 938 2296 1037 quod
2325 944 2606 1012 tametsi
2638 965 2792 1011 non

643 1048 1228 1148 reprehendunt,
1265 1063 1506 1120 tamen
1536 1075 1982 1149 magnopere
2005 1105 2025 1138 ,
2054 1049 2259 1148 quod
2286 1051 2619 1139 laudent,
2638 1076 2790 1122 non

645 1158 941 1229 habent.
982 1158 1197 1230 Nulla
1239 1174 1348 1231 est
1388 1162 1586 1230 enim
1632 1161 1788 1231 laus
1811 1215 1831 1248 ,
1873 1160 1975 1231 ihi
2010 1186 2163 1232 esse
2208 1164 2613 1260 integrum,
2662 1161 2792 1232 ubi

619 1294 865 1340 nemo
910 1284 1060 1356 est,
1109 1272 1239 1367 qui
1289 1284 1417 1341 aut
1462 1273 1732 1367 possit,
1777 1286 1902 1341 aut
1943 1286 2254 1343 conetur
2295 1294 2789 1368 corrumpere.

642 1386 799 1452 Hoc
830 1395 938 1451 est
966 1379 1358 1474 judicium,
1398 1383 1473 1449 in
1509 1404 1664 1478 quo
1697 1405 1827 1452 vos
1870 1380 1963 1452 de
2000 1406 2165 1471 reo,
2204 1382 2525 1480 populus
2555 1405 2794 1453 roma-

645 1516 786 1563 nus
813 1489 905 1561 de
938 1490 1149 1562 vobis
1179 1488 1573 1586 judicahit3
1599 1493 1676 1558 in
1707 1489 1849 1560 hoc
1872 1488 2172 1560 homine
2209 1502 2603 1576 statuetur,
2631 1512 2799 1587 pos-

647 1606 869 1690 sitne,
907 1600 1367 1673 senatoribus
1399 1598 1939 1694 judicantibus,
1972 1598 2197 1671 homo
2237 1602 2797 1671 nocentissimus

642 1713 1433 1812 pecuniosissimusque
1486 1708 1834 1780 damnari.
1883 1709 2166 1781 Deinde
2208 1724 2318 1781 est
2366 1709 2790 1807 hujusmodi

643 1848 843 1909 reuS,
877 1826 954 1891 in
985 1845 1135 1918 quo
1166 1818 1465 1890 homine
1500 1819 1680 1889 nihil
1715 1824 1840 1908 sit,
1877 1835 2139 1917 praeter
2165 1845 2449 1892 summa
2473 1835 2794 1918 peccata,

641 1937 1179 2027 maximamque
1214 1933 1636 2028 pecuniam3
1666 1947 1778 2017 ut,
1800 1935 1857 2003 si
1892 1930 2237 2003 liberatus
2270 1935 2400 2019 sit,
2428 1930 2628 2002 nulla
2655 1930 2793 2002 alia

643 2045 989 2140 suspicio,
1028 2041 1162 2109 nisi
1187 2065 1293 2127 ea,
1330 2065 1491 2137 quae
1518 2039 1973 2139 turpissima⁵
1992 2058 2099 2114 est
2118 2097 2137 2129 ,
2168 2042 2486 2115 residere
2505 2046 2735 2142 possit
2774 2069 2791 2113 :

640 2178 792 2223 non
829 2151 1092 2248 gratia,
1143 2175 1294 2220 non
1336 2155 1808 2249 cognatione,
1842 2177 1992 2223 non
2040 2154 2199 2225 aliis
2243 2149 2483 2225 rectef’
2538 2151 2744 2223 factis
2769 2206 2788 2239 ,

643 2288 795 2333 non
821 2260 1140 2357 denique
1170 2260 1417 2358 aliquo
1449 2261 1800 2333 mediocri
1833 2265 2080 2352 vitio7,
2113 2278 2224 2333 tot
2260 2276 2609 2360 tantaque
2632 2263 2788 2357 ejus

645 2372 820 2442 vitia
878 2368 1249 2443 sublevata
1313 2397 1467 2444 esse
1528 2372 2162 2445 existimabuntur.
2215 2377 2590 2446 Postremo
2658 2398 2794 2471 ego

647 2509 937 2557 causam
973 2487 1076 2555 sic
1102 2507 1345 2581 agam,
1376 2484 1697 2580 judices:
1730 2484 2087 2579 ejusmodi
2123 2509 2272 2573 reS,
2298 2488 2397 2554 ita
2433 2498 2674 2569 notas,
2697 2488 2795 2554 ita

646 2598 1094 2684 testata5,ita
1125 2619 1419 2691 magnas
1438 2598 1576 2683 ,ita
1594 2594 2005 2668 manifestas
2037 2593 2441 2694 proferam,
2460 2609 2547 2665 ut
2571 2619 2796 2666 nemo

647 2730 689 2776 a
707 2705 950 2792 vobis,
980 2719 1063 2775 ut
1087 2706 1310 2775 istum
1341 2704 1729 2778 absolvatis
1747 2761 1766 2795 ,
1797 2730 1931 2804 per
1960 2708 2263 2803 gratiam
2287 2719 2594 2801 conetur
2626 2731 2799 2778 con-

712 2913 855 2960 xvl.
879 2927 923 2960 1.
945 2912 1006 2957 In
1028 2911 1248 2975 speculis.
1277 2914 1460 2961 Omnes
1475 2912 1677 2961 int-tis
1837 2912 1890 2963 6.
1925 2912 2213 2974 Lambinus,
2242 2924 2299 2962 ut
2334 2913 2524 2979 aliquid
2560 2924 2796 2974 mutaret,

647 2990 805 3039 oculis
829 3006 921 3038 voe
947 3001 1186 3054 spectant.
1763 2991 1936 3040 maluit
1954 3016 1980 3036 ιι
1992 3009 2094 3042 non
2113 2993 2226 3042 ullis
2244 3005 2376 3042 recte
2395 2994 2588 3042 suctim.
2608 2996 2641 3042 J
2646 2997 2728 3043 Ν.
2740 2997 2797 3043 1..

717 3085 766 3117 ει.
798 3071 921 3117 Post
946 3068 1113 3133 legem.
1150 3073 1223 3118 Ex
1258 3086 1362 3135 qno
1393 3071 1500 3135 lege
1529 3073 1675 3119 Pom-
1763 3097 1836 3107 -
1854 3072 1992 3135 Saepe
2014 3074 2143 3121 enim
2166 3074 2273 3121 alia
2300 3090 2493 3121 reorum
2513 3071 2798 3137 recenserem

644 3151 745 3216 peii
768 3148 981 3198 restituti
1002 3159 1115 3196 sunt
1132 3149 1335 3199 tribuni.
1760 3148 1825 3197 ad
1846 3151 2230 3201 commovendos
2251 3152 2445 3213 judices
2473 3152 2800 3217 profereban-

719 3232 767 3280 3.
787 3229 1088 3279 hmbin.ex
1103 3231 1321 3278 Asconio
1340 3229 1476 3278 dedit
1489 3245 1674 3277 «unum
1763 3239 1862 3279 tur.
1887 3232 2030 3280 Cous.
2045 3233 2187 3280 Verr.
2208 3233 2255 3277 V
2283 3232 2346 3280 ad
2373 3232 2483 3281 init.
2511 3242 2563 3280 et
2591 3232 2653 3280 de
2682 3234 2793 3280 Inv.

646 3311 894 3359 homiuem
910 3331 949 3355 n.
977 3308 1125 3358 Male.
1148 3310 1181 3356 J
1188 3309 1279 3358 .V.
1305 3310 1359 3355 1..

718 3399 770 3446 4.
827 3388 1199 3437 Tenuisst‘mum.
1269 3387 1637 3452 Pauperrimum
1658 3403 1673 3448 ς

649 3470 766 3533 qui,
802 3467 935 3515 unde
951 3466 1143 3528 judices
1168 3478 1536 3529 corrumperet,
1570 3483 1672 3516 non

644 3546 871 3596 habebat.
893 3547 1013 3594 Non
1037 3557 1196 3593 antem
1215 3556 1317 3593 erat
1337 3545 1608 3607 Dolabella,
1622 3557 1677 3596 ut

646 3636 787 3691 putat
804 3626 1073 3682 Asconius,
1092 3625 1178 3688 qui
1204 3625 1360 3673 multo
1383 3637 1498 3675 ante
1520 3627 1679 3692 legem

647 3704 951 3755 tribunitiam
963 3736 978 3761 ,
999 3703 1036 3751 i.
1056 3720 1104 3751 ο.
1122 3712 1234 3751 aute
1253 3705 1504 3753 consulem
1522 3709 1673 3755 Pom·

652 3784 819 3849 peium
866 3781 1120 3830 damnatus
1157 3794 1286 3844 παις
1334 3795 1391 3832 ut
1430 3786 1572 3834 sncsse
1612 3802 1674 3833 ex

650 3865 795 3911 Verr.
824 3864 849 3909 1
875 3871 1098 3917 const-u
1144 3878 1301 3927 neque
1328 3865 1474 3913 etiam
1502 3865 1677 3914 tenuis·

655 3944 807 3990 simus
832 3941 983 3988 homo
1008 3938 1177 3989 suisset
1196 3955 1410 3993 vocatus.
1435 3976 1441 3983 ·

727 4023 773 4068 5.
812 4018 1123 4085 Turpissima.
1167 4022 1354 4089 Nempe
1381 4022 1675 4074 'absolutum

648 4117 761 4151 eum
787 4117 872 4149 sua
898 4099 1119 4165 pecnnia.

1764 3309 1844 3366 11,
1873 3309 1941 3365 34
1960 3343 1976 3370 ,
2007 3309 2094 3357 ubi
2120 3326 2231 3358 reus
2257 3310 2440 3359 dicitur
2476 3334 2501 3353 α
2519 3312 2791 3360 multorum

1761 3404 1960 3437 tuorum
1991 3394 2122 3437 recte
2156 3391 2397 3440 sactorum
2433 3407 2578 3439 causa
2613 3402 2671 3440 ut
2710 3390 2797 3440 uui

1763 3469 1947 3518 delicto
1974 3470 2289 3533 ignoscatur»
2314 3472 2585 3537 postulare.

1839 3565 1887 3609 7.
1919 3549 2069 3597 Vitio.
2108 3550 2228 3600 Scil.
2251 3552 2478 3612 judicum
2504 3554 2559 3598 in
2586 3568 2639 3599 re
2664 3550 2798 3612 judi·

1767 3626 1944 3675 cauda.
1967 3628 2048 3675 Sic
2082 3630 2274 3680 Manat.
2304 3631 2416 3679 Seh.
2443 3631 2539 3677 Alii
2569 3632 2799 3695 iuterpre-

1762 3715 1965 3757 tantur:
1993 3706 2171 3771 Aliqua
2212 3710 2428 3768 ratione,
2461 3726 2572 3773 qun
2602 3710 2794 3758 medio·

1763 3785 1911 3833 eriter
1953 3786 2122 3835 saltem
2159 3788 2227 3838 sit
2271 3789 2444 3836 vitiosa
2460 3823 2475 3846 ,
2521 3805 2607 3837 seu
2653 3804 2763 3852 qun
2781 3825 2798 3850 ,

1764 3866 1986 3929 quamvis
2003 3867 2193 3927 illicia,
2219 3869 2377 3932 pouit
2393 3870 2636 3925 excusari3
2664 3878 2719 3915 ut
2738 3869 2797 3927 ti,

1765 3962 1812 3996 v.
1833 3961 1880 4009 g.
1907 3948 2056 3995 nimia
2086 3949 2412 3996 assent-tione
2436 3948 2661 4008 judicum
2691 3948 2797 3994 ani·

1763 4040 1871 4073 mos
1888 4025 1983 4073 sibi
2006 4028 2329 4075 conciliasset.
2351 4030 2466 4090 Quo
2483 4027 2538 4074 in
2554 4027 2670 4075 loco
2689 4042 2796 4075 om-

1765 4119 1851 4152 nes
1869 4121 1980 4153 cum
2004 4107 2220 4155 Asconio
2233 4121 2392 4155 errare
2412 4106 2532 4155 mihi
2549 4107 2796 4157 videntur.
