3044 4788
709 411 820 479 IN
868 412 1301 480 VERREM
1352 417 1573 485 AGT.
1616 420 1726 502 ΙΙ,
1778 421 1963 490 LIB.
2016 426 2107 492 II.
2329 431 2470 514 [265

441 533 757 601 XLVIII.
790 537 1061 629 Atque,
1101 548 1183 603 ut
1223 535 1622 631 aliquando„
1646 540 1738 611 de
1782 542 2004 615 rebus
2050 546 2140 616 ab
2182 549 2319 622 isto
2353 577 2475 624 co·-

346 644 592 737 gnitis,
622 639 1099 738 judicatisque
1116 697 1136 730 ,
1155 659 1227 715 et
1249 644 1342 715 de
1361 644 1647 741 judiciis
1672 649 1854 723 datis
1877 665 1895 696 ¹
1922 655 2161 729 dicere
2181 658 2475 735 desistas

344 774 544 839 mus;
574 765 682 837 et,
710 755 1061 848 quoniam
1080 751 1264 824 sacta
1294 758 1502 827 istius
1532 760 1606 827 in
1643 757 1756 830 his
1783 764 2171 858 generibus
2198 769 2479 845 infinita

345 876 548 948 sunt,
603 885 736 931 nos
780 863 1083 933 modum
1130 865 1440 962 aliquem
1488 882 1560 938 et
1595 868 1817 941 finem
1862 877 2170 947 orationi
2215 898 2478 954 nostra:

343 969 915 1067 criminibusque
978 972 1328 1045 faciamus
1383 1001 1682 1073 :pauca
1736 1007 1826 1052 ex
1884 984 2039 1056 aliis
2092 992 2481 1086 generibus

342 1105 708 1152 sumemus
723 1092 771 1151 ².

372 1238 375 1243 -
438 1189 747 1262 Audistis
771 1190 868 1261 ob
884 1188 1049 1286 jus3
1081 1191 1512 1282 dicundum,
1536 1199 1623 1288 Q.
1642 1200 1981 1271 Varium⁴
2006 1204 2275 1297 dicere,
2310 1235 2475 1308 pro-

343 1316 709 1372 curatores
739 1326 909 1371 suos
943 1303 1057 1371 isti
1080 1317 1375 1374 centum
1420 1319 1492 1377 et
1525 1307 1816 1405 triginta
1837 1312 2064 1387 millia
2097 1342 2477 1394 nummum

338 1411 619 1482 dedisse
641 1438 654 1480 ε
676 1413 1103 1483 meministis
1118 1415 1408 1504 Q.Varii
1425 1421 1920 1491 testimonium
1938 1479 1956 1512 ,
1972 1450 2272 1527 remque
2292 1432 2480 1506 hanc

341 1535 563 1590 totam
601 1527 677 1590 C.
712 1520 1149 1612 Sacerdotis,
1190 1523 1505 1596 hominis
1548 1532 2023 1623 ornatissimi,
2064 1544 2476 1616 testimonio

341 1630 801 1729 comprobari
830 1659 844 1700 ε
869 1632 1094 1721 scitiS,
1125 1636 1254 1704 Cn.
1287 1638 1636 1727 Sertium,
1670 1644 1765 1711 M.
1799 1645 2163 1735 Modiam,
2197 1656 2477 1748 equites

339 1765 723 1827 romanOS,
782 1758 1153 1814 sexcentos
1207 1761 1553 1841 praeterea
1606 1751 1795 1821 cives
1848 1777 2229 1847 romanos,
2286 1764 2473 1833 mul-

340 1866 602 1948 tosque
647 1852 964 1940 SiculoS,
1016 1850 1309 1943 dixisse,
1341 1880 1416 1926 se
1465 1859 1581 1928 isti
1632 1864 2016 1958 pecuniam
2063 1865 2160 1937 ob
2199 1870 2316 1964 jus
2368 1872 2474 1944 di-

337 1961 658 2032 cundum
688 1960 987 2034 dedisse.
1015 1969 1122 2037 De
1163 1991 1312 2062 quo
1353 1968 1655 2040 crimine
1697 1971 1875 2068 quid
1903 1998 2036 2070 ego
2074 1974 2475 2076 disputem,

336 2096 568 2168 quum
607 2069 680 2141 id
727 2087 961 2142 totum
996 2077 1319 2172 positum
1350 2081 1459 2149 'sit
1508 2082 1583 2148 in
1635 2080 1983 2154 testibus?
2021 2086 2199 2184 quid
2249 2117 2472 2188 porro

336 2195 831 2278 argumenter,
882 2207 1026 2278 qua
1085 2181 1174 2254 de
1228 2210 1305 2256 re
1365 2185 1698 2260 dubitare
1751 2218 1971 2264 nemo
2029 2201 2302 2295 possit?
2360 2209 2473 2277 An

337 2291 476 2362 hoc
504 2291 868 2363 dubitabit
899 2295 1284 2393 quisquam
1314 2301 1678 2388 omnium,
1713 2305 1894 2400 quin
1926 2306 1986 2375 is
2007 2305 2351 2383 'venalem
2391 2319 2469 2387 in

329 2402 566 2472 Sicilia
628 2402 1201 2495 jurisdictionem
1269 2407 1643 2495 habuerit,
1708 2415 1836 2507 qui
1912 2419 2158 2489 Romae
2229 2436 2465 2498 totum

334 2509 652 2580 edictum
719 2525 936 2607 atque
997 2518 1243 2584 omnia
1311 2515 1598 2589 decreta
1656 2521 2101 2597 vendiderit?
2164 2535 2343 2627 quin
2412 2542 2472 2610 is

332 2618 425 2689 ab
462 2618 715 2689 Siculis
751 2618 849 2689 ob
885 2620 1171 2694 decreta
1199 2628 1727 2723 interponenda
1757 2635 2138 2728 pecuniam
2179 2664 2470 2742 accepe-

333 2730 461 2816 rit,
511 2725 689 2827 qui⁵
750 2735 849 2800 M.
905 2734 1289 2805 Octavium
1347 2739 1685 2833 Ligurem
1740 2740 1840 2812 ob
1892 2743 2012 2838 jus
2062 2746 2465 2827 dicundum

332 2840 1020 2937 poposceritPQuod
1057 2849 1251 2916 enim
1290 2845 1471 2918 iste⁶
1498 2866 1842 2947 praeterea
1872 2881 2102 2953 genus
2140 2871 2463 2959 pecunia}

332 2950 669 3048 cogendae
702 2954 1086 3051 praeteriit?
1117 2954 1316 3051 quod
1353 2983 1504 3028 non
1535 3005 1555 3047 ,
1591 2958 1683 3030 ab
1725 2965 2064 3039 omnibus
2098 2972 2248 3045 aliis
2288 3001 2466 3073 prae-

329 3066 626 3133 teritum
648 3117 668 3151 ,
693 3064 1159 3159 excogitavit?
1176 3072 1450 3163 Ecqua⁷
1487 3094 1602 3141 res
1621 3071 1818 3169 apud
1842 3077 2160 3152 civitates
2192 3087 2462 3160 Siculas

328 3176 710 3272 expetitur,
749 3176 824 3244 in
858 3199 1004 3272 qua
1040 3190 1166 3247 aut
1206 3176 1444 3250 honos
1479 3180 1737 3278 aliquis
1770 3186 1903 3270 sit,
1946 3203 2069 3258 aut
2109 3203 2459 3288 potestaS,

399 3404 627 3451 XLVIII.
660 3418 705 3451 t.
741 3404 946 3452 Iudiciis
979 3405 1129 3454 datis.
1152 3406 1349 3457 Judicia
1438 3411 1502 3458 V.
1529 3412 1583 3459 1..
1622 3438 1693 3448 -—-
1734 3412 1932 3461 Centum
1960 3428 2009 3463 ee
2035 3429 2101 3465 tr.
2132 3419 2345 3483 (26‚650
2371 3426 2463 3494 fr.)

330 3472 443 3528 dare
470 3489 571 3530 tum
600 3481 882 3531 dicebantur
907 3496 1168 3548 praetores,
1197 3501 1347 3549 quum
1507 3485 1557 3536 5.
1584 3491 1650 3536 M.
1674 3493 1941 3543 Octavium.
1960 3495 2087 3544 Vide
2112 3501 2246 3550 Verr.
2266 3505 2313 3563 1,
2339 3508 2421 3563 48,

322 3560 513 3620 judices
529 3565 578 3608 et
593 3559 847 3620 judicandi
871 3563 1126 3612 formulam
1149 3564 1345 3614 dabant.
1504 3569 1559 3616 6.
1603 3569 1757 3617 Abest
1809 3571 1914 3619 iste.
1968 3576 2177 3638 Conjicit
2225 3583 2453 3638 Gulielm.

327 3640 402 3687 De
429 3639 526 3686 hoc
558 3640 928 3702 provincialium
953 3655 1217 3705 praetorum
1236 3645 1346 3705 jure
1433 3647 1618 3708 «Quod
1644 3652 1770 3697 enim
1796 3651 1888 3699 iste
1916 3666 2098 3716 praetor
2110 3679 2149 3705 a.
2178 3663 2225 3710 J.
2247 3664 2307 3712 V.
2340 3668 2395 3716 L,

328 3718 499 3765 confer
516 3717 580 3764 ad
607 3717 785 3766 calcem
814 3719 1047 3768 orationis
1073 3722 1218 3784 hujus
1243 3715 1342 3771 Εἰ·
1504 3740 1556 3786 7.
1581 3730 1753 3793 Ecqua
1779 3747 1874 3779 res.
1895 3734 2039 3782 Nulla
2064 3753 2138 3784 res
2161 3753 2232 3789 est
2258 3743 2311 3790 in
2334 3746 2457 3795 Sici-

325 3811 519 3844 cursum
544 3795 604 3843 de
630 3807 836 3860 praetore
856 3800 1166 3861 provinciali.
1430 3805 1527 3863 lia,
1563 3823 1670 3870 quae
1708 3811 1872 3874 expeti
1907 3816 2086 3875 possit,
2121 3830 2177 3867 ut
2213 3829 2456 3875 senatoria

399 3892 446 3923 a.
473 3874 649 3948 Lamb,
670 3892 936 3926 sumamus.
965 3881 996 3927 J
1002 3880 1088 3927 N.
1115 3883 1169 3928 L.
1432 3883 1668 3948 dignitas,
1714 3890 2047 3954 magistratus,
2085 3902 2411 3953 sacerdotium
2434 3944 2448 3966 ,

400 3956 446 4002 3.
482 3954 672 4017 Objus.
708 3957 777 4003 Ut
812 3973 838 4002 a
881 3958 1030 4004 Verre
1065 3958 1344 4022 impetraret
1431 3979 1517 4010 seu
1546 3967 1616 4012 rei
1645 3966 1849 4029 alicujus
1875 3970 2264 4041 administratio,
2303 3999 2453 4046 quant

276 4031 297 4074 N
316 4035 441 4095 juris
467 4033 543 4081 aui
572 4034 896 4098 persequendi
923 4036 1219 4086 facultatem.
1429 4045 1608 4090 Verres
1647 4059 1747 4094 non
1791 4048 1850 4096 ad
1887 4050 2074 4101 lucrum
2102 4065 2382 4120 apposuerit
2403 4077 2454 4114 et

398 4123 449 4170 4.
479 4113 607 4172 Alii,
636 4114 871 4170 Marium,
897 4116 972 4163 vel
1001 4118 1265 4166 Valerium.
1293 4123 1340 4169 J.
1432 4121 1721 4170 vendiderit.

521 4204 574 4269 Ι.
632 4220 721 4265 Cic.
736 4235 849 4281 pars
868 4219 1084 4265 secunda.
1653 4275 1658 4280 ,
2123 4219 2215 4289 30
