3044 4788
651 393 791 467 250
1290 400 1387 465 M.
1440 401 1516 465 T.
1573 400 2139 468 CICERONIS

646 520 1072 591 testimoniis
1097 521 1540 590 convenisse.
1586 521 1763 608 Quae
1800 543 2032 615 quum
2062 520 2159 590 ita
2197 519 2377 605 sint,
2417 543 2653 615 usque
2696 544 2791 591 eo

642 630 733 703 de
760 627 1101 701 omnibus
1128 625 1341 699 bonis
1379 627 1563 699 male
1590 629 1992 715 existimat3
2024 652 2259 725 usque
2297 652 2389 699 eo
2424 632 2791 699 senatoria

633 739 906 836 judicia
941 737 1269 836 perditaff*
1306 735 1829 837 profligataque
1872 762 2026 810 esse
2063 737 2479 824 arbitratur,
2523 751 2606 807 ut
2642 736 2787 809 hoc

642 851 877 948 palam
929 849 1241 936 dictitet,
1287 872 1436 920 non
1483 851 1639 921 sine
1688 873 1899 921 causa
1941 873 2016 920 se
2062 846 2412 946 cupidum
2456 849 2787 946 pecuniae

641 956 896 1046 fuisse,
934 958 1284 1054 quoniam
1323 972 1607 1029 tantum
1651 960 1726 1029 in
1770 961 2078 1057 pecunia
2113 957 2523 1055 praesidium
2560 983 2782 1056 expe-

639 1069 867 1140 riatur
893 1092 1084 1155 esse;
1115 1093 1267 1140 sese
1294 1069 1410 1164 (id
1432 1070 1636 1166 quod
1659 1069 2165 1142 difficillimum
2193 1068 2453 1162 fuerit)
2496 1084 2789 1166 tempus

635 1182 878 1276 ipsum
916 1180 1170 1251 emisse
1193 1177 1224 1224 ⁵
1255 1179 1508 1275 judicii
1547 1182 1698 1269 sui',
1739 1207 1891 1278 quo
1930 1195 2169 1253 cetera
2208 1179 2493 1251 facilius
2537 1203 2783 1251 emere

636 1303 908 1385 posset:
932 1302 1044 1375 ut,
1065 1292 1414 1386 quoniam
1433 1288 1857 1362 criminum⁶
1880 1289 2552 1387 virnsubterfugere
2578 1288 2783 1360 nullo

633 1395 855 1468 modo
890 1412 1211 1496 poterat,
1248 1398 1643 1496 procellam
1683 1402 2029 1497 temporis
2059 1400 2433 1471 devitaret.
2468 1397 2690 1489 Quod
2722 1401 2783 1469 si

636 1532 787 1578 non
819 1507 1041 1578 modo
1068 1510 1142 1577 in
1169 1532 1406 1592 causa,
1431 1531 1687 1578 verum
1716 1510 1793 1577 in
1822 1507 2065 1606 aliquo
2094 1507 2405 1580 honesto
2428 1508 2781 1607 praesidiO,

638 1632 762 1689 aut
788 1617 1091 1713 alicujus
1121 1616 1540 1713 eloquentia
1563 1670 1584 1702 ,
1612 1631 1737 1687 aut
1764 1618 1986 1714 gratia
2004 1672 2024 1703 ,
2058 1643 2257 1716 spem
2287 1619 2600 1715 aliquam
2640 1619 2784 1690 col-

633 1728 973 1817 locasset;
1012 1724 1341 1825 profecto
1369 1751 1519 1796 non
1556 1726 1706 1797 haec
1729 1728 1973 1797 omnia
1997 1727 2365 1824 colligeret
2399 1743 2621 1825 atque
2654 1754 2780 1799 au·

633 1853 1057 1936 cuparetur;
1100 1862 1251 1906 non
1295 1861 1528 1932 usque
1562 1862 1652 1909 eo
1687 1837 2093 1936 despiceret
2129 1852 2782 1937 contemneretque

634 1947 968 2020 ordinem
1009 1949 1488 2031 senatorium,
1529 1963 1611 2019 ut
1646 1946 1997 2019 arbitratu
2036 1948 2193 2044 ejus
2225 1947 2662 2046 deligeretur
2692 1974 2782 2021 ex

635 2072 923 2140 senatu,
955 2059 1088 2153 qui
1108 2080 1275 2127 reus
1306 2056 1510 2129 fieret
1532 2071 1556 2114 7
1597 2086 1610 2127 :
1647 2062 1773 2156 qui
1796 2113 1816 2147 ,
1853 2058 2029 2130 dum
2063 2059 2183 2131 hic
2205 2115 2223 2143 ,
2261 2084 2424 2156 quae
2461 2084 2650 2157 opus
2685 2085 2783 2130 es-

639 2182 834 2251 sent,
876 2164 1391 2263 compararet⁸,
1434 2193 1724 2241 causam
1759 2171 2035 2241 interea
2072 2183 2239 2240 ante
2277 2194 2446 2240 eum
2485 2168 2779 2240 diceret.

641 2275 932 2366 Quibus
976 2303 1111 2375 ego
1156 2278 1377 2351 rebus
1424 2280 1606 2377 quid
1655 2285 1786 2352 iste
1825 2294 2099 2378 speret,
2137 2295 2209 2352 et
2263 2305 2414 2378 quo
2458 2282 2779 2352 animum

636 2386 1001 2477 intendat,
1038 2387 1245 2462 facile
1286 2392 1667 2489 perspicio.
1711 2390 2212 2482 Quamobrem
2250 2416 2422 2462 vero
2454 2416 2529 2462 se
2567 2388 2783 2462 confi-

637 2500 760 2573 dat
792 2500 1065 2600 aliquid
1095 2502 1444 2601 perficere
1471 2528 1684 2600 posse
1702 2557 1721 2589 ,
1757 2503 1895 2574 hoc
1917 2501 2342 2599 [Glabrione
2356 2499 2414 2598 9]
2452 2515 2783 2598 praetore,

635 2627 707 2684 et
740 2611 880 2684 hoc
917 2613 1325 2699 consilio¹⁰,
1365 2614 1764 2710 intelligere
1796 2638 1947 2683 non
1970 2637 2291 2709 possum.
2325 2616 2572 2682 Unum
2602 2611 2779 2681 illud

633 2722 987 2821 intelligO,
1015 2724 1219 2820 quod
1256 2725 1575 2822 populus
1613 2748 1959 2795 romanus
1980 2734 2037 2765 ¹¹
2071 2725 2149 2793 in
2178 2723 2573 2819 rejectione
2595 2734 2653 2765 ¹²
2678 2723 2783 2816 ju-

637 2832 880 2904 dicum
925 2833 1311 2929 judicavit,
1373 2860 1457 2905 ea
1510 2860 1640 2932 spe
1679 2838 1895 2905 istum
1951 2830 2170 2904 fuisse
2217 2831 2638 2930 praeditum,
2700 2846 2782 2900 ut

636 2967 930 3014 omnem
990 2947 1343 3017 rationem
1408 2944 1655 3016 salutis
1728 2949 1802 3013 in
1867 2947 2177 3041 pecunia
2236 2955 2577 3042 poneret;
2642 2942 2781 3011 hoc

703 3185 753 3231 4.
788 3172 1011 3222 Perdita.
1046 3173 1263 3221 Omnino
1298 3171 1450 3219 nulla.
1487 3169 1660 3237 Profli-
1748 3170 1865 3217 dum
1891 3170 1953 3217 ab
1979 3171 2074 3217 isto
2100 3168 2320 3217 Achaico
2337 3178 2550 3233 praetore
2567 3179 2782 3224 curaret,

625 3267 771 3319 gata.
788 3253 1002 3308 violata,
1019 3252 1232 3309 addicta,
1260 3250 1549 3298 nummaria.
1747 3249 1850 3298 sive
1878 3251 2219 3306 innocentem,
2256 3250 2358 3296 eive
2395 3258 2691 3305 nocentem,
2725 3258 2780 3293 ut

701 3335 748 3382 5.
777 3333 979 3381 Emisse.
1018 3331 1247 3379 Effecisse
1288 3330 1495 3392 pecunia
1536 3344 1621 3376 sua
1641 3366 1658 3389 ‚
1748 3330 1852 3392 ipse
1882 3341 2074 3393 tempus
2100 3329 2422 3393 protraheret.

629 3423 699 3468 ut,
715 3411 1007 3474 interposito
1021 3410 1108 3458 illo
1124 3410 1412 3474 inquisitore
1422 3409 1659 3467 Achaico,
1820 3411 1870 3457 8.
1899 3406 2248 3471 Compar-aree.
2284 3407 2561 3471 largitione
2591 3417 2640 3454 et
2667 3421 2780 3453 eor·

634 3506 708 3536 res
747 3489 1007 3537 duceretur
1041 3490 1092 3536 in
1125 3504 1307 3536 annum
1347 3498 1657 3550 sequentem3
1749 3488 1959 3552 rupteln.

631 3583 732 3629 quo
759 3582 890 3614 anno
915 3568 978 3616 ab
1005 3568 1104 3615 hoc
1133 3580 1368 3633 praetore,
1397 3578 1446 3615 et
1472 3568 1536 3615 ab
1561 3568 1660 3616 ho-
1818 3582 1869 3629 9.
1889 3566 2110 3631 Verbum
2132 3567 2227 3616 hoc
2255 3566 2525 3616 Glabrione
2549 3581 2577 3613 e
2606 3565 2779 3629 gloue-

631 3663 738 3694 rum
774 3646 997 3707 judicum
1035 3664 1205 3711 magua
1249 3659 1386 3712 parte
1426 3647 1490 3694 ad
1535 3650 1658 3696 alios
1747 3657 1874 3693 mate
1909 3655 2096 3694 natum.
2141 3650 2386 3696 Asconius
2427 3657 2479 3694 et
2507 3645 2623 3694 eod.
2654 3659 2777 3692 unus

632 3742 773 3773 causa
801 3727 1152 3775 transferretur.
1746 3725 1895 3773 Paris.
1920 3726 2177 3776 omittunt.

701 3805 754 3853 6.
785 3803 1065 3853 criminum.
1086 3808 1212 3868 Quae
1243 3822 1270 3852 a
1293 3823 1368 3853 me
1396 3807 1655 3871 proferen·
1821 3821 1904 3853 ro.
1939 3804 2166 3856 Consilio.
2195 3807 2436 3855 Gonoessa
2461 3805 2700 3867 judicum.

632 3894 728 3933 tur.
747 3910 818 3919 —
845 3885 1116 3932 Procellam
1144 3885 1387 3948 temporis.
1415 3885 1496 3933 Ab
1524 3889 1652 3948 opti·
1820 3901 1839 3933 ι
1857 3903 1903 3934 1.
1919 3886 2071 3950 Vulg.
2089 3886 2325 3949 preerat-1⁸.
2348 3904 2389 3933 r.
2417 3886 2576 3934 Natus
2596 3899 2729 3934 error
2752 3900 2780 3930 e

629 3979 711 4010 mo
741 3974 947 4027 praetore
973 3973 1024 4010 et
1059 3964 1371 4012 severissimis
1400 3965 1653 4026 judicibus
1743 3967 2041 4031 compendio
2069 3969 2122 4014 P.
2144 3969 2204 4015 R.
2234 3969 2361 4016 J.V.
2391 3967 2444 4013 L.

631 4041 1007 4107 impendentem.
1822 4062 1902 4095 η.
1969 4048 2256 4110 Rejecu'one.
2308 4046 2566 4107 Utrimque
2621 4053 2779 4091 certus

705 4138 754 4185 7.
789 4121 887 4185 Qui
910 4139 1017 4170 reus
1032 4122 1197 4191 fieret.
1241 4126 1397 4186 Quem
1429 4140 1655 4171 accusam-
1748 4141 1972 4173 numerus
1987 4126 2214 4189 judicum
2232 4125 2293 4173 ab
2317 4135 2598 4172 accusatore
2625 4134 2674 4171 et
2696 4137 2779 4169 reo
