3044 4788
626 447 757 539 ,IN
807 446 1251 515 VERREM
1301 447 1518 516 ACT.
1569 449 1689 534 11,
1737 451 1931 518 LIB.
1982 452 2089 520 11.
2293 449 2423 548 507

310 568 439 663 qui
487 564 768 637 tabulas
811 565 1237 656 confecerit,
1301 592 1589 666 semper
1631 570 1711 640 in
1746 573 2061 642 Verrutii
2102 574 2427 661 nomine,

309 692 508 748 certo
559 701 646 748 ex
694 677 892 766 loco,
922 677 1334 750 ·mendosus
1384 693 1591 751 esset.
1641 685 1875 778 Atque
1926 681 2076 753 haec
2113 684 2434 780 postula-

308 784 474 857 bam
497 841 516 876 ,
571 812 724 857 non
776 812 926 884 quo
970 787 1175 858 illum
1227 791 1385 886 cogi
1421 803 1752 886 putarem
1792 806 2163 887 oportere,
2221 808 2306 863 ut
2350 818 2432 864 ea

204 940 209 943 -
307 897 487 968 mihi
518 896 987 996 responderet
1009 900 1273 969 invitus
1292 926 1312 985 ;
1334 897 1460 969 sed
1482 914 1564 970 ut
1581 898 1923 971 omnibus
1948 898 2200 973 istius⁶
2219 900 2431 989 furta,

306 1007 497 1080 illius
528 1006 908 1105 flagitium,
936 1010 1314 1105 utriusque
1347 1007 1643 1079 audacia
1670 1012 2052 1107 perspicua
2081 1036 2234 1083 esse
2267 1035 2432 1110 post

304 1133 436 1189 set.
466 1122 721 1215 ltaque
750 1114 962 1189 illum‘
981 1118 1057 1187 in
1079 1117 1243 1211 jure
1262 1128 1287 1173 ⁷
1319 1118 1520 1187 metu
1547 1121 2127 1216 conscientiaque
2159 1123 2431 1217 peccati

302 1243 587 1299 mutum
608 1282 628 1314 ,
672 1240 894 1322 atque
930 1227 1414 1299 exanimatum
1437 1281 1457 1314 ,
1500 1250 1583 1298 ac
1615 1229 1735 1296 vix
1768 1228 2010 1297 vivum
2048 1223 2386 1325 relinquo
2416 1256 2430 1298 ε

306 1335 586 1409 tabulas
610 1340 685 1407 in
709 1335 895 1424 foro,
914 1360 1193 1407 summa
1210 1336 1592 1408 hominum
1611 1335 2014 1434 frequentia
2027 1392 2046 1424 ,
2066 1338 2427 1411 exscribo:

305 1444 745 1517 adhibentur
780 1448 856 1515 in
891 1444 1364 1517 exscribendo
1394 1446 1486 1518 de
1512 1461 1879 1518 conventu
1916 1451 2050 1518 viri
2080 1451 2429 1545 primarii3

304 1556 528 1626 literae
562 1556 940 1652 lituraeque
976 1581 1228 1628 omnes
1269 1557 1748 1645 assimulatae,
1771 1581 2151 1654 expressae,
2196 1557 2288 1629 de
2324 1573 2432 1629 ta-

304 1664 499 1749 bulis
532 1669 607 1736 in
644 1664 868 1738 libros
903 1664 1450 1738 transferuntur.
1483 1674 1650 1739 Haec
1673 1668 1917 1737 omnia
1952 1689 2232 1736 summa
2265 1690 2436 1737 cura

305 1791 384 1846 et
422 1775 786 1873 diligentia
807 1778 1183 1874 recognita
1207 1793 1279 1848 et
1300 1776 1563 1849 >collata
1586 1831 1605 1865 ,
1641 1792 1714 1849 et
1740 1776 1834 1848 ab
1861 1774 2280 1847 hominibus
2308 1777 2436 1847 ho-

304 1887 724 1981 nestissimis
773 1884 1148 1984 obsignata
1194 1903 1385 1959 sunt.
1438 1890 1509 1959 Si
1555 1890 2005 1986 Carpinatius
2045 1903 2206 1959 tum
2256 1887 2434 1958 mihi

303 1995 748 2093 respondere
798 1996 1073 2085 noluit;
1123 1997 1484 2097 responde
1527 1997 1708 2067 mihi
1750 2022 1946 2069 nunc
1987 2012 2105 2084 tu,
2145 2001 2436 2069 Verres,

302 2131 529 2203 quem
590 2132 743 2179 esse
801 2108 1001 2180 hunc
1049 2124 1259 2180 tuum
1310 2133 1512 2207 paene
1569 2108 1909 2205 gentilem
1931 2104 1962 2153 ⁸
1995 2111 2432 2197 'Verrutium
2491 2106 2497 2111 ’

299 2233 540 2315 putes.
579 2220 761 2290 Fieri
794 2245 943 2291 non
980 2234 1255 2317 potest,
1291 2235 1410 2306 ut,
1444 2244 1665 2317 quem
1707 2219 1945 2306 video,
1990 2232 2063 2289 te
2092 2214 2435 2316 praetore,

299 2329 380 2400 in
405 2329 636 2401 Sicilia
663 2328 880 2402 fuisse
898 2385 918 2420 ‚
945 2345 1018 2402 et
1052 2355 1275 2428 quem
1313 2354 1403 2403 ex
1434 2331 1588 2429 ipsa
1614 2331 1891 2402 ratione
1910 2339 1942 2387 9
1973 2328 2296 2426 intelligo
2333 2327 2433 2398 lo-

298 2437 668 2536 cupletem
692 2438 932 2527 fuisse,
954 2466 1120 2513 eum
1151 2457 1232 2513 tu
1251 2443 1328 2512 in
1354 2456 1480 2513 tua
1502 2444 1872 2539 provincia
1891 2465 2038 2512 non
2071 2444 2427 2537 cognoriS.

300 2554 545 2644 Atque
591 2548 805 2637 adeo,
868 2576 960 2622 ne
995 2551 1137 2623 hoc
1174 2566 1299 2622 aut
1335 2550 1622 2647 longius
1644 2605 1663 2639 ,
1704 2564 1832 2621 aut
1864 2548 2244 2621 obscurius
2281 2573 2431 2619 esse

300 2661 575 2781 possit,
613 2659 978 2755 procedite
1000 2673 1064 2707 ¹⁰
1098 2666 1173 2732 in
1211 2661 1570 2750 medium,
1611 2661 1962 2758 explicate
2004 2659 2427 2756 descriptio-

302 2792 476 2837 nem
537 2768 1065 2868 imaginemque
1123 2772 1592 2844 tabularum.
1645 2786 1729 2844 ut
1795 2794 2050 2843 omnes
2097 2769 2433 2842 mortales

301 2877 509 2947 istius
543 2875 850 2948 avaritiae
897 2904 1044 2950 non
1081 2880 1229 2975 jam
1273 2885 1603 2980 vestigia,
1648 2881 1836 2954 sed
1818 2906 1972 2979 ipsa
2015 2879 2278 2952 cubilia
2322 2882 2426 2949 vi·

302 2984 477 3058 dere
518 2992 819 3085 possint.

344 3102 783 3184 LXXVIII.
822 3098 1096 3171 Videtis
1116 3104 1567 3174 Verrutium.
1552 3104 1582 3154 ἶ)
1618 3100 1874 3172 videtis
1904 3104 2168 3198 primas
2194 3101 2431 3171 litems

306 3369 637 3429 Nicanorem,
664 3374 750 3436 qni
767 3374 854 3421 hee
873 3373 1063 3421 tabulae
1086 3374 1323 3422 confecis-
1410 3377 1609 3422 Verrem
1632 3391 1645 3424 :
1685 3390 1836 3438 quum
1866 3375 1958 3422 iste
1988 3389 2159 3421 omnes
2191 3375 2242 3420 in
2269 3373 2429 3420 Sicilia

306 3458 379 3495 set
398 3483 414 3508 ‚
440 3464 627 3513 semper
646 3452 698 3498 in
719 3450 818 3499 hoc
841 3452 1038 3501 nomine
1064 3464 1115 3501 et
1151 3466 1320 3502 «certo
1406 3454 1674 3518 locupletes
1737 3456 1926 3503 curiose
1993 3454 2332 3516 investigaret,
2382 3463 2431 3501 et

304 3542 368 3573 ex
393 3528 506 3576 loeo
524 3551 549 3570 ιι
562 3563 577 3587 ,
600 3529 653 3576 id
684 3541 754 3577 est
768 3566 785 3589 ,
824 3542 936 3595 poet
955 3534 1157 3596 primam
1177 3533 1321 3597 sylla·
1408 3533 1552 3580 etiam
1570 3545 1675 3581 tum
1694 3535 1886 3591 Romae,
1907 3556 1931 3574 ··
1941 3534 2039 3595 jam
2061 3533 2309 3596 qnoesieeet
2325 3548 2426 3580 non

305 3604 417 3654 bem
442 3609 651 3657 nominis
671 3622 931 3674 pecc-sset.
1407 3611 1559 3658 modo
1587 3612 1781 3660 furendi
1810 3628 1980 3676 genere
2000 3648 2015 3671 ,
2046 3612 2132 3659 sed
2158 3612 2300 3660 etiem
2335 3628 2429 3660 no-

376 3687 427 3735 6.
453 3687 612 3736 Istius.
636 3690 815 3738 Verris.
835 3691 985 3738 Illius.
998 3692 1280 3756 Carpinatii.
1407 3691 1537 3739 mina
1551 3714 1603 3752 a,
1622 3703 1677 3739 nt
1692 3708 1803 3756 eup.
1820 3694 1879 3741 ’6.

378 3779 431 3825 7.
460 3768 520 3812 In
534 3765 664 3832 jum.
689 3769 819 3815 Ante
844 3770 1068 3832 praetoris
1092 3770 1321 3819 m‘bunal.
1486 3788 1559 3820 xo.
1576 3772 1843 3819 Procediee.
1859 3771 2048 3821 Scribas
2070 3771 2428 3835 tumultun-—

377 3845 427 3892 8.
452 3844 706 3894 Gentilem.
731 3848 942 3911 Propter
961 3849 1173 3897 nominis
1191 3850 1321 3898 simi·
1409 3850 1685 3916 Explicaee.
1710 3852 1911 3915 Aperite
1938 3852 2117 3900 librum
2132 3885 2147 3907 ‚
2178 3867 2263 3897 sen
2290 3850 2427 3898 ubu-

304 3919 576 3971 titudinem.
1407 3930 1492 3988 lae,
1510 3946 1630 3993 ques
1650 3931 1701 3978 in
1719 3930 1828 3979 foro
1847 3932 2094 3996 Syracusis
2106 3930 2428 3994 exscripsi.—

377 4017 431 4063 9.
469 4005 544 4049 Ba:
576 4003 682 4067 ipsa
718 4004 925 4053 racione.
962 4007 1149 4072 Nempe
1176 4023 1239 4055 ex
1264 4027 1316 4058 ea
1410 4009 1620 4057 cabilia.
1646 4011 1934 4076 Metaphora
1960 4027 1988 4056 a
2013 4011 2125 4057 ferie
2151 4010 2428 4072 desumpta,

306 4082 611 4143 ”egmffofflm
629 4083 750 4130 serie
773 4099 883 4146 (με
909 4101 1020 4132 eum
1040 4087 1320 4151 Carpinatio
1407 4089 1470 4136 ed
1496 4088 1661 4136 Verris
1687 4106 1866 4137 nomen
1892 4088 2068 4136 alludit
2092 4090 2264 4137 Cicero
2282 4123 2297 4146 ,
2317 4103 2429 4134 nec-

305 4159 490 4212 habuit.
508 4186 571 4195 —
592 4159 698 4209 Non
724 4163 969 4226 cognoris.
994 4166 1244 4229 Ingenioee
1268 4169 1321 4214 in
1410 4184 1510 4215 non
1539 4179 1586 4215 et
1605 4169 1746 4215 initio
1766 4163 2009 4231 sequentis
2026 4167 2218 4231 eapitis.
