3044 4788
753 384 1132 452 oRATlo
1181 383 1383 452 Pno
1431 384 1498 451 s,
1549 385 1947 454 Roscm.
2315 414 2407 488 97

291 532 381 576 ex
426 507 715 575 avaritia
764 518 1095 603 erumpat
1133 504 1475 575 audacia:
1530 504 1700 576 inde
1744 509 1989 576 omnia
2024 508 2287 579 scelera
2330 538 2415 583 ac

276 614 638 686 ·maleficia
672 619 1089 711 gignuntur.
1121 618 1281 684 Vita
1308 628 1548 685 autem
1579 614 1729 685 haec
1764 618 2061 704 rustica,
2088 643 2306 715 quam
2335 636 2418 691 tu

286 740 642 821 agrestem
674 749 923 812 voca5‚
948 726 1410 821 parcimoniae
1436 777 1455 809 ‚
1482 723 1867 821 diligentiae
1889 778 1909 811 ,
1940 726 2231 822 justitiae
2266 754 2415 800 ma·

283 838 503 930 gistra
537 849 666 904 est.
697 839 968 904 Verum
996 833 1148 903 haec
1177 836 1389 903 missa
1421 830 1630 904 facio.

384 947 713 1016 XXVIII.
761 942 948 1013 Illud
993 967 1273 1039 quaero,
1316 944 1377 1012 is
1409 942 1632 1013 homo
1655 997 1675 1031 ‚
1710 947 1876 1041 qui,
1911 959 1992 1014 ut
2023 959 2177 1018 tute
2206 946 2421 1037 dicis,

284 1078 694 1150 numquam
719 1055 908 1123 inter
931 1052 1264 1122 homines
1289 1049 1530 1139 fuerit,
1552 1077 1683 1150 per
1706 1077 1892 1149 quos
1924 1053 2254 1127 homines
2282 1057 2425 1129 hoc

286 1180 575 1235 tantum
624 1163 943 1249 facinus,
989 1176 1131 1232 tam
1188 1162 1639 1249 occultum¹‚
1694 1161 1954 1234 absens
1992 1171 2427 1261 praesertim,

284 1273 649 1346 conficere
696 1274 1035 1370 potuerit.
1102 1271 1377 1341 Multa²
1426 1285 1600 1340 sunt
1648 1269 1850 1358 falsa,
1888 1271 2213 1367 judices,
2262 1300 2424 1371 quae

288 1399 532 1454 tamen
564 1384 769 1478 argui
797 1383 1190 1477 suspiciose
1217 1393 1562 1478 possunt:
1599 1382 1674 1450 in
1708 1381 1822 1451 his
1853 1380 2071 1452 rebus
2108 1387 2165 1454 si
2195 1390 2424 1483 suspi-

290 1494 412 1562 cio
446 1504 723 1588 reperta
755 1492 926 1575 erit,
954 1488 1240 1585 culpam
1274 1490 1507 1559 inesse
1541 1489 1956 1561 concedam.
1991 1496 2234 1564 Romoe
2263 1499 2423 1568 Sex.

298 1604 604 1671 Roscius
631 1598 1275 1694 occiditur‚·quum
1304 1600 1380 1667 in
1413 1622 1588 1694 agro
1619 1603 1961 1672 Amerino
1994 1617 2179 1673 esset
2209 1602 2424 1674 filius.

300 1713 575 1781 Literas
593 1763 612 1795 ‚
638 1708 851 1780 credo
870 1762 889 1794 ,
917 1710 1111 1777 misit
1135 1707 1350 1777 alicui
1380 1710 1662 1794 sicario,
1694 1712 1821 1807 qui
1852 1714 2094 1781 Romae
2132 1727 2432 1784 noverat

297 1822 686 1890 neminem.
719 1819 1099 1889 Arcessivit
1129 1817 1446 1912 aliquem
1486 1843 1502 1885 :
1543 1832 1616 1887 at
1639 1815 1668 1861 3
1696 1818 2038 1915 quando?
2071 1824 2133 1892 N
2143 1824 2429 1892 untium

296 1930 495 1998 misit
528 1954 544 1995 ε
580 1916 845 2023 quem?
886 1940 1013 1995 aut
1038 1923 1130 1994 ad
1164 1924 1431 2021 quem?
1470 1930 1743 2014 Pretio,
1772 1930 2032 2025 gratia,
2064 1954 2225 2028 spe,
2256 1955 2428 2029 pro-

294 2044 529 2110 missis
555 2038 845 2109 induxit
870 2037 1234 2134 aliquem?
1264 2036 1460 2109 Nihil
1493 2037 1756 2108 horum
1792 2065 1884 2111 ne
1918 2039 2233 2137 confingi
2265 2046 2432 2140 qui-

291 2151 459 2221 dem
486 2163 768 2247 potest3
801 2162 873 2218 et
909 2162 1147 2217 tamen
1188 2170 1399 2216 causa
1431 2145 1522 2216 de
1555 2148 1942 2243 parricidio
1979 2149 2265 2221 dicitur.

388 2258 786 2355 Reliquum
820 2271 962 2343 est,
995 2269 1076 2325 ut
1102 2278 1232 2352 per
1258 2279 1501 2325 servos
1529 2254 1605 2324 id
1636 2254 2024 2329 admiserit.
2071 2264 2135 2329 O
2173 2259 2270 2330 dii
2300 2263 2434 2331 im-

294 2362 669 2439 mortales!
713 2390 863 2437 rem
901 2366 1234 2436 miseram
1268 2378 1341 2435 et
1374 2364 1900 2437 calamitosam!
1941 2367 2159 2458 Quod
2191 2372 2267 2440 in
2305 2372 2425 2442 tali

294 2481 599 2549 crimine
630 2478 1000 2547 innocenti
1032 2474 1240 2544 saluti
1272 2474 1453 2544 solet
1478 2500 1631 2545 esse
1655 2530 1675 2563 ,
1718 2491 1810 2574 ut!
1826 2502 2069 2548 servos
2117 2483 2193 2548 in
2234 2506 2431 2576 quae-

294 2587 657 2657 stionem⁴
691 2585 1137 2683 polliceatur,
1173 2582 1249 2653 id
1286 2588 1442 2654 Sex.
1469 2588 1732 2657 Roscio
1775 2585 2006 2659 facere
2052 2613 2201 2658 non
2240 2589 2426 2662 licet.

296 2702 482 2784 Vos,
512 2699 645 2794 qui
679 2694 879 2765 hunc
917 2696 1302 2780 accusatiS‚
1342 2717 1597 2765 omnes
1629 2697 1785 2792 ejus
1817 2721 2058 2769 servos
2099 2697 2380 2771 habens
2408 2730 2427 2770 ε

299 2832 492 2876 unus
522 2830 735 2904 puer,
769 2807 998 2875 victus
1034 2801 1438 2900 quotidiani
1471 2802 1915 2893 administer,
1959 2832 2046 2877 ex
2094 2821 2288 2878 tanta
2329 2808 2428 2881 fa-

300 2917 495 2986 milia
536 2919 694 2984 Sex.
748 2917 1025 2988 Roscio,
1055 2912 1343 2983 relictus
1391 2937 1541 2982 non
1576 2929 1704 2984 est.
1745 2919 1845 2986 Te
1881 2942 2078 2987 nunc
2110 2919 2420 3016 appellO,

299 3026 379 3092 P.
405 3024 679 3119 Scipio;
711 3036 818 3109 te,
864 3015 1149 3092 Metelle
1180 3031 1197 3089 ε’
1250 3019 1456 3092 vobis
1487 3021 1891 3114 advocatis,
1919 3025 2125 3098 vobis
2156 3035 2428 3126 agenti-

301 3130 447 3201 bus
462 3128 516 3217 ⁵‚
548 3132 931 3228 aliquoties
972 3131 1158 3201 duos
1185 3155 1426 3201 servos
1463 3147 1802 3228 paternos
1843 3138 1919 3204 in
1955 3141 2428 3233 quaestionem

302 3239 400 3311 ab
427 3240 841 3312 adversariis
868 3246 1024 3312 Sex.
1061 3242 1357 3310 Roscius
1379 3241 1787 3336 postulavit.
1818 3246 2303 3315 Meministine
2333 3260 2428 3335 te,

373 3497 617 3545 xxvm.
634 3514 650 3544 ι
663 3533 676 3544 .
699 3498 969 3545 oecultum.
984 3495 1137 3556 Cujus
1151 3505 1324 3542 auctor
1409 3494 1668 3544 missurum
1689 3512 1742 3545 se
1768 3496 1899 3546 dicat
1918 3509 1973 3545 ut
2001 3499 2134 3547 omni
2161 3510 2429 3549 tormento·

301 3586 563 3640 tantopere
579 3592 631 3622 se
648 3575 797 3624 debet
816 3575 1078 3623 occultare.
1409 3589 1517 3622 mm
1543 3591 1716 3638 genero
1752 3575 1813 3624 de
1841 3579 1993 3625 nervis
2014 3579 2219 3642 quaestio
2251 3579 2429 3629 habea-

374 3670 426 3702 2.
448 3655 632 3702 Multa.
652 3657 712 3701 In
739 3654 846 3702 aliis
870 3653 1017 3701 rebus
1038 3651 1188 3701 multa
1209 3662 1322 3701 mut
1410 3662 1503 3700 tur.
1526 3656 1602 3708 Ex
1627 3666 1839 3703 veterum
1859 3657 2187 3705 Romanorum
2203 3658 2430 3708 instituto

300 3749 441 3798 qun,
470 3734 559 3780 eui
584 3743 753 3780 carent
778 3733 1002 3791 crimine,
1031 3748 1134 3779 non
1158 3743 1323 3780 carent
1409 3731 1470 3778 de
1493 3731 1644 3780 servio
1670 3734 1723 3780 in
1749 3733 1975 3782 domium
2002 3751 2216 3799 querere
2241 3754 2344 3786 nou
2365 3740 2429 3787 li-

300 3825 467 3861 tamen
489 3812 795 3877 ιωρίοἰοοες
820 3811 908 3860 sed
924 3811 977 3859 in
995 3828 1137 3861 canu
1155 3815 1203 3862 S.
1222 3816 1322 3863 Ro·
1411 3812 1575 3874 cubat,
1600 3813 1694 3859 nisi
1717 3812 1778 3859 dc
1795 3814 1982 3862 incestu
2006 3826 2057 3863 et
2073 3816 2428 3876 conjuratione.

296 3893 391 3940 seii
408 3925 425 3950 ‚
459 3903 556 3939 etc.
1412 3895 1481 3939 At
1508 3907 1592 3939 reo
1621 3890 1823 3939 domino
1847 3893 2127 3957 postulante
2146 3928 2161 3953 ,
2193 3895 2430 3944 dabantur

373 3972 427 4019 ³.
448 3969 604 4018 Abest
624 3982 681 4017 ae
702 3970 837 4035 apud
862 3971 1185 4028 ffiucinnum,
1209 3985 1320 4036 pag.
1413 3973 1466 4018 in
1492 3971 1829 4035 quaestionem.
1847 3971 1966 4022 vid.
1991 3973 2082 4021 ins.
2107 3979 2168 4027 41
2186 4007 2202 4032 ,
2230 3985 2280 4022 et
2306 3984 2430 4022 orat.

302 4064 407 4112 90²
430 4082 447 4108 ,
471 4048 550 4098 ed.
574 4050 774 4097 Putseh.
802 4051 929 4098 J.v.
956 4052 1012 4098 L.
1411 4066 1504 4117 pro
1529 4049 1708 4097 Milon.
1728 4066 1816 4099 aa.

380 4138 436 4183 Ι..
464 4130 526 4174 In
557 4129 892 4191 quaestionem.
924 4131 965 4176 1.
989 4144 1036 4177 e.
1058 4128 1191 4176 ultro
1215 4143 1325 4194 per-
1489 4129 1535 4176 5.
1579 4128 1724 4176 Vobis
1762 4128 2036 4196 agentibus.
2062 4132 2285 4179 Vestram
2319 4145 2438 4194 ope·

505 4216 563 4282 Ι.
622 4231 710 4275 αι.
729 4246 841 4291 pars
860 4230 1069 4276 ma.
2195 4240 2236 4308 7
