3044 4788
681 432 818 529 598
955 416 966 421 ’
1467 430 1648 498 App
1669 427 2003 498 ENDIX

677 552 857 615 novis
890 549 1165 615 subinde
1193 550 1444 637 legibus
1470 551 1702 629 jactata
1735 570 1834 611 res
1861 547 2195 628 judiciaria
2219 570 2582 636 numquam
2618 552 2812 637 plane

676 657 1070 743 conquievit.

765 763 930 827 Ante
986 763 1057 824 C.
1103 759 1466 847 Sempronii
1514 758 1789 823 Gracchi
1853 758 2126 821 alterum
2186 758 2632 839 tribunatum,
2680 761 2800 823 soli

678 883 1003 933 senatores
1041 865 1437 947 judicarunt.
1491 866 1566 928 C.
1607 863 1935 928 Gracchus
1975 863 2281 927 tribunus
2319 863 2525 951 plebis
2561 864 2805 929 iterum

675 995 852 1037 anno
883 971 1072 1035 Urbis
1098 970 1248 1049 631,
1288 999 1315 1025 ι
1335 968 1436 1033 vir
1463 969 1713 1057 optimo
1746 968 2010 1056 ingenio
2046 967 2209 1053 male
2241 990 2402 1032 usus
2424 1000 2452 1025 ι
2471 1016 2490 1049 ,
2524 984 2600 1032 ut
2628 992 2803 1033 rem-

675 1078 996 1167 publicam
1026 1095 1221 1161 quam
1253 1074 1475 1138 multis
1514 1074 1650 1137 aliis
1693 1074 1944 1163 legibus
1990 1073 2370 1160 perturbare
2408 1073 2805 1153 instituerat,

677 1184 796 1246 hac
829 1182 1017 1245 etiam
1049 1180 1117 1243 in
1152 1196 1332 1268 parte
1358 1196 1614 1245 vexaret
1631 1228 1650 1260 ,
1678 1203 1715 1243 a
1737 1194 1998 1261 senatu,
2021 1179 2127 1242 cui
2160 1195 2430 1266 propter
2457 1181 2805 1243 fraternam

676 1309 897 1351 necem
934 1301 1072 1348 erat
1105 1286 1423 1365 infensus,
1461 1282 1544 1347 ad
1579 1285 1828 1370 equites
1849 1282 2088 1364 judicia
2109 1331 2129 1365 ,
2161 1284 2285 1348 lata
2315 1284 2491 1373 lege,
2528 1300 2803 1347 transtu·

675 1391 768 1453 lit.
801 1390 1198 1454 Proetexebat
1222 1387 1618 1469 judiciorum
1661 1386 2184 1467 dissolutionem,
2224 1405 2289 1452 et
2325 1411 2551 1451 recens
2586 1410 2804 1451 exem-

676 1497 857 1584 plum
882 1496 1127 1560 Aurelii
1167 1497 1407 1575 Cottae3
1447 1494 1850 1575 Salinatoris3
1894 1493 1986 1559 Μ.
2021 1494 2314 1581 Aquillii3
2344 1494 2460 1580 qui
2501 1510 2808 1583 repetun-

676 1601 905 1665 darum
959 1602 1082 1680 rei,
1133 1601 1453 1688 corruptis
1497 1598 1788 1680 judiciis,
1834 1599 2027 1686 elapsi
2073 1601 2348 1663 fuerant.
2404 1599 2621 1681 Quam
2669 1622 2809 1663 rem

676 1708 1141 1773 attestabantur
1159 1707 1633 1795 provinciarum
1658 1705 2071 1794 spoliatamm
2092 1708 2305 1794 legati,
2321 1707 2433 1793 qui
2456 1707 2810 1770 frementes

679 1832 742 1878 et
773 1812 1248 1901 indignabundi
1275 1828 1408 1875 tota
1428 1810 1606 1874 Urbe
1629 1810 2076 1874 discurrebant
2101 1832 2254 1873 cum
2282 1833 2511 1899 magna
2545 1827 2809 1873 senatus

679 1919 936 1983 invidia.
968 1920 1197 2005 Itaque
1222 1934 1482 1982 senatus
1519 1916 1776 2004 pudore
1802 1916 2011 1980 victus
2044 1916 2168 2004 legi
2202 1915 2483 1979 ferendae
2521 1939 2661 1979 non
2693 1915 2807 1980 ad·

679 2024 948 2088 modum
985 2023 1356 2086 adversatus
1393 2039 1506 2085 est.

766 2130 959 2190 Anno
1009 2141 1159 2209 post
1211 2126 1663 2211 Semproniam
1714 2127 1921 2214 legem
1961 2125 2217 2196 decimo
2262 2127 2573 2212 septimo,
2600 2148 2804 2213 quum

672 2233 801 2310 jam
835 2228 1128 2315 equitum
1159 2227 1589 2307 judicantium
1614 2231 1873 2295 avaritia
1893 2248 2089 2317 atque
2119 2231 2415 2318 superbia
2450 2232 2620 2294 ultra
2652 2232 2805 2296 ferri

684 2356 816 2398 non
854 2349 1117 2422 possent
1147 2333 1337 2421 (vide
1354 2335 1709 2423 Appiam),
1746 2336 1828 2417 Q.
1862 2335 2166 2401 Servilius
2195 2335 2406 2424 Caepio
2442 2358 2576 2399 cos.
2611 2337 2662 2400 is
2697 2338 2804 2424 qui

680 2441 980 2505 Tolosam
1017 2441 1250 2504 urbem
1295 2441 1593 2528 diripuit,
1642 2459 1707 2505 et
1740 2465 1818 2505 ex
1850 2441 2158 2531 Apollinis
2194 2444 2384 2522 sanc»,
2418 2441 2601 2528 quod
2632 2444 2698 2506 in
2737 2466 2806 2506 ea

682 2548 845 2612 urbe
882 2547 1038 2621 fuit,
1073 2544 1152 2609 ad
1188 2547 1559 2633 quindecim
1615 2548 1807 2628 millia
1848 2548 2163 2612 talentum
2205 2548 2468 2611 abstulit
2509 2549 2807 2632 (Strabo,

683 2653 793 2717 lib.
826 2650 987 2734 IV),
1022 2652 1266 2739 quique
1310 2668 1533 2737 postea
1576 2675 1726 2716 cum
1762 2653 2038 2717 Cimbris
2074 2654 2238 2718 male
2273 2654 2583 2743 pugnavit
2633 2655 2806 2739 (Liv.

684 2758 854 2844 Epit.
880 2754 1013 2842 67),
1044 2755 1246 2844 legem
1276 2758 1525 2843 rogavit
1544 2804 1564 2838 ,
1596 2779 1769 2819 anno
1801 2757 1994 2826 Urbis
2019 2760 2170 2846 647,
2194 2774 2270 2822 ut
2301 2782 2448 2822 cum
2482 2760 2808 2846 equitibus

684 2876 1010 2924 senatores
1065 2861 1257 2923 etiam
1286 2860 1653 2941 judicarent
1695 2885 1710 2924 ε
1764 2863 1851 2927 ob
1898 2864 2078 2951 quod
2125 2863 2511 2928 beneficium
2546 2881 2809 2928 senatus

683 2988 833 3027 eum
860 2996 882 3018 «ι
900 2981 1249 3051 patronum
1276 2989 1465 3030 suum
1485 2998 1510 3021 υ
1542 2967 1882 3055 appellavit
1921 2968 2097 3053 (val.
2133 2969 2302 3032 Max.
2334 2970 2456 3049 VI,
2480 2991 2544 3053 9,
2568 2967 2678 3054 13)
2700 3019 2720 3044 ,
2746 2986 2809 3032 et

684 3102 709 3124 «ι
726 3068 944 3155 patrlae
966 3067 1270 3133 liberator
1288 3102 1311 3125 υ
1349 3072 1413 3133 in
1441 3071 1971 3158 inscriptionibus
1999 3072 2175 3159 apud
2195 3072 2450 3137 Gruter.
2482 3095 2546 3159 p.
2564 3073 2721 3153 468,
2748 3073 2808 3153 5,

684 3190 1120 3262 nuncupatur.

769 3282 1006 3368 Legem
1047 3282 1374 3345 Serviliam
1409 3283 1726 3370 Caepionis
1749 3330 1769 3364 ,
1801 3282 1984 3346 brevi
2025 3285 2360 3349 intervallo
2400 3299 2672 3371 sequuta
2714 3301 2809 3347 est

682 3389 874 3451 altera
913 3388 1172 3452 Servilia
1210 3386 1509 3452 Glauciae.
1555 3390 1731 3452 Tulit
1763 3391 1835 3452 C.
1873 3390 2180 3453 Servilius
2207 3390 2470 3468 Glaucia
2502 3391 2803 3454 tribunus

597 3490 606 3499 ’
680 3491 885 3578 plebis
910 3516 1084 3556 anno
1107 3493 1274 3578 649,
1302 3492 1394 3556 uti
1417 3539 1435 3572 ,
1466 3509 1693 3555 contra
1728 3493 1809 3573 Q.
1841 3494 2159 3580 Caepionis
2193 3493 2397 3582 legem
2436 3493 2767 3558 Serviliam
2790 3544 2807 3574 ,

683 3598 929 3683 equites
973 3600 1091 3661 soli
1134 3621 1210 3662 ex
1244 3598 1381 3686 lege
1414 3598 1796 3684 Sempronia
1825 3598 2207 3677 judicarent.
2257 3599 2454 3677 Cujus
2492 3599 2651 3687 legis
2694 3600 2808 3663 be-

686 3700 915 3764 neficio
952 3702 1212 3766 Glaucia
1268 3718 1632 3788 equestrem
1670 3703 1980 3798 ‘ordinem
2030 3705 2154 3769 sibi
2214 3727 2349 3768 non
2402 3703 2811 3769 mediocriter

683 3809 746 3870 in
781 3824 1115 3893 posterum
1140 3809 1504 3871 conciliavit
1529 3826 1595 3873 et
1619 3810 1978 3875 obstrinxit.
2011 3812 2108 3874 Ex
2135 3835 2209 3875 ea
2233 3812 2373 3899 lege
2404 3810 2630 3874 decem
2666 3827 2810 3899 post

682 3911 902 3992 annis,
947 3914 1019 3974 C.
1060 3911 1387 3995 Norbani,
1437 3936 1570 4001 quo
1620 3932 1961 3980 accusante
2000 3917 2217 4004 Caepio
2253 3914 2593 3980 damnatus
2635 3933 2805 3995 erat,

680 4038 870 4080 causa
902 4017 1076 4104 apud
1111 4017 1360 4104 equites
1398 4035 1541 4084 tum
1569 4017 1820 4098 judices
1856 4036 1995 4086 acta
2040 4039 2153 4089 est.
2200 4021 2335 4088 Cic.
2376 4020 2455 4086 de
2495 4023 2675 4085 Orat.
2705 4021 2800 4098 11,

682 4145 818 4209 cap.
845 4122 948 4199 48.
