3044 4788
712 409 850 508 574
1509 405 2037 511 APPENDIX

792 532 913 596 Die
958 526 1467 617 postulationum
1517 526 1759 613 petitor
1803 550 1997 607 eum,
2055 524 2232 589 unde
2272 524 2582 613 petebat,
2643 527 2721 589 in
2771 548 2871 607 ,ιω

708 637 997 701 vocabat.

795 742 988 806 Nulla
1034 739 1143 802 hic
1191 736 1569 824 apparitoris
1601 758 1835 825 opera3
1888 736 2065 800 nulla
2101 734 2261 799 dicae
2300 736 2598 824 scriptio.
2664 740 2868 801 Actor

709 845 1134 913 conveniebat
1162 840 1598 906 adversarium
1619 889 1637 923 ‚
1670 859 1864 930 atque
1889 858 1964 905 nt
1985 864 2053 905 se
2079 842 2145 905 in
2166 843 2273 920 jus
2308 858 2584 904 euntem
2602 865 2864 929 ‚seque-

708 971 921 1034 retur,
958 947 1366 1015 admonebat.
1404 947 1470 1011 Si
1503 948 1556 1011 is
1592 949 1777 1036 sequi
1811 948 2154 1028 noluisset,
2192 970 2341 1010 eum
2376 948 2705 1035 rapiebat.
2740 954 2863 1012 At·

710 1082 838 1147 que
879 1074 955 1121 ut
986 1078 1067 1119 ne
1099 1051 1400 1132 injuriam
1430 1052 1488 1116 ei
1520 1054 1728 1117 facere
1763 1051 2111 1134 videretur,
2141 1068 2367 1117 testem
2401 1076 2542 1117 suae
2579 1055 2858 1117 actionis

709 1165 984 1251 aliquem
1014 1157 1314 1233 faciebat,
1345 1173 1460 1220 aut
1490 1159 1654 1221 forte
1681 1158 2220 1222 intervenientem
2239 1204 2258 1238 ,
2284 1173 2397 1221 aut
2423 1176 2852 1245 praesentem,

708 1270 893 1349 cujus
913 1262 1217 1353 tangebat
1231 1263 1509 1327 molliter
1520 1263 1872 1326 auriculam
1889 1285 1908 1344 ς
1922 1263 2214 1351 rogando
2228 1264 2328 1326 his
2343 1264 2589 1343 verbis,
2605 1296 2631 1318 ι
2649 1287 2854 1327 mcx-r-

709 1397 792 1438 un
818 1368 1206 1437 alu-nsum?
1230 1400 1255 1424 ι»
1272 1369 1314 1432 i.
1331 1391 1387 1432 e.
1406 1382 1469 1430 te
1493 1383 1722 1431 testem
1751 1390 2030 1432 sumere.
2055 1369 2120 1431 Si
2139 1367 2582 1456 respondebat
2598 1417 2617 1449 ,
2643 1392 2847 1443 metr,

708 1495 849 1543 tum
876 1473 1311 1543 adversarium
1340 1473 1789 1553 frustrantem,
1811 1487 1924 1536 aut
1948 1472 2305 1562 fugientem
2325 1521 2343 1556 ,
2376 1474 2623 1552 injecta
2654 1498 2849 1537 manu

706 1588 788 1654 ad
816 1600 1156 1675 proetorem
1186 1578 1520 1644 trahebat:
1549 1576 1730 1666 quod
1756 1580 1816 1643 ei
1850 1579 2084 1644 licebat
2113 1600 2231 1667 per
2264 1578 2475 1668 legem
2502 1581 2642 1643 XII
2676 1582 2848 1644 tabb.

708 1695 914 1759 Porro
963 1689 1133 1752 illam
1182 1685 1354 1750 auris
1401 1683 1877 1772 prehendenda».
1921 1684 2465 1749 consuetudinem
2510 1708 2848 1773 expresse-

712 1813 871 1863 runt
901 1797 1110 1859 Plaut.
1142 1793 1210 1856 in
1245 1792 1471 1873 Persa3
1510 1790 1735 1853 Horat.
1783 1790 1910 1854 Sat.
1953 1791 2018 1871 1,
2062 1811 2140 1876 9,
2193 1790 2298 1878 76.
2341 1791 2511 1855 Plin.
2544 1793 2685 1871 XI,
2726 1792 2847 1870 45:

712 1905 870 1968 «Est
900 1901 969 1965 in
997 1919 1152 1962 aure
1176 1897 1304 1960 ima
1336 1896 1665 1959 memoriae
1700 1894 1884 1959 locus
1904 1942 1922 1976 ,
1957 1918 2153 1982 quem
2193 1912 2527 1984 tangentes
2561 1914 2846 1960 antesta-

713 2033 863 2074 mur
883 2040 930 2073 u.
971 2007 1038 2071 Si
1075 2027 1229 2069 vero
1265 2019 1448 2069 actor
1490 2018 1640 2069 ante
1690 2003 2188 2067 antestationem
2237 2020 2491 2091 raperet
2542 2004 2845 2069 adversa-

712 2118 915 2195 rium,
952 2109 1360 2197 competebat
1388 2111 1454 2171 in
1480 2131 1635 2172 eum
1658 2110 1827 2173 actio
1857 2109 2257 2188 injuriarum.
2288 2112 2615 2193 Lenones,
2644 2112 2842 2191 fures,

711 2238 907 2305 atque
929 2212 1297 2279 istiusmodi
1328 2212 1661 2288 homines,
1692 2214 1830 2302 lege
1859 2213 2356 2301 excipiebantur.
2382 2216 2739 2280 Neminem
2770 2215 2845 2282 de

713 2323 911 2387 domo
934 2319 1133 2385 suain
1149 2319 1256 2400 jus
1273 2317 1489 2382 vocari
1507 2317 1707 2381 licuit.
1727 2321 1834 2385 Fr.
1846 2342 1871 2382 1
1884 2317 2195 2409 8.Digest.
2210 2319 2298 2384 -de
2315 2322 2381 2383 in
2397 2320 2505 2401 jus
2521 2322 2841 2387 vocando.

801 2425 1001 2510 Quod
1045 2427 1099 2490 si
1146 2425 1201 2510 is
1246 2424 1426 2489 unde
1469 2425 1832 2512 petebatur,
1880 2424 2188 2506 latitaret,
2232 2440 2301 2489 et
2340 2426 2591 2491 nullam
2626 2451 2843 2493 secum

710 2533 946 2625 agendi
973 2548 1357 2621 potestatem
1384 2531 1654 2612 faceret,
1684 2554 1888 2618 quum
1911 2529 1995 2595 de
2024 2530 2225 2595 domo
2250 2533 2499 2600 extrahi
2531 2557 2673 2598 non
2708 2558 2846 2623 pos·

711 2659 840 2725 set,
868 2658 1047 2705 actor
1083 2638 1373 2728 praetoris
1408 2638 1719 2701 auxilium
1754 2637 2173 2726 implorabat,
2217 2655 2413 2727 atque
2454 2662 2648 2704 reum
2693 2665 2845 2706 evo·

711 2750 841 2813 cari
888 2746 1252 2835 postulabat
1284 2730 1521 2807 edicto.
1583 2741 1886 2806 Edictum
1934 2742 2019 2806 ad
2061 2744 2294 2832 ipsius,
2340 2745 2454 2831 qui
2513 2746 2848 2826 latitabat,

711 2854 878 2918 aedes
910 2851 1290 2940 affigebatur
1325 2871 1476 2912 cum
1502 2849 1777 2913 solemni
1798 2846 2166 2914 vicinorum
2193 2851 2558 2914 testatione.
2588 2853 2662 2916 Si
2697 2877 2851 2917 evo-

708 2958 944 3025 cationi
979 2958 1200 3046 primae
1235 2978 1368 3021 non
1401 2972 1689 3045 pareret,
1722 2977 1937 3043 neque
1972 2955 2462 3035 defenderetur-3
2486 2960 2849 3024 secundam

707 3063 1057 3145 interjectis
1095 3062 1320 3126 decem
1355 3061 1587 3126 diebus
1616 3061 2005 3125 decernebat
2032 3079 2289 3150 praetor,
2336 3086 2461 3150 qua
2494 3065 2849 3151 petitorem

714 3175 780 3236 in
807 3172 981 3236 bona
1016 3168 1321 3232 latitantis
1353 3167 1446 3231 rei
1481 3167 1813 3232 mittebat:
1845 3184 1910 3232 et
1947 3169 2070 3232 nisi
2098 3171 2262 3232 facta
2300 3171 2682 3234 evocatione
2720 3188 2851 3235 ter-

714 3282 798 3342 tia
822 3325 839 3358 ,
881 3274 962 3339 ad
996 3274 1092 3339 sui
1129 3272 1575 3337 defensionem
1606 3273 1921 3353 venisset;
1959 3274 2163 3336 altero
2196 3273 2454 3338 decreto
2494 3274 2673 3339 bona
2708 3279 2850 3356 ejus

713 3380 1059 3472 possideri,
1093 3378 1438 3468 proscribi,
1473 3401 1549 3441 ac
1581 3377 1849 3442 distrahi
1881 3378 2150 3458 jubebat
2185 3396 2439 3466 praetor.

801 3488 866 3552 Si
899 3508 1053 3548 vero
1077 3500 1339 3548 vocatus
1376 3499 1656 3571 pareret,
1691 3483 1804 3545 ubi
1837 3483 2119 3571 copulati
2148 3485 2216 3546 in
2240 3484 2346 3563 jus
2378 3506 2844 3572 pervenerant,

712 3609 911 3673 actor,
968 3592 1306 3679 impetrata
1343 3587 1651 3675 loquendi
1689 3604 2033 3675 potestate,
2083 3591 2403 3654 actionem
2450 3591 2691 3656 edebat
2731 3595 2845 3657 ad-

712 3697 1026 3775 versario,
1051 3718 1178 3782 qua
1210 3683 1515 3758 adversus
1549 3717 1699 3757 eum
1735 3696 1831 3757 uti
1865 3694 2137 3760 volebat.
2179 3697 2379 3779 Quod
2415 3699 2693 3762 omnino
2727 3725 2843 3764 ne·

611 3839 614 3842 ¹
712 3800 1054 3868 cessarium
1084 3816 1248 3882 erat3
1286 3822 1433 3863 nam
1465 3801 1682 3864 multis
1712 3802 1780 3864 in
1804 3804 2009 3866 causis
2039 3824 2169 3865 non
2206 3819 2459 3890 poterat
2493 3827 2647 3868 reus
2678 3805 2839 3869 divi-

717 3932 900 3991 nare,
934 3893 1077 3996 qim
1114 3908 1180 3969 in
1221 3929 1288 3970 se
1337 3906 1505 3970 actio
1552 3907 2028 3990 intenderetur3
2073 3930 2278 3997 quum
2313 3932 2391 3972 ex
2423 3909 2639 3973 edicto
2679 3935 2835 4000 prae·

712 4016 872 4083 toris
904 4016 968 4078 in
1002 4015 1217 4102 plut-es
1245 4014 1532 4076 actiones
1557 4012 1729 4078 idem
1765 4033 1982 4104 posset
2018 4015 2265 4081 cadere.
2297 4018 2489 4082 Conf.
2528 4018 2831 4107 Dupont‚

714 4122 1044 4211 Disquisit.
1077 4121 1142 4184 in
1178 4119 1314 4187 Gai.
1351 4143 1413 4207 p.
1452 4144 1600 4206 209.
