3044 4788
546 2849 557 2860 ²
642 2859 754 2904 nea,
773 2843 890 2892 deos
912 2856 959 2893 et
984 2848 1190 2909 amicos,
1213 2864 1336 2911 quos
1357 2848 1478 2896 velis
1498 2849 1658 2897 nomi-

615 409 777 480 ·328
1275 412 1371 477 Μ.
1424 411 1502 476 Τ.
1551 404 2120 477 CICERONIS

635 532 840 601 istius
872 532 1171 601 comites
1206 531 1501 599 invitat:
1545 552 1668 598 eos
1706 549 1960 598 omnes
1984 528 2247 594 Verres
2282 522 2638 591 certiores
2684 514 2810 591 fa·-

636 642 763 728 cit,
819 638 999 737 quid
1040 664 1226 736 opus
1263 652 1458 708 esset.
1500 642 1784 708 Mature
1827 635 2133 705 veniunt
2173 658 2190 701 :
2231 625 2742 700 discumbitur
2774 652 2800 693 τ

634 748 717 819 fit
755 775 993 821 sermo
1035 750 1224 818 inter
1262 773 1425 835 eOS,
1465 762 1536 818 et
1574 747 1931 832 invitatio,
1963 758 2046 815 ut
2079 766 2311 841 graeco
2347 762 2549 810 more
2572 740 2604 787 ⁴
2662 734 2800 805 bi·

635 859 954 931 beretur.
971 864 1317 929 Hortatur
1335 857 1635 956 hospes:
1663 851 2009 954 poscunt⁵
2028 852 2164 946 maj
2174 849 2422 921 oribus
2438 846 2744 945 poculis
2768 873 2793 913 :

636 967 1044 1039 celebratur
1107 969 1435 1037 omnium
1495 991 1829 1038 sermone
1883 965 2271 1058 laetitiaque
2324 958 2781 1029 convivium.

636 1077 1108 1169 Posteaquam
1146 1077 1313 1147 satis
1341 1073 1612 1148 calere⁶
1646 1100 1762 1146 res
1787 1072 2064 1146 Rubrio
2087 1075 2234 1141 visa
2263 1082 2373 1140 est
2403 1096 2419 1137 ε
2463 1071 2790 1158 Quaem,

636 1185 913 1279 inquit,
945 1185 1399 1276 Philodame,
1439 1212 1569 1257 cur
1597 1185 1688 1256 ad
1714 1210 1848 1255 nos
1883 1182 2102 1253 filiam
2140 1196 2340 1252 tuam
2376 1202 2526 1248 non
2572 1177 2788 1247 intro

637 1294 877 1362 vocari
905 1292 1163 1388 jubes?
1199 1303 1475 1384 Hom0‚
1505 1296 1632 1392 qui
1672 1309 1744 1365 et
1772 1291 2055 1364 'summa
2092 1292 2475 1388 gravitate,
2517 1300 2594 1356 et
2618 1287 2784 1380 jam

641 1401 708 1472 id
773 1406 992 1474 aetatis
1015 1460 1034 1493 ,
1080 1421 1153 1476 et
1210 1430 1472 1504 parens
1531 1419 1750 1491 esset,
1810 1403 2188 1500 obstupuit
2251 1400 2572 1470 hominis
2641 1398 2786 1465 im·

637 1511 894 1608 probi⁷
940 1514 1155 1586 dicto.
1203 1521 1477 1586 Instare
1525 1514 1864 1586 Rubrius,
1903 1518 2087 1584 Tum
2150 1511 2301 1596 ille,
2363 1524 2443 1578 ut
2493 1505 2781 1603 aliquid

640 1625 1150 1720 responderet,
1207 1627 1495 1721 negavit
1535 1628 1756 1695 moris
1800 1620 1998 1695 esse⁸
2045 1627 2498 1703 Graecorum,
2560 1632 2647 1685 ut
2699 1618 2786 1685 in

639 1736 970 1805 convivio
993 1739 1311 1806 virorum
1340 1734 1854 1806 accumberent
1878 1732 2232 1803 mulieres.
2249 1734 2383 1800 Hic
2406 1743 2563 1797 tum
2591 1726 2790 1795 alius

640 1871 727 1916 ex
767 1847 900 1918 alia
936 1842 1600 1946 partez'Enimvero
1637 1847 2014 1919 ferendum
2057 1845 2199 1915 hoc
2231 1867 2382 1913 non
2426 1855 2532 1911 est
2547 1850 2607 1925 ⁹3
2651 1864 2788 1910 vo-

640 1970 845 2025 cetur
884 1954 1184 2026 mulier!
1244 1961 1332 2026 Et
1380 1957 1592 2027 simul
1645 1958 1867 2028 servis
1918 1957 2065 2026 suis
2111 1952 2469 2036 Rubrius,
2523 1963 2609 2019 ut
2661 1950 2782 2043 ja-

644 2088 864 2133 nuam
896 2064 1349 2154 clauderent,
1376 2081 1448 2137 et
1473 2069 1610 2164 ipsi
1644 2067 1734 2137 ad
1755 2066 1943 2138 fores
1976 2067 2409 2146 assisterent,
2438 2064 2775 2157 imperat.

642 2171 861 2259 Quod
891 2171 1017 2243 ubi
1050 2173 1169 2245 ille
1206 2175 1554 2248 intellexit
1591 2177 1663 2247 id
1692 2181 1825 2275 agi,
1850 2192 2067 2274 atque
2103 2174 2178 2245 id
2208 2177 2476 2271 parari,
2498 2185 2584 2242 ut
2613 2169 2784 2240 filiaa-

641 2305 785 2350 suae
811 2283 916 2352 vis
944 2280 1364 2372 afferretur;
1399 2312 1645 2358 servos
1679 2313 1847 2357 suos
1879 2286 1966 2358 ad
1995 2312 2069 2358 se
2102 2299 2354 2356 vocat:
2395 2284 2505 2353 his
2547 2283 2780 2378 impe·

640 2405 782 2480 rat,
810 2408 892 2463 ut
918 2419 995 2465 se
1025 2397 1263 2493 ipsum
1293 2397 1689 2496 negligant,
1718 2398 1938 2469 filiam
1971 2394 2409 2481 defendaut3
2439 2407 2778 2464 excurrat

640 2621 779 2654 snum
793 2640 805 2653 .
823 2643 836 2656 .
851 2641 864 2656 .
875 2607 1133 2656 mitteret».
1151 2608 1359 2658 Grutero
1382 2611 1568 2672 placuit
1584 2612 1655 2658 in·

642 2683 859 2734 finitivus
888 2687 1150 2735 historicus
1173 2690 1598 2739 «etiam...mittere
1609 2712 1652 2738 -.

713 2774 762 2820 4.
781 2766 957 2813 Graeco
981 2783 1127 2814 more.
1151 2766 1233 2815 Ad
1256 2769 1468 2833 singulas
1489 2772 1657 2833 potio-

1740 2607 1881 2662 πάλιν
1912 2608 1993 2662 τὴν
2018 2606 2186 2675 μείζω
2209 2607 2329 2674 ᾔτει.
2357 2607 2418 2654 ld
2444 2618 2548 2654 est:
2589 2626 2612 2646 ι
2633 2604 2775 2651 chae-

1743 2707 1822 2738 rea
1848 2706 1951 2737 non
1980 2701 2082 2738 erat
2107 2707 2195 2737 rex
2225 2688 2467 2743 convivii,
2493 2685 2581 2733 sed
2616 2685 2770 2730 carni-

1745 2770 1848 2830 fex,
1874 2770 1957 2831 qui
1995 2770 2258 2830 maioribus
2296 2776 2518 2832 posceret
2555 2763 2771 2829 poculis,

1745 2860 2004 2914 postquam
2056 2849 2229 2911 viginti
2279 2846 2484 2910 cyathos
2536 2860 2624 2907 par
2668 2840 2769 2906 pari

1748 2928 2053 2993 propinasset
2072 2949 2117 2977 a.
2163 2927 2305 2976 Cous.
2335 2928 2478 2973 Vert.
2527 2926 2601 2970 111
2624 2959 2640 2984 ,
2688 2923 2769 2976 43.

1753 3008 1901 3070 Diog.
1920 3009 2079 3054 Laert.
2104 3009 2152 3063 Ι,
2185 3015 2281 3061 104
2298 3040 2312 3062 ‚
2345 3015 2395 3051 et
2415 3002 2704 3051 incusant».

1825 3087 1874 3133 6.
1914 3085 2039 3132 Sacis
2066 3084 2239 3133 calere.
2279 3085 2404 3132 Satis
2437 3081 2630 3128 accensi
2659 3079 2770 3126 vino

644 2922 835 2980 nando,
861 2933 911 2970 et
946 2926 1139 2988 quoties
1182 2928 1519 2985 nominantur,
1555 2943 1658 2973 me·

644 3016 751 3047 rum
770 3000 1008 3060 hibendo;
1034 3004 1110 3051 vel
1129 3016 1199 3052 est
1219 3007 1553 3070 capacioribus
1575 3023 1664 3070 po·

648 3079 771 3128 culis
793 3081 960 3131 bibere
972 3117 986 3140 ‚
1013 3081 1187 3150 ἀμυστὶ
1205 3083 1364 3133 πίνειν.

718 3162 770 3211 5.
786 3163 1012 3210 Poscunt-
1028 3165 1089 3210 Se
1106 3175 1399 3227 provocant,
1416 3172 1471 3209 ut
1488 3160 1551 3207 ad
1570 3161 1619 3208 h.
1630 3162 1665 3211 l.

645 3240 991 3306 interpretatur
1000 3244 1045 3290 N
1049 3243 1216 3300 onium
1233 3253 1317 3289 aut
1332 3241 1477 3289 etiam
1498 3241 1667 3288 vinum

648 3336 676 3366 a
700 3322 931 3383 pincerna
965 3321 1228 3382 majoribus
1254 3321 1446 3384 poculis
1471 3331 1661 3384 petunt.

648 3401 873 3448 Ceterum
897 3403 1098 3448 omnino
1127 3381 1418 3463 graecus’est
1455 3415 1569 3447 usus
1607 3416 1663 3447 ac

649 3477 853 3527 locutio.
929 3481 1088 3541 Qraeci
1151 3483 1279 3526 enim
1346 3479 1491 3527 initio
1548 3494 1666 3526 con·

648 3556 767 3602 vivii
821 3559 982 3619 parvis
1031 3559 1254 3622 poculis,
1282 3558 1336 3604 in
1378 3555 1475 3605 fine
1522 3574 1666 3617 vero,

649 3633 992 3697 grandioribus
1016 3636 1292 3683 utebantur.
1318 3638 1381 3683 Et
1409 3635 1535 3683 illud
1568 3648 1669 3684 erat

648 3714 848 3778 proprie
872 3711 953 3767 τὴν
983 3712 1173 3778 μιίζονα.
1207 3713 1379 3772 αἰτεῖν,
1429 3731 1580 3778 quum
1607 3715 1669 3763 ab

647 3793 792 3841 initio
819 3793 1138 3857 propinarent
1170 3791 1265 3840 ἴσον
1293 3790 1403 3859 ἴσῳ.
1432 3795 1513 3841 Sic
1539 3794 1671 3858 apud

653 3871 834 3920 Athen.
857 3872 1098 3936 Deipnos.
1127 3872 1206 3929 X,
1243 3872 1301 3927 8,
1345 3889 1373 3919 e
1409 3873 1560 3920 veteri
1587 3889 1671 3919 co-

650 3950 779 3999 mico
816 3951 919 3999 haec
962 3949 1190 4013 leguntur
1224 3963 1238 3997 ε
1274 3950 1344 3999 Οὐ
1377 3949 1669 4018 συμποσίαρ-

653 4046 733 4094 χος
773 4023 825 4084 ἦν
858 4025 984 4098 γὰρ,
1032 4024 1155 4077 ἀλλὰ
1189 4022 1359 4095 δήμιος
1398 4019 1439 4078 ὁ
1463 4029 1671 4097 Χαιρέας

653 4106 844 4166 κυάθους
884 4106 1118 4177 προπίνων
1167 4107 1333 4159 εἴκοσιν
1356 4146 1369 4170 ,
1410 4099 1510 4159 Ῐσον
1559 4109 1673 4179 ἴσῳ,
1695 4161 1713 4176 ‚

1753 3166 1982 3226 comites,
2006 3163 2070 3212 ad
2097 3164 2283 3211 facinus
2314 3159 2694 3224 suscipiendum.

1825 3261 1874 3304 7.
1916 3246 2101 3292 Ernest.
2145 3244 2276 3303 conj.
2324 3240 2556 3303 improbe.
2613 3239 2770 3287 Nimia

1754 3323 2033 3370 curiositate
2060 3321 2244 3385 aliquid
2270 3319 2546 3368 mutandi».
2571 3320 2602 3366 J
2608 3319 2692 3363 .V.
2716 3321 2767 3364 L.

1824 3403 1875 3450 8.
1907 3403 2120 3465 Negavit
2147 3401 2293 3447 moris
2325 3415 2440 3446 esse.
2477 3399 2558 3446 Sic
2585 3397 2769 3443 vitruv.

1754 3481 1853 3537 vl,
1879 3495 1940 3525 to
1959 3513 1975 3538 ‚
2006 3478 2066 3525 de
2090 3480 2373 3526 Graecorum
2399 3476 2586 3524 aedibna
2612 3489 2627 3523 :
2671 3496 2695 3516 ιι
2716 3479 2770 3524 ln

1753 3558 1829 3605 his
1863 3558 1980 3604 oecis
2015 3554 2142 3605 fiunt
2179 3558 2405 3607 convivia
2446 3555 2630 3612 virilia,
2675 3571 2770 3601 non

1755 3638 1884 3684 enim
1906 3637 2061 3686 suerat
2080 3639 2378 3699 institutum,
2400 3636 2770 3685 matresfamilias

1757 3732 1924 3763 eorum
1948 3717 2165 3764 moribus
2186 3717 2525 3765 accumbere».
2539 3718 2614 3765 cf.
2628 3717 2766 3763 Corn.

1759 3797 1885 3859 Nep.
1906 3797 2042 3860 praes.
2064 3806 2112 3843 et
2134 3797 2433 3844 Muret.Var.
2452 3796 2702 3846 LectNlI.
2722 3808 2767 3838 2.

1829 3891 1880 3937 9.
1899 3874 2166 3921 Ferendum
2186 3874 2280 3920 hoc
2298 3889 2394 3919 non
2415 3883 2498 3920 est.
2526 3871 2766 3918 Adnotam

1761 3957 1962 4002 Hotom.
1990 3966 2039 4002 et
2070 3952 2292 4002 Lambin.
2326 3952 2450 3998 hane
2485 3950 2765 3997 narrationis

1762 4047 1947 4098 partem
1993 4051 2051 4082 ex
2084 4031 2421 4081 Demosthenis
2465 4027 2574 4095 περὶ
2614 4033 2762 4094 ssepa.-

1764 4109 2012 4179 πρισῧείας
2040 4112 2264 4160 oratione
2289 4127 2390 4158 esse
2416 4125 2701 4173 expressam.
