<?xml version="1.0" encoding="UTF-8"?>
<!DOCTYPE html PUBLIC "-//W3C//DTD XHTML 1.0 Transitional//EN"
    "http://www.w3.org/TR/xhtml1/DTD/xhtml1-transitional.dtd">
<html xmlns="http://www.w3.org/1999/xhtml" xml:lang="en" lang="en">
 <head>
  <title>
</title>
<meta http-equiv="Content-Type" content="text/html;charset=utf-8" />
  <meta name='ocr-system' content='tesseract 3.04.00' />
  <meta name='ocr-capabilities' content='ocr_page ocr_carea ocr_par ocr_line ocrx_word'/>
</head>
<body>
  <div class='ocr_page' id='page_1' title='image "./mtciceronisquae09lemagoog/mtciceronisquae09lemagoog_0147.png"; bbox 0 0 3044 4788; ppageno 0'>
   <div class='ocr_carea' id='block_1_1' title="bbox 678 458 2346 531">
    <p class='ocr_par' dir='ltr' id='par_1_1' title="bbox 678 458 2346 531">
     <span class='ocr_line' id='line_1_1' title="bbox 678 458 2346 531; baseline 0.002 -4"><span class='ocrx_word' id='word_1_1' title='bbox 678 459 1067 527; x_wconf 89' lang='lat' dir='ltr'><strong>ORATIO</strong></span> <span class='ocrx_word' id='word_1_2' title='bbox 1114 460 1326 529; x_wconf 86' lang='lat' dir='ltr'><strong>PRO</strong></span> <span class='ocrx_word' id='word_1_3' title='bbox 1367 463 1434 529; x_wconf 89' lang='lat' dir='ltr'><strong>S.</strong></span> <span class='ocrx_word' id='word_1_4' title='bbox 1492 460 1896 529; x_wconf 87' lang='lat' dir='ltr'><strong>ROSCIO.</strong></span> <span class='ocrx_word' id='word_1_5' title='bbox 2219 458 2346 531; x_wconf 86' lang='lat'><strong>105</strong></span> 
     </span>
    </p>
   </div>
   <div class='ocr_carea' id='block_1_2' title="bbox 221 579 2376 3093">
    <p class='ocr_par' dir='ltr' id='par_1_2' title="bbox 221 579 2361 1334">
     <span class='ocr_line' id='line_1_2' title="bbox 223 579 2352 676; baseline -0.001 -23"><span class='ocrx_word' id='word_1_6' title='bbox 223 604 471 653; x_wconf 85' lang='lat' dir='ltr'><strong>senem</strong></span> <span class='ocrx_word' id='word_1_7' title='bbox 506 581 943 666; x_wconf 85' lang='lat' dir='ltr'><strong>Antistium,</strong></span> <span class='ocrx_word' id='word_1_8' title='bbox 987 599 1209 676; x_wconf 85' lang='lat' dir='ltr'><strong>quem</strong></span> <span class='ocrx_word' id='word_1_9' title='bbox 1251 606 1403 651; x_wconf 90' lang='lat' dir='ltr'><strong>non</strong></span> <span class='ocrx_word' id='word_1_10' title='bbox 1450 580 1674 653; x_wconf 91' lang='lat' dir='ltr'><strong>modo</strong></span> <span class='ocrx_word' id='word_1_11' title='bbox 1717 594 1919 669; x_wconf 78' lang='lat' dir='ltr'><strong>aeta&#39;S,</strong></span> <span class='ocrx_word' id='word_1_12' title='bbox 1967 579 2093 651; x_wconf 89' lang='lat' dir='ltr'><strong>sed</strong></span> <span class='ocrx_word' id='word_1_13' title='bbox 2139 582 2352 651; x_wconf 89' lang='lat' dir='ltr'><strong>etiam</strong></span> 
     </span>
     <span class='ocr_line' id='line_1_3' title="bbox 221 684 2357 788; baseline -0.002 -25"><span class='ocrx_word' id='word_1_14' title='bbox 221 684 449 787; x_wconf 82' lang='lat' dir='ltr'><strong>leges⁸</strong></span> <span class='ocrx_word' id='word_1_15' title='bbox 480 713 810 786; x_wconf 81' lang='lat' dir='ltr'><strong>pugnare</strong></span> <span class='ocrx_word' id='word_1_16' title='bbox 833 688 1342 788; x_wconf 83' lang='lat' dir='ltr'><strong>prohibebant.</strong></span> <span class='ocrx_word' id='word_1_17' title='bbox 1373 697 1528 763; x_wconf 85' lang='lat' dir='ltr'><strong>Jam</strong></span> <span class='ocrx_word' id='word_1_18' title='bbox 1550 745 1570 780; x_wconf 90' lang='lat'><strong>,</strong></span> <span class='ocrx_word' id='word_1_19' title='bbox 1593 715 1780 788; x_wconf 92' lang='lat' dir='ltr'><strong>quos</strong></span> <span class='ocrx_word' id='word_1_20' title='bbox 1813 715 2030 763; x_wconf 88' lang='lat' dir='ltr'><strong>nemo</strong></span> <span class='ocrx_word' id='word_1_21' title='bbox 2057 704 2357 788; x_wconf 90' lang='lat' dir='ltr'><strong>propter</strong></span> 
     </span>
     <span class='ocr_line' id='line_1_4' title="bbox 221 800 2360 898; baseline 0 -28"><span class='ocrx_word' id='word_1_22' title='bbox 221 800 758 898; x_wconf 84' lang='lat' dir='ltr'><strong>ignobilitatem</strong></span> <span class='ocrx_word' id='word_1_23' title='bbox 781 803 1131 888; x_wconf 89' lang='lat' dir='ltr'><strong>nominat,</strong></span> <span class='ocrx_word' id='word_1_24' title='bbox 1154 804 1470 872; x_wconf 85' lang='lat' dir='ltr'><strong>sexcenti</strong></span> <span class='ocrx_word' id='word_1_25' title='bbox 1491 816 1686 888; x_wconf 87' lang='lat' dir='ltr'><strong>sunt,</strong></span> <span class='ocrx_word' id='word_1_26' title='bbox 1706 803 1833 898; x_wconf 92' lang='lat' dir='ltr'><strong>qui</strong></span> <span class='ocrx_word' id='word_1_27' title='bbox 1852 803 2045 871; x_wconf 87' lang='lat' dir='ltr'><strong>inter</strong></span> <span class='ocrx_word' id='word_1_28' title='bbox 2063 803 2360 870; x_wconf 80' lang='lat' dir='ltr'><strong>sicarios</strong></span> 
     </span>
     <span class='ocr_line' id='line_1_5' title="bbox 222 907 2357 1007; baseline -0.002 -24"><span class='ocrx_word' id='word_1_29' title='bbox 222 925 297 983; x_wconf 92' lang='lat' dir='ltr'><strong>et</strong></span> <span class='ocrx_word' id='word_1_30' title='bbox 324 909 421 980; x_wconf 87' lang='lat' dir='ltr'><strong>de</strong></span> <span class='ocrx_word' id='word_1_31' title='bbox 462 908 836 981; x_wconf 75' lang='lat' dir='ltr'><strong>veneficiis</strong></span> <span class='ocrx_word' id='word_1_32' title='bbox 872 909 1309 981; x_wconf 78' lang='lat' dir='ltr'><strong>accusabant</strong></span> <span class='ocrx_word' id='word_1_33' title='bbox 1338 936 1353 978; x_wconf 75' lang='grc' dir='ltr'><strong><em>ε</em></strong></span> <span class='ocrx_word' id='word_1_34' title='bbox 1389 913 1518 1007; x_wconf 93' lang='lat' dir='ltr'><strong>qui</strong></span> <span class='ocrx_word' id='word_1_35' title='bbox 1551 934 1843 997; x_wconf 88' lang='lat' dir='ltr'><strong>omnes,</strong></span> <span class='ocrx_word' id='word_1_36' title='bbox 1882 907 2086 1006; x_wconf 93' lang='lat' dir='ltr'><strong>quod</strong></span> <span class='ocrx_word' id='word_1_37' title='bbox 2117 908 2209 979; x_wconf 91' lang='lat' dir='ltr'><strong>ad</strong></span> <span class='ocrx_word' id='word_1_38' title='bbox 2241 932 2357 979; x_wconf 91' lang='lat' dir='ltr'><strong>me</strong></span> 
     </span>
     <span class='ocr_line' id='line_1_6' title="bbox 221 1019 2356 1107; baseline -0.001 -17"><span class='ocrx_word' id='word_1_39' title='bbox 221 1021 528 1105; x_wconf 83' lang='lat' dir='ltr'><strong>attinet,</strong></span> <span class='ocrx_word' id='word_1_40' title='bbox 580 1019 837 1089; x_wconf 88' lang='lat' dir='ltr'><strong>vellem</strong></span> <span class='ocrx_word' id='word_1_41' title='bbox 874 1020 1219 1092; x_wconf 44' lang='lat' dir='ltr'><strong>viverent*</strong></span> <span class='ocrx_word' id='word_1_42' title='bbox 1258 1019 1458 1091; x_wconf 89' lang='lat' dir='ltr'><strong>Nihil</strong></span> <span class='ocrx_word' id='word_1_43' title='bbox 1491 1023 1691 1091; x_wconf 91' lang='lat' dir='ltr'><strong>enim</strong></span> <span class='ocrx_word' id='word_1_44' title='bbox 1742 1020 1910 1089; x_wconf 91' lang='lat' dir='ltr'><strong>mali</strong></span> <span class='ocrx_word' id='word_1_45' title='bbox 1956 1035 2099 1107; x_wconf 92' lang='lat' dir='ltr'><strong>est,</strong></span> <span class='ocrx_word' id='word_1_46' title='bbox 2143 1042 2356 1090; x_wconf 87' lang='lat' dir='ltr'><strong>canes</strong></span> 
     </span>
     <span class='ocr_line' id='line_1_7' title="bbox 223 1126 2361 1227; baseline -0 -28"><span class='ocrx_word' id='word_1_47' title='bbox 223 1127 327 1199; x_wconf 87' lang='lat' dir='ltr'><strong>ibi</strong></span> <span class='ocrx_word' id='word_1_48' title='bbox 381 1152 609 1226; x_wconf 87' lang='lat' dir='ltr'><strong>quam</strong></span> <span class='ocrx_word' id='word_1_49' title='bbox 663 1128 1015 1227; x_wconf 89' lang='lat' dir='ltr'><strong>plurimos</strong></span> <span class='ocrx_word' id='word_1_50' title='bbox 1069 1154 1221 1201; x_wconf 92' lang='lat' dir='ltr'><strong>esse</strong></span> <span class='ocrx_word' id='word_1_51' title='bbox 1243 1183 1263 1217; x_wconf 94' lang='lat'>‚</span> <span class='ocrx_word' id='word_1_52' title='bbox 1321 1128 1449 1200; x_wconf 89' lang='lat' dir='ltr'><strong>ubi</strong></span> <span class='ocrx_word' id='word_1_53' title='bbox 1500 1129 1841 1227; x_wconf 86' lang='lat' dir='ltr'><strong>permulti</strong></span> <span class='ocrx_word' id='word_1_54' title='bbox 1896 1126 2361 1224; x_wconf 74' lang='lat' dir='ltr'><strong>observandi,</strong></span> 
     </span>
     <span class='ocr_line' id='line_1_8' title="bbox 226 1236 1214 1334; baseline -0.001 -24"><span class='ocrx_word' id='word_1_55' title='bbox 226 1238 607 1334; x_wconf 85' lang='lat' dir='ltr'><strong>multaque</strong></span> <span class='ocrx_word' id='word_1_56' title='bbox 638 1236 988 1308; x_wconf 81' lang='lat' dir='ltr'><strong>servanda</strong></span> <span class='ocrx_word' id='word_1_57' title='bbox 1022 1254 1214 1319; x_wconf 84' lang='lat' dir='ltr'><strong>sunt.</strong></span> 
     </span>
    </p>

    <p class='ocr_par' dir='ltr' id='par_1_3' title="bbox 229 1344 2376 3093">
     <span class='ocr_line' id='line_1_9' title="bbox 320 1344 2365 1445; baseline -0.002 -25"><span class='ocrx_word' id='word_1_58' title='bbox 320 1353 598 1420; x_wconf 89' lang='lat' dir='ltr'><strong>Verum</strong></span> <span class='ocrx_word' id='word_1_59' title='bbox 617 1402 637 1437; x_wconf 90' lang='lat'><strong>,</strong></span> <span class='ocrx_word' id='word_1_60' title='bbox 671 1362 753 1418; x_wconf 90' lang='lat' dir='ltr'><strong>ut</strong></span> <span class='ocrx_word' id='word_1_61' title='bbox 783 1346 902 1434; x_wconf 87' lang='lat' dir='ltr'><strong>fit,</strong></span> <span class='ocrx_word' id='word_1_62' title='bbox 934 1348 1160 1419; x_wconf 85' lang='lat' dir='ltr'><strong>multa</strong></span> <span class='ocrx_word' id='word_1_63' title='bbox 1187 1372 1408 1445; x_wconf 82' lang='lat' dir='ltr'><strong>saepe,</strong></span> <span class='ocrx_word' id='word_1_64' title='bbox 1442 1344 2029 1445; x_wconf 78' lang='lat' dir='ltr'><strong>imprudentibus</strong></span> <span class='ocrx_word' id='word_1_65' title='bbox 2058 1349 2365 1443; x_wconf 89' lang='lat' dir='ltr'><strong>impera·</strong></span> 
     </span>
     <span class='ocr_line' id='line_1_10' title="bbox 230 1455 2365 1543; baseline -0.001 -16"><span class='ocrx_word' id='word_1_66' title='bbox 230 1456 514 1527; x_wconf 84' lang='lat' dir='ltr'><strong>toribus</strong></span> <span class='ocrx_word' id='word_1_67' title='bbox 540 1510 561 1543; x_wconf 94' lang='lat'><strong>,</strong></span> <span class='ocrx_word' id='word_1_68' title='bbox 590 1459 698 1526; x_wconf 82' lang='lat' dir='ltr'><strong>vis</strong></span> <span class='ocrx_word' id='word_1_69' title='bbox 726 1455 900 1527; x_wconf 89' lang='lat' dir='ltr'><strong>belli</strong></span> <span class='ocrx_word' id='word_1_70' title='bbox 933 1480 1017 1527; x_wconf 93' lang='lat' dir='ltr'><strong>ac</strong></span> <span class='ocrx_word' id='word_1_71' title='bbox 1043 1455 1256 1527; x_wconf 88' lang='lat' dir='ltr'><strong>turba</strong></span> <span class='ocrx_word' id='word_1_72' title='bbox 1292 1456 1611 1527; x_wconf 89' lang='lat' dir='ltr'><strong>molitur.</strong></span> <span class='ocrx_word' id='word_1_73' title='bbox 1652 1462 1847 1526; x_wconf 87' lang='lat' dir='ltr'><strong>Dum</strong></span> <span class='ocrx_word' id='word_1_74' title='bbox 1876 1459 1936 1524; x_wconf 91' lang='lat' dir='ltr'><strong>is</strong></span> <span class='ocrx_word' id='word_1_75' title='bbox 1967 1458 2041 1524; x_wconf 91' lang='lat' dir='ltr'><strong>in</strong></span> <span class='ocrx_word' id='word_1_76' title='bbox 2073 1456 2228 1526; x_wconf 90' lang='lat' dir='ltr'><strong>aliis</strong></span> <span class='ocrx_word' id='word_1_77' title='bbox 2257 1481 2365 1525; x_wconf 89' lang='lat' dir='ltr'><strong>re·</strong></span> 
     </span>
     <span class='ocr_line' id='line_1_11' title="bbox 229 1562 2364 1664; baseline 0 -30"><span class='ocrx_word' id='word_1_78' title='bbox 229 1564 375 1635; x_wconf 92' lang='lat' dir='ltr'><strong>bus</strong></span> <span class='ocrx_word' id='word_1_79' title='bbox 402 1581 558 1637; x_wconf 90' lang='lat' dir='ltr'><strong>erat</strong></span> <span class='ocrx_word' id='word_1_80' title='bbox 580 1582 996 1664; x_wconf 81' lang='lat' dir='ltr'><strong>occupatuS,</strong></span> <span class='ocrx_word' id='word_1_81' title='bbox 1022 1570 1148 1662; x_wconf 88' lang='lat' dir='ltr'><strong>qui</strong></span> <span class='ocrx_word' id='word_1_82' title='bbox 1165 1589 1518 1636; x_wconf 90' lang='lat' dir='ltr'><strong>summam</strong></span> <span class='ocrx_word' id='word_1_83' title='bbox 1535 1589 1778 1635; x_wconf 90' lang='lat' dir='ltr'><strong>rerum</strong></span> <span class='ocrx_word' id='word_1_84' title='bbox 1797 1562 2364 1652; x_wconf 83' lang='lat' dir='ltr'><strong>administrabat,</strong></span> 
     </span>
     <span class='ocr_line' id='line_1_12' title="bbox 236 1672 2363 1773; baseline -0 -28"><span class='ocrx_word' id='word_1_85' title='bbox 236 1689 451 1745; x_wconf 89' lang='lat' dir='ltr'><strong>erant</strong></span> <span class='ocrx_word' id='word_1_86' title='bbox 488 1678 787 1762; x_wconf 88' lang='lat' dir='ltr'><strong>interea,</strong></span> <span class='ocrx_word' id='word_1_87' title='bbox 810 1679 940 1773; x_wconf 91' lang='lat' dir='ltr'><strong>qui</strong></span> <span class='ocrx_word' id='word_1_88' title='bbox 984 1679 1133 1747; x_wconf 91' lang='lat' dir='ltr'><strong>suis</strong></span> <span class='ocrx_word' id='word_1_89' title='bbox 1159 1673 1631 1745; x_wconf 82' lang='lat' dir='ltr'><strong>vulneribus9</strong></span> <span class='ocrx_word' id='word_1_90' title='bbox 1661 1672 2166 1761; x_wconf 83' lang='lat' dir='ltr'><strong>mederentur3</strong></span> <span class='ocrx_word' id='word_1_91' title='bbox 2194 1677 2322 1771; x_wconf 91' lang='lat' dir='ltr'><strong>qui</strong></span> <span class='ocrx_word' id='word_1_92' title='bbox 2344 1728 2363 1760; x_wconf 92' lang='lat'><strong><em>‚</em></strong></span> 
     </span>
     <span class='ocr_line' id='line_1_13' title="bbox 241 1783 2367 1883; baseline -0.001 -28"><span class='ocrx_word' id='word_1_93' title='bbox 241 1799 609 1881; x_wconf 80' lang='lat' dir='ltr'><strong>tamquam</strong></span> <span class='ocrx_word' id='word_1_94' title='bbox 656 1788 714 1854; x_wconf 90' lang='lat' dir='ltr'><strong>si</strong></span> <span class='ocrx_word' id='word_1_95' title='bbox 766 1783 999 1856; x_wconf 85' lang='lat' dir='ltr'><strong>offusa</strong></span> <span class='ocrx_word' id='word_1_96' title='bbox 1048 1783 1462 1883; x_wconf 67' lang='lat' dir='ltr'><strong>reipublicae</strong></span> <span class='ocrx_word' id='word_1_97' title='bbox 1492 1786 1928 1880; x_wconf 89' lang='lat' dir='ltr'><strong>sempiterna</strong></span> <span class='ocrx_word' id='word_1_98' title='bbox 1964 1807 2110 1853; x_wconf 84' lang='lat' dir='ltr'><strong>nox</strong></span> <span class='ocrx_word' id='word_1_99' title='bbox 2141 1797 2367 1871; x_wconf 90' lang='lat' dir='ltr'><strong>esset,</strong></span> 
     </span>
     <span class='ocr_line' id='line_1_14' title="bbox 236 1891 2368 1992; baseline -0.001 -27"><span class='ocrx_word' id='word_1_100' title='bbox 236 1897 328 1966; x_wconf 91' lang='lat' dir='ltr'><strong>ita</strong></span> <span class='ocrx_word' id='word_1_101' title='bbox 350 1894 667 1966; x_wconf 87' lang='lat' dir='ltr'><strong>ruebant</strong></span> <span class='ocrx_word' id='word_1_102' title='bbox 692 1898 768 1965; x_wconf 93' lang='lat' dir='ltr'><strong>in</strong></span> <span class='ocrx_word' id='word_1_103' title='bbox 796 1894 1137 1983; x_wconf 88' lang='lat' dir='ltr'><strong>tenebris,</strong></span> <span class='ocrx_word' id='word_1_104' title='bbox 1155 1897 1547 1992; x_wconf 89' lang='lat' dir='ltr'><strong>omniaque</strong></span> <span class='ocrx_word' id='word_1_105' title='bbox 1570 1891 1970 1964; x_wconf 88' lang='lat' dir='ltr'><strong>miscebant</strong></span> <span class='ocrx_word' id='word_1_106' title='bbox 1994 1918 2011 1962; x_wconf 76' lang='lat' dir='ltr'><em>z</em></span> <span class='ocrx_word' id='word_1_107' title='bbox 2035 1917 2078 1963; x_wconf 88' lang='lat' dir='ltr'><strong>a</strong></span> <span class='ocrx_word' id='word_1_108' title='bbox 2097 1891 2368 1989; x_wconf 88' lang='lat' dir='ltr'><strong>quibus</strong></span> 
     </span>
     <span class='ocr_line' id='line_1_15' title="bbox 236 2002 2369 2103; baseline -0.002 -27"><span class='ocrx_word' id='word_1_109' title='bbox 236 2009 480 2091; x_wconf 85' lang='lat' dir='ltr'><strong>miror,</strong></span> <span class='ocrx_word' id='word_1_110' title='bbox 514 2031 608 2077; x_wconf 92' lang='lat' dir='ltr'><strong>ne</strong></span> <span class='ocrx_word' id='word_1_111' title='bbox 640 2005 842 2103; x_wconf 89' lang='lat' dir='ltr'><strong>quod</strong></span> <span class='ocrx_word' id='word_1_112' title='bbox 861 2005 1306 2102; x_wconf 87' lang='lat' dir='ltr'><strong>judiciorum</strong></span> <span class='ocrx_word' id='word_1_113' title='bbox 1340 2019 1527 2076; x_wconf 89' lang='lat' dir='ltr'><strong>esset</strong></span> <span class='ocrx_word' id='word_1_114' title='bbox 1562 2006 1946 2100; x_wconf 85' lang='lat' dir='ltr'><strong>vestigium</strong></span> <span class='ocrx_word' id='word_1_115' title='bbox 1966 2057 1984 2090; x_wconf 86' lang='lat'><strong>,</strong></span> <span class='ocrx_word' id='word_1_116' title='bbox 2013 2027 2163 2073; x_wconf 90' lang='lat' dir='ltr'><strong>non</strong></span> <span class='ocrx_word' id='word_1_117' title='bbox 2197 2002 2369 2073; x_wconf 89' lang='lat' dir='ltr'><strong>sub-</strong></span> 
     </span>
     <span class='ocr_line' id='line_1_16' title="bbox 235 2114 2370 2213; baseline -0.002 -26"><span class='ocrx_word' id='word_1_118' title='bbox 235 2117 427 2187; x_wconf 86' lang='lat' dir='ltr'><strong>sellia</strong></span> <span class='ocrx_word' id='word_1_119' title='bbox 466 2141 769 2213; x_wconf 91' lang='lat' dir='ltr'><strong>quoque</strong></span> <span class='ocrx_word' id='word_1_120' title='bbox 809 2141 962 2187; x_wconf 91' lang='lat' dir='ltr'><strong>esse</strong></span> <span class='ocrx_word' id='word_1_121' title='bbox 1000 2114 1418 2201; x_wconf 81' lang='lat' dir='ltr'><strong>combusta3</strong></span> <span class='ocrx_word' id='word_1_122' title='bbox 1474 2138 1643 2184; x_wconf 87' lang='lat' dir='ltr'><strong>nam</strong></span> <span class='ocrx_word' id='word_1_123' title='bbox 1691 2128 1765 2185; x_wconf 87' lang='lat' dir='ltr'><strong>et</strong></span> <span class='ocrx_word' id='word_1_124' title='bbox 1809 2123 2260 2184; x_wconf 86' lang='lat' dir='ltr'><strong>accusatores</strong></span> <span class='ocrx_word' id='word_1_125' title='bbox 2296 2126 2370 2183; x_wconf 86' lang='lat' dir='ltr'><strong>et</strong></span> 
     </span>
     <span class='ocr_line' id='line_1_17' title="bbox 230 2222 2366 2320; baseline -0.001 -25"><span class='ocrx_word' id='word_1_126' title='bbox 230 2223 513 2319; x_wconf 82' lang='lat' dir='ltr'><strong>judices</strong></span> <span class='ocrx_word' id='word_1_127' title='bbox 540 2225 1013 2297; x_wconf 82' lang='lat' dir='ltr'><strong>sustulerunt.</strong></span> <span class='ocrx_word' id='word_1_128' title='bbox 1059 2230 1215 2295; x_wconf 92' lang='lat' dir='ltr'><strong>Hoc</strong></span> <span class='ocrx_word' id='word_1_129' title='bbox 1243 2222 1608 2294; x_wconf 87' lang='lat' dir='ltr'><strong>commodi</strong></span> <span class='ocrx_word' id='word_1_130' title='bbox 1638 2237 1784 2311; x_wconf 86' lang='lat' dir='ltr'><strong>est,</strong></span> <span class='ocrx_word' id='word_1_131' title='bbox 1811 2222 2011 2320; x_wconf 88' lang='lat' dir='ltr'><strong>quod</strong></span> <span class='ocrx_word' id='word_1_132' title='bbox 2042 2227 2138 2293; x_wconf 88' lang='lat' dir='ltr'><strong>ita</strong></span> <span class='ocrx_word' id='word_1_133' title='bbox 2168 2226 2366 2293; x_wconf 82' lang='lat' dir='ltr'><strong>vixe-</strong></span> 
     </span>
     <span class='ocr_line' id='line_1_18' title="bbox 239 2332 2368 2433; baseline -0.001 -26"><span class='ocrx_word' id='word_1_134' title='bbox 239 2350 445 2424; x_wconf 87' lang='lat' dir='ltr'><strong>runt,</strong></span> <span class='ocrx_word' id='word_1_135' title='bbox 495 2350 585 2407; x_wconf 90' lang='lat' dir='ltr'><strong>ut</strong></span> <span class='ocrx_word' id='word_1_136' title='bbox 628 2349 843 2408; x_wconf 86' lang='lat' dir='ltr'><strong>testes</strong></span> <span class='ocrx_word' id='word_1_137' title='bbox 886 2360 1175 2423; x_wconf 81' lang='lat' dir='ltr'><strong>omneS,</strong></span> <span class='ocrx_word' id='word_1_138' title='bbox 1231 2337 1292 2406; x_wconf 88' lang='lat' dir='ltr'><strong>si</strong></span> <span class='ocrx_word' id='word_1_139' title='bbox 1328 2349 1718 2433; x_wconf 87' lang='lat' dir='ltr'><strong>cuperent,</strong></span> <span class='ocrx_word' id='word_1_140' title='bbox 1753 2332 2164 2406; x_wconf 87' lang='lat' dir='ltr'><strong>interficere</strong></span> <span class='ocrx_word' id='word_1_141' title='bbox 2215 2360 2368 2405; x_wconf 91' lang='lat' dir='ltr'><strong>non</strong></span> 
     </span>
     <span class='ocr_line' id='line_1_19' title="bbox 236 2446 2370 2548; baseline -0.001 -31"><span class='ocrx_word' id='word_1_142' title='bbox 236 2460 537 2543; x_wconf 86' lang='lat' dir='ltr'><strong>possent</strong></span> <span class='ocrx_word' id='word_1_143' title='bbox 565 2472 583 2513; x_wconf 75' lang='grc' dir='ltr'><strong><em>ε</em></strong></span> <span class='ocrx_word' id='word_1_144' title='bbox 618 2469 785 2548; x_wconf 88' lang='lat' dir='ltr'><strong>nam</strong></span> <span class='ocrx_word' id='word_1_145' title='bbox 803 2500 823 2535; x_wconf 91' lang='lat'><strong>,</strong></span> <span class='ocrx_word' id='word_1_146' title='bbox 850 2446 1026 2517; x_wconf 88' lang='lat' dir='ltr'><strong>dum</strong></span> <span class='ocrx_word' id='word_1_147' title='bbox 1054 2446 1436 2516; x_wconf 87' lang='lat' dir='ltr'><strong>hominum</strong></span> <span class='ocrx_word' id='word_1_148' title='bbox 1466 2470 1694 2542; x_wconf 87' lang='lat' dir='ltr'><strong>genus</strong></span> <span class='ocrx_word' id='word_1_149' title='bbox 1724 2448 1896 2532; x_wconf 89' lang='lat' dir='ltr'><strong>erit,</strong></span> <span class='ocrx_word' id='word_1_150' title='bbox 1925 2448 2051 2542; x_wconf 85' lang='lat' dir='ltr'><strong>qui</strong></span> <span class='ocrx_word' id='word_1_151' title='bbox 2080 2459 2370 2516; x_wconf 88' lang='lat' dir='ltr'><strong>accuset</strong></span> 
     </span>
     <span class='ocr_line' id='line_1_20' title="bbox 240 2552 2370 2651; baseline 0 -28"><span class='ocrx_word' id='word_1_152' title='bbox 240 2578 388 2643; x_wconf 78' lang='lat' dir='ltr'><strong>eoS,</strong></span> <span class='ocrx_word' id='word_1_153' title='bbox 410 2578 566 2624; x_wconf 91' lang='lat' dir='ltr'><strong>non</strong></span> <span class='ocrx_word' id='word_1_154' title='bbox 600 2553 1062 2642; x_wconf 79' lang='lat' dir='ltr'><strong>deerit3dum</strong></span> <span class='ocrx_word' id='word_1_155' title='bbox 1090 2557 1337 2626; x_wconf 86' lang='lat' dir='ltr'><strong>civitas</strong></span> <span class='ocrx_word' id='word_1_156' title='bbox 1367 2558 1527 2642; x_wconf 91' lang='lat' dir='ltr'><strong>erit,</strong></span> <span class='ocrx_word' id='word_1_157' title='bbox 1546 2552 1820 2651; x_wconf 87' lang='lat' dir='ltr'><strong>judicia</strong></span> <span class='ocrx_word' id='word_1_158' title='bbox 1842 2552 2040 2624; x_wconf 91' lang='lat' dir='ltr'><strong>fient.</strong></span> <span class='ocrx_word' id='word_1_159' title='bbox 2072 2559 2370 2642; x_wconf 87' lang='lat' dir='ltr'><strong>Verum,</strong></span> 
     </span>
     <span class='ocr_line' id='line_1_21' title="bbox 243 2662 2372 2760; baseline 0.001 -28"><span class='ocrx_word' id='word_1_160' title='bbox 243 2678 325 2733; x_wconf 88' lang='lat' dir='ltr'><strong>ut</strong></span> <span class='ocrx_word' id='word_1_161' title='bbox 370 2665 562 2760; x_wconf 90' lang='lat' dir='ltr'><strong>coepi</strong></span> <span class='ocrx_word' id='word_1_162' title='bbox 598 2662 875 2751; x_wconf 88' lang='lat' dir='ltr'><strong>dicere,</strong></span> <span class='ocrx_word' id='word_1_163' title='bbox 921 2679 994 2734; x_wconf 92' lang='lat' dir='ltr'><strong>et</strong></span> <span class='ocrx_word' id='word_1_164' title='bbox 1018 2667 1360 2752; x_wconf 80' lang='lat' dir='ltr'><strong>EruciuS,</strong></span> <span class='ocrx_word' id='word_1_165' title='bbox 1409 2664 1562 2734; x_wconf 85' lang='lat' dir='ltr'><strong>haec</strong></span> <span class='ocrx_word' id='word_1_166' title='bbox 1587 2667 1645 2734; x_wconf 95' lang='lat' dir='ltr'><strong>si</strong></span> <span class='ocrx_word' id='word_1_167' title='bbox 1679 2663 1981 2734; x_wconf 88' lang='lat' dir='ltr'><strong>haberet</strong></span> <span class='ocrx_word' id='word_1_168' title='bbox 2012 2666 2088 2733; x_wconf 93' lang='lat' dir='ltr'><strong>in</strong></span> <span class='ocrx_word' id='word_1_169' title='bbox 2123 2686 2372 2752; x_wconf 90' lang='lat' dir='ltr'><strong>causa,</strong></span> 
     </span>
     <span class='ocr_line' id='line_1_22' title="bbox 245 2771 2373 2872; baseline 0.001 -30"><span class='ocrx_word' id='word_1_170' title='bbox 245 2796 405 2868; x_wconf 81' lang='lat' dir='ltr'><strong>quae</strong></span> <span class='ocrx_word' id='word_1_171' title='bbox 440 2777 1041 2861; x_wconf 88' lang='lat' dir='ltr'><strong>commemoravi,</strong></span> <span class='ocrx_word' id='word_1_172' title='bbox 1073 2789 1318 2872; x_wconf 89' lang='lat' dir='ltr'><strong>posset</strong></span> <span class='ocrx_word' id='word_1_173' title='bbox 1344 2798 1426 2845; x_wconf 93' lang='lat' dir='ltr'><strong>ea</strong></span> <span class='ocrx_word' id='word_1_174' title='bbox 1448 2777 1777 2872; x_wconf 88' lang='lat' dir='ltr'><strong>quamvis</strong></span> <span class='ocrx_word' id='word_1_175' title='bbox 1810 2772 1939 2843; x_wconf 91' lang='lat' dir='ltr'><strong>diu</strong></span> <span class='ocrx_word' id='word_1_176' title='bbox 1964 2771 2204 2843; x_wconf 89' lang='lat' dir='ltr'><strong>dicere</strong></span> <span class='ocrx_word' id='word_1_177' title='bbox 2231 2799 2250 2860; x_wconf 83' lang='lat'><em>3</em></span> <span class='ocrx_word' id='word_1_178' title='bbox 2299 2788 2373 2844; x_wconf 91' lang='lat' dir='ltr'><strong>et</strong></span> 
     </span>
     <span class='ocr_line' id='line_1_23' title="bbox 246 2875 2373 2981; baseline 0 -27"><span class='ocrx_word' id='word_1_179' title='bbox 246 2905 378 2978; x_wconf 85' lang='lat' dir='ltr'><strong>ego</strong></span> <span class='ocrx_word' id='word_1_180' title='bbox 400 2937 420 2970; x_wconf 92' lang='lat'><strong>,</strong></span> <span class='ocrx_word' id='word_1_181' title='bbox 442 2883 766 2979; x_wconf 80' lang='lat' dir='ltr'><strong>judiceS,</strong></span> <span class='ocrx_word' id='word_1_182' title='bbox 799 2875 1096 2981; x_wconf 84' lang='lat' dir='ltr'><strong>possum</strong></span> <span class='ocrx_word' id='word_1_183' title='bbox 1124 2911 1139 2953; x_wconf 72' lang='grc' dir='ltr'><strong><em>ε</em></strong></span> <span class='ocrx_word' id='word_1_184' title='bbox 1170 2884 1399 2956; x_wconf 91' lang='lat' dir='ltr'><strong>sedin</strong></span> <span class='ocrx_word' id='word_1_185' title='bbox 1433 2887 1679 2956; x_wconf 89' lang='lat' dir='ltr'><strong>animo</strong></span> <span class='ocrx_word' id='word_1_186' title='bbox 1715 2898 1857 2970; x_wconf 88' lang='lat' dir='ltr'><strong>est,</strong></span> <span class='ocrx_word' id='word_1_187' title='bbox 1898 2882 2373 2980; x_wconf 88' lang='lat' dir='ltr'><strong>quemadmo-</strong></span> 
     </span>
     <span class='ocr_line' id='line_1_24' title="bbox 247 2991 2376 3093; baseline 0.001 -30"><span class='ocrx_word' id='word_1_188' title='bbox 247 2991 425 3063; x_wconf 88' lang='lat' dir='ltr'><strong>dum</strong></span> <span class='ocrx_word' id='word_1_189' title='bbox 458 3010 628 3066; x_wconf 90' lang='lat' dir='ltr'><strong>ante</strong></span> <span class='ocrx_word' id='word_1_190' title='bbox 669 2994 856 3083; x_wconf 86' lang='lat' dir='ltr'><strong>dixi,</strong></span> <span class='ocrx_word' id='word_1_191' title='bbox 886 2996 1138 3068; x_wconf 88' lang='lat' dir='ltr'><strong>leviter</strong></span> <span class='ocrx_word' id='word_1_192' title='bbox 1170 2999 1471 3068; x_wconf 88' lang='lat' dir='ltr'><strong>transire</strong></span> <span class='ocrx_word' id='word_1_193' title='bbox 1497 3050 1517 3085; x_wconf 92' lang='lat'><strong>,</strong></span> <span class='ocrx_word' id='word_1_194' title='bbox 1561 3018 1646 3066; x_wconf 91' lang='lat' dir='ltr'><strong>ac</strong></span> <span class='ocrx_word' id='word_1_195' title='bbox 1678 2992 2185 3074; x_wconf 85' lang='lat' dir='ltr'><strong>tantummodo</strong></span> <span class='ocrx_word' id='word_1_196' title='bbox 2215 3019 2376 3093; x_wconf 90' lang='lat' dir='ltr'><strong>per·</strong></span> 
     </span>
    </p>
   </div>
   <div class='ocr_carea' id='block_1_3' title="bbox 245 3300 1273 4154">
    <p class='ocr_par' dir='ltr' id='par_1_4' title="bbox 245 3300 1268 4075">
     <span class='ocr_line' id='line_1_25' title="bbox 319 3300 1266 3365; baseline 0.001 -17"><span class='ocrx_word' id='word_1_197' title='bbox 319 3301 372 3348; x_wconf 77' lang='lat'><strong>8.</strong></span> <span class='ocrx_word' id='word_1_198' title='bbox 400 3300 563 3364; x_wconf 60' lang='lat' dir='ltr'><strong><em>lagu.</em></strong></span> <span class='ocrx_word' id='word_1_199' title='bbox 594 3300 752 3349; x_wconf 79' lang='lat' dir='ltr'><strong>anlae</strong></span> <span class='ocrx_word' id='word_1_200' title='bbox 787 3311 926 3349; x_wconf 75' lang='lat' dir='ltr'><strong>erant</strong></span> <span class='ocrx_word' id='word_1_201' title='bbox 960 3300 1122 3365; x_wconf 78' lang='lat' dir='ltr'><strong>leges,</strong></span> <span class='ocrx_word' id='word_1_202' title='bbox 1156 3316 1266 3364; x_wconf 72' lang='lat' dir='ltr'><strong>quae</strong></span> 
     </span>
     <span class='ocr_line' id='line_1_26' title="bbox 245 3379 1266 3443; baseline 0.001 -17"><span class='ocrx_word' id='word_1_203' title='bbox 245 3394 386 3426; x_wconf 74' lang='lat' dir='ltr'><strong>senes</strong></span> <span class='ocrx_word' id='word_1_204' title='bbox 420 3394 632 3443; x_wconf 74' lang='lat' dir='ltr'><strong>pugnare</strong></span> <span class='ocrx_word' id='word_1_205' title='bbox 665 3380 1015 3443; x_wconf 82' lang='lat' dir='ltr'><strong>prohiberent3</strong></span> <span class='ocrx_word' id='word_1_206' title='bbox 1051 3379 1139 3428; x_wconf 88' lang='lat' dir='ltr'><strong>sed</strong></span> <span class='ocrx_word' id='word_1_207' title='bbox 1163 3392 1266 3428; x_wconf 84' lang='lat' dir='ltr'><strong>tan·</strong></span> 
     </span>
     <span class='ocr_line' id='line_1_27' title="bbox 246 3459 1264 3522; baseline 0.003 -16"><span class='ocrx_word' id='word_1_208' title='bbox 246 3468 350 3506; x_wconf 75' lang='lat' dir='ltr'><strong>tun</strong></span> <span class='ocrx_word' id='word_1_209' title='bbox 380 3473 468 3506; x_wconf 73' lang='lat' dir='ltr'><strong>eos</strong></span> <span class='ocrx_word' id='word_1_210' title='bbox 508 3460 618 3522; x_wconf 79' lang='lat' dir='ltr'><strong>cogi</strong></span> <span class='ocrx_word' id='word_1_211' title='bbox 656 3459 721 3507; x_wconf 77' lang='lat' dir='ltr'><strong>ad</strong></span> <span class='ocrx_word' id='word_1_212' title='bbox 760 3461 981 3511; x_wconf 67' lang='lat' dir='ltr'><strong>militiam</strong></span> <span class='ocrx_word' id='word_1_213' title='bbox 1018 3459 1264 3509; x_wconf 69' lang='lat' dir='ltr'><strong>vetabant.</strong></span> 
     </span>
     <span class='ocr_line' id='line_1_28' title="bbox 247 3536 1267 3603; baseline 0.002 -19"><span class='ocrx_word' id='word_1_214' title='bbox 247 3536 473 3584; x_wconf 76' lang='lat' dir='ltr'><strong>Ceterum</strong></span> <span class='ocrx_word' id='word_1_215' title='bbox 508 3538 561 3585; x_wconf 84' lang='lat' dir='ltr'><strong>in</strong></span> <span class='ocrx_word' id='word_1_216' title='bbox 593 3539 812 3588; x_wconf 80' lang='lat' dir='ltr'><strong>Antistio</strong></span> <span class='ocrx_word' id='word_1_217' title='bbox 856 3538 1060 3603; x_wconf 80' lang='lat' dir='ltr'><strong>aliquod</strong></span> <span class='ocrx_word' id='word_1_218' title='bbox 1102 3540 1267 3587; x_wconf 79' lang='lat' dir='ltr'><strong>forsan</strong></span> 
     </span>
     <span class='ocr_line' id='line_1_29' title="bbox 247 3617 1268 3681; baseline 0 -17"><span class='ocrx_word' id='word_1_219' title='bbox 247 3627 443 3666; x_wconf 68' lang='lat' dir='ltr'><strong>notatur</strong></span> <span class='ocrx_word' id='word_1_220' title='bbox 478 3617 677 3675; x_wconf 81' lang='lat' dir='ltr'><strong>vitium,</strong></span> <span class='ocrx_word' id='word_1_221' title='bbox 715 3618 849 3681; x_wconf 89' lang='lat' dir='ltr'><strong>qnod</strong></span> <span class='ocrx_word' id='word_1_222' title='bbox 886 3631 995 3666; x_wconf 84' lang='lat' dir='ltr'><strong>enm</strong></span> <span class='ocrx_word' id='word_1_223' title='bbox 1032 3636 1060 3667; x_wconf 75' lang='lat' dir='ltr'><strong>a</strong></span> <span class='ocrx_word' id='word_1_224' title='bbox 1097 3618 1268 3666; x_wconf 81' lang='lat' dir='ltr'><strong>militia</strong></span> 
     </span>
     <span class='ocr_line' id='line_1_30' title="bbox 245 3694 1265 3761; baseline 0.006 -20"><span class='ocrx_word' id='word_1_225' title='bbox 245 3694 456 3744; x_wconf 70' lang='lat' dir='ltr'><strong>emebat.</strong></span> <span class='ocrx_word' id='word_1_226' title='bbox 472 3695 600 3743; x_wconf 82' lang='lat' dir='ltr'><strong>Vide</strong></span> <span class='ocrx_word' id='word_1_227' title='bbox 623 3696 758 3761; x_wconf 81' lang='lat' dir='ltr'><strong>Lips.</strong></span> <span class='ocrx_word' id='word_1_228' title='bbox 782 3698 843 3746; x_wconf 86' lang='lat' dir='ltr'><strong>de</strong></span> <span class='ocrx_word' id='word_1_229' title='bbox 858 3697 970 3746; x_wconf 80' lang='lat' dir='ltr'><strong>Mil.</strong></span> <span class='ocrx_word' id='word_1_230' title='bbox 985 3699 1128 3747; x_wconf 78' lang='lat' dir='ltr'><strong>Rom.</strong></span> <span class='ocrx_word' id='word_1_231' title='bbox 1150 3700 1194 3759; x_wconf 90' lang='lat'><strong>1,</strong></span> <span class='ocrx_word' id='word_1_232' title='bbox 1215 3705 1265 3753; x_wconf 72' lang='grc'><strong>4.</strong></span> 
     </span>
     <span class='ocr_line' id='line_1_31' title="bbox 245 3774 1267 3841; baseline 0.01 -21"><span class='ocrx_word' id='word_1_233' title='bbox 245 3774 345 3821; x_wconf 76' lang='lat' dir='ltr'><strong>Ant</strong></span> <span class='ocrx_word' id='word_1_234' title='bbox 382 3774 532 3822; x_wconf 70' lang='lat' dir='ltr'><strong>etism</strong></span> <span class='ocrx_word' id='word_1_235' title='bbox 573 3774 626 3823; x_wconf 83' lang='lat' dir='ltr'><strong>h.</strong></span> <span class='ocrx_word' id='word_1_236' title='bbox 666 3776 701 3823; x_wconf 91' lang='lat'><strong>1.</strong></span> <span class='ocrx_word' id='word_1_237' title='bbox 748 3775 813 3823; x_wconf 77' lang='lat' dir='ltr'><strong>sd</strong></span> <span class='ocrx_word' id='word_1_238' title='bbox 852 3775 1017 3841; x_wconf 74' lang='lat' dir='ltr'><strong>praelia</strong></span> <span class='ocrx_word' id='word_1_239' title='bbox 1058 3777 1267 3830; x_wconf 73' lang='lat' dir='ltr'><strong>forensia</strong></span> 
     </span>
     <span class='ocr_line' id='line_1_32' title="bbox 247 3853 1268 3920; baseline 0.005 -21"><span class='ocrx_word' id='word_1_240' title='bbox 247 3853 574 3917; x_wconf 67' lang='lat' dir='ltr'><strong>metaphorice</strong></span> <span class='ocrx_word' id='word_1_241' title='bbox 602 3855 837 3914; x_wconf 80' lang='lat' dir='ltr'><strong>refertur,</strong></span> <span class='ocrx_word' id='word_1_242' title='bbox 862 3871 891 3903; x_wconf 77' lang='lat' dir='ltr'><strong>s</strong></span> <span class='ocrx_word' id='word_1_243' title='bbox 929 3856 1106 3919; x_wconf 84' lang='lat' dir='ltr'><strong>quibus</strong></span> <span class='ocrx_word' id='word_1_244' title='bbox 1137 3857 1268 3920; x_wconf 82' lang='lat' dir='ltr'><strong>turpi</strong></span> 
     </span>
     <span class='ocr_line' id='line_1_33' title="bbox 249 3931 1266 3994; baseline 0.007 -17"><span class='ocrx_word' id='word_1_245' title='bbox 249 3942 325 3978; x_wconf 75' lang='lat' dir='ltr'><strong>ant</strong></span> <span class='ocrx_word' id='word_1_246' title='bbox 348 3931 614 3981; x_wconf 68' lang='lat' dir='ltr'><strong>ealumnioe</strong></span> <span class='ocrx_word' id='word_1_247' title='bbox 632 3932 821 3994; x_wconf 68' lang='lat' dir='ltr'><strong>judido</strong></span> <span class='ocrx_word' id='word_1_248' title='bbox 842 3934 1071 3983; x_wconf 75' lang='lat' dir='ltr'><strong>exclusus</strong></span> <span class='ocrx_word' id='word_1_249' title='bbox 1094 3935 1266 3984; x_wconf 81' lang='lat' dir='ltr'><strong>fuerat.</strong></span> 
     </span>
     <span class='ocr_line' id='line_1_34' title="bbox 252 4010 606 4075; baseline 0.011 -19"><span class='ocrx_word' id='word_1_250' title='bbox 252 4010 370 4058; x_wconf 77' lang='lat' dir='ltr'><strong>vide</strong></span> <span class='ocrx_word' id='word_1_251' title='bbox 386 4028 502 4075; x_wconf 79' lang='lat' dir='ltr'><strong>sup.</strong></span> <span class='ocrx_word' id='word_1_252' title='bbox 525 4026 606 4060; x_wconf 77' lang='lat' dir='ltr'><strong>ao.</strong></span> 
     </span>
    </p>

    <p class='ocr_par' dir='ltr' id='par_1_5' title="bbox 317 4089 1273 4154">
     <span class='ocr_line' id='line_1_35' title="bbox 317 4089 1273 4154; baseline 0.003 -16"><span class='ocrx_word' id='word_1_253' title='bbox 317 4106 372 4153; x_wconf 79' lang='lat'><strong>9.</strong></span> <span class='ocrx_word' id='word_1_254' title='bbox 413 4089 527 4137; x_wconf 73' lang='lat' dir='ltr'><strong>Suis</strong></span> <span class='ocrx_word' id='word_1_255' title='bbox 572 4089 871 4138; x_wconf 75' lang='lat' dir='ltr'><strong>vulneribus.</strong></span> <span class='ocrx_word' id='word_1_256' title='bbox 913 4093 1013 4154; x_wconf 88' lang='lat' dir='ltr'><strong>Qui</strong></span> <span class='ocrx_word' id='word_1_257' title='bbox 1053 4091 1273 4141; x_wconf 76' lang='lat' dir='ltr'><strong>homines</strong></span> 
     </span>
    </p>
   </div>
   <div class='ocr_carea' id='block_1_4' title="bbox 259 4168 1271 4235">
    <p class='ocr_par' dir='ltr' id='par_1_6' title="bbox 259 4168 1271 4235">
     <span class='ocr_line' id='line_1_36' title="bbox 259 4168 1271 4235; baseline 0.001 -15"><span class='ocrx_word' id='word_1_258' title='bbox 259 4168 552 4235; x_wconf 68' lang='lat' dir='ltr'><strong>opulentos,</strong></span> <span class='ocrx_word' id='word_1_259' title='bbox 601 4171 759 4235; x_wconf 79' lang='lat' dir='ltr'><strong>qualis</strong></span> <span class='ocrx_word' id='word_1_260' title='bbox 808 4183 910 4221; x_wconf 72' lang='lat' dir='ltr'><strong>erat</strong></span> <span class='ocrx_word' id='word_1_261' title='bbox 947 4174 998 4223; x_wconf 85' lang='lat' dir='ltr'><strong>S.</strong></span> <span class='ocrx_word' id='word_1_262' title='bbox 1041 4172 1271 4234; x_wconf 75' lang='lat' dir='ltr'><strong>Roscius,</strong></span> 
     </span>
    </p>
   </div>
   <div class='ocr_carea' id='block_1_5' title="bbox 1351 3298 2379 4235">
    <p class='ocr_par' dir='ltr' id='par_1_7' title="bbox 1351 3298 2379 4235">
     <span class='ocr_line' id='line_1_37' title="bbox 1351 3298 2373 3364; baseline 0 -16"><span class='ocrx_word' id='word_1_263' title='bbox 1351 3298 1623 3348; x_wconf 85' lang='lat' dir='ltr'><strong>occidendo</strong></span> <span class='ocrx_word' id='word_1_264' title='bbox 1646 3310 1696 3347; x_wconf 86' lang='lat' dir='ltr'><strong>et</strong></span> <span class='ocrx_word' id='word_1_265' title='bbox 1708 3298 1907 3346; x_wconf 83' lang='lat' dir='ltr'><strong>illorum</strong></span> <span class='ocrx_word' id='word_1_266' title='bbox 1923 3298 2054 3348; x_wconf 72' lang='lat' dir='ltr'><strong>bona</strong></span> <span class='ocrx_word' id='word_1_267' title='bbox 2072 3299 2373 3364; x_wconf 75' lang='lat' dir='ltr'><strong>invadendo,</strong></span> 
     </span>
     <span class='ocr_line' id='line_1_38' title="bbox 1352 3378 2372 3438; baseline 0.001 -11"><span class='ocrx_word' id='word_1_268' title='bbox 1352 3380 1451 3427; x_wconf 78' lang='lat' dir='ltr'><strong>suls</strong></span> <span class='ocrx_word' id='word_1_269' title='bbox 1486 3379 1558 3426; x_wconf 85' lang='lat' dir='ltr'><strong>rei</strong></span> <span class='ocrx_word' id='word_1_270' title='bbox 1603 3378 1848 3426; x_wconf 72' lang='lat' dir='ltr'><strong>familiaris</strong></span> <span class='ocrx_word' id='word_1_271' title='bbox 1883 3378 2163 3426; x_wconf 82' lang='lat' dir='ltr'><strong>vulneribus</strong></span> <span class='ocrx_word' id='word_1_272' title='bbox 2182 3413 2197 3438; x_wconf 92' lang='lat'>‚</span> <span class='ocrx_word' id='word_1_273' title='bbox 2247 3379 2298 3428; x_wconf 85' lang='lat' dir='ltr'><strong>h.</strong></span> <span class='ocrx_word' id='word_1_274' title='bbox 2328 3397 2372 3428; x_wconf 88' lang='lat' dir='ltr'><strong>e.</strong></span> 
     </span>
     <span class='ocr_line' id='line_1_39' title="bbox 1353 3458 2371 3522; baseline 0 -15"><span class='ocrx_word' id='word_1_275' title='bbox 1353 3459 1550 3522; x_wconf 71' lang='lat' dir='ltr'><strong>egestati</strong></span> <span class='ocrx_word' id='word_1_276' title='bbox 1574 3458 1896 3507; x_wconf 81' lang='lat' dir='ltr'><strong>mederentur.</strong></span> <span class='ocrx_word' id='word_1_277' title='bbox 1923 3458 2003 3506; x_wconf 81' lang='lat' dir='ltr'><strong>Sic</strong></span> <span class='ocrx_word' id='word_1_278' title='bbox 2024 3458 2184 3507; x_wconf 74' lang='lat' dir='ltr'><strong>Graev.</strong></span> <span class='ocrx_word' id='word_1_279' title='bbox 2203 3459 2371 3507; x_wconf 67' lang='lat' dir='ltr'><strong>Meum</strong></span> 
     </span>
     <span class='ocr_line' id='line_1_40' title="bbox 1354 3537 2377 3603; baseline 0 -17"><span class='ocrx_word' id='word_1_280' title='bbox 1354 3537 1567 3586; x_wconf 67' lang='lat' dir='ltr'><strong>Munatii</strong></span> <span class='ocrx_word' id='word_1_281' title='bbox 1592 3537 1874 3585; x_wconf 77' lang='lat' dir='ltr'><strong>sententiam</strong></span> <span class='ocrx_word' id='word_1_282' title='bbox 1898 3552 1912 3586; x_wconf 70' lang='grc' dir='ltr'><strong><em>ε</em></strong></span> <span class='ocrx_word' id='word_1_283' title='bbox 1943 3538 2030 3603; x_wconf 84' lang='lat' dir='ltr'><strong>qui</strong></span> <span class='ocrx_word' id='word_1_284' title='bbox 2057 3553 2226 3587; x_wconf 85' lang='lat' dir='ltr'><strong>omnes</strong></span> <span class='ocrx_word' id='word_1_285' title='bbox 2252 3538 2377 3587; x_wconf 85' lang='lat' dir='ltr'><strong>occi·</strong></span> 
     </span>
     <span class='ocr_line' id='line_1_41' title="bbox 1355 3612 2378 3682; baseline 0.001 -17"><span class='ocrx_word' id='word_1_286' title='bbox 1355 3615 1517 3667; x_wconf 83' lang='lat' dir='ltr'><strong>dendo</strong></span> <span class='ocrx_word' id='word_1_287' title='bbox 1546 3616 1882 3680; x_wconf 80' lang='lat' dir='ltr'><strong>providerent,</strong></span> <span class='ocrx_word' id='word_1_288' title='bbox 1907 3633 1970 3664; x_wconf 86' lang='lat' dir='ltr'><strong>ne</strong></span> <span class='ocrx_word' id='word_1_289' title='bbox 1992 3612 2104 3682; x_wconf 59' lang='lat' dir='ltr'><strong>quii</strong></span> <span class='ocrx_word' id='word_1_290' title='bbox 2123 3630 2293 3681; x_wconf 76' lang='lat' dir='ltr'><strong>postea</strong></span> <span class='ocrx_word' id='word_1_291' title='bbox 2311 3635 2378 3666; x_wconf 86' lang='lat' dir='ltr'><strong>es·</strong></span> 
     </span>
     <span class='ocr_line' id='line_1_42' title="bbox 1354 3695 2376 3760; baseline 0.001 -16"><span class='ocrx_word' id='word_1_292' title='bbox 1354 3708 1429 3744; x_wconf 84' lang='lat' dir='ltr'><strong>set</strong></span> <span class='ocrx_word' id='word_1_293' title='bbox 1460 3696 1547 3760; x_wconf 85' lang='lat' dir='ltr'><strong>qui</strong></span> <span class='ocrx_word' id='word_1_294' title='bbox 1587 3695 1649 3743; x_wconf 83' lang='lat' dir='ltr'><strong>de</strong></span> <span class='ocrx_word' id='word_1_295' title='bbox 1687 3696 1987 3759; x_wconf 77' lang='lat' dir='ltr'><strong>quotidianis</strong></span> <span class='ocrx_word' id='word_1_296' title='bbox 2019 3698 2119 3745; x_wconf 86' lang='lat' dir='ltr'><strong>suis</strong></span> <span class='ocrx_word' id='word_1_297' title='bbox 2157 3698 2376 3747; x_wconf 62' lang='lat' dir='ltr'><strong>cudibus</strong></span> 
     </span>
     <span class='ocr_line' id='line_1_43' title="bbox 1355 3778 2378 3838; baseline 0.001 -12"><span class='ocrx_word' id='word_1_298' title='bbox 1355 3793 1440 3826; x_wconf 84' lang='lat' dir='ltr'><strong>eos</strong></span> <span class='ocrx_word' id='word_1_299' title='bbox 1466 3788 1744 3835; x_wconf 77' lang='lat' dir='ltr'><strong>accusaret,</strong></span> <span class='ocrx_word' id='word_1_300' title='bbox 1778 3789 1864 3827; x_wconf 71' lang='lat' dir='ltr'><strong>ant</strong></span> <span class='ocrx_word' id='word_1_301' title='bbox 1885 3778 2150 3838; x_wconf 77' lang='lat' dir='ltr'><strong>judicaret3</strong></span> <span class='ocrx_word' id='word_1_302' title='bbox 2177 3782 2243 3827; x_wconf 76' lang='lat' dir='ltr'><strong>its</strong></span> <span class='ocrx_word' id='word_1_303' title='bbox 2271 3780 2378 3828; x_wconf 81' lang='lat' dir='ltr'><strong>fore</strong></span> 
     </span>
     <span class='ocr_line' id='line_1_44' title="bbox 1356 3858 2379 3921; baseline 0.005 -18"><span class='ocrx_word' id='word_1_304' title='bbox 1356 3868 1603 3921; x_wconf 75' lang='lat' dir='ltr'><strong>sperantes</strong></span> <span class='ocrx_word' id='word_1_305' title='bbox 1615 3891 1631 3916; x_wconf 94' lang='lat'><strong>,</strong></span> <span class='ocrx_word' id='word_1_306' title='bbox 1656 3865 1710 3904; x_wconf 85' lang='lat' dir='ltr'><strong>ut</strong></span> <span class='ocrx_word' id='word_1_307' title='bbox 1733 3858 1967 3907; x_wconf 83' lang='lat' dir='ltr'><strong>scelerum</strong></span> <span class='ocrx_word' id='word_1_308' title='bbox 1985 3859 2267 3907; x_wconf 79' lang='lat' dir='ltr'><strong>vulneribus</strong></span> <span class='ocrx_word' id='word_1_309' title='bbox 2284 3877 2379 3908; x_wconf 88' lang='lat' dir='ltr'><strong>me·</strong></span> 
     </span>
     <span class='ocr_line' id='line_1_45' title="bbox 1361 3935 2377 4002; baseline 0.003 -18"><span class='ocrx_word' id='word_1_310' title='bbox 1361 3935 1607 3997; x_wconf 66' lang='lat' dir='ltr'><strong>darentur,</strong></span> <span class='ocrx_word' id='word_1_311' title='bbox 1630 3935 1684 3984; x_wconf 85' lang='lat' dir='ltr'><strong>h.</strong></span> <span class='ocrx_word' id='word_1_312' title='bbox 1708 3953 1751 3985; x_wconf 87' lang='lat' dir='ltr'><strong>e.</strong></span> <span class='ocrx_word' id='word_1_313' title='bbox 1778 3953 1946 4000; x_wconf 75' lang='lat' dir='ltr'><strong>poenas</strong></span> <span class='ocrx_word' id='word_1_314' title='bbox 1971 3937 2258 4002; x_wconf 74' lang='lat' dir='ltr'><strong>effugerent.</strong></span> <span class='ocrx_word' id='word_1_315' title='bbox 2287 3941 2377 3987; x_wconf 77' lang='lat' dir='ltr'><strong>liis</strong></span> 
     </span>
     <span class='ocr_line' id='line_1_46' title="bbox 1359 4014 2376 4080; baseline 0.004 -18"><span class='ocrx_word' id='word_1_316' title='bbox 1359 4014 1521 4062; x_wconf 81' lang='lat' dir='ltr'><strong>verbis</strong></span> <span class='ocrx_word' id='word_1_317' title='bbox 1564 4016 1937 4080; x_wconf 77' lang='lat' dir='ltr'><strong>Chrysogonum</strong></span> <span class='ocrx_word' id='word_1_318' title='bbox 1983 4028 2031 4065; x_wconf 84' lang='lat' dir='ltr'><strong>et</strong></span> <span class='ocrx_word' id='word_1_319' title='bbox 2073 4019 2131 4066; x_wconf 88' lang='grc' dir='ltr'><strong>Τ.</strong></span> <span class='ocrx_word' id='word_1_320' title='bbox 2168 4020 2376 4067; x_wconf 80' lang='lat' dir='ltr'><strong>Roscios</strong></span> 
     </span>
     <span class='ocr_line' id='line_1_47' title="bbox 1356 4095 2377 4162; baseline 0.002 -20"><span class='ocrx_word' id='word_1_321' title='bbox 1356 4095 1465 4150; x_wconf 51' lang='lat' dir='ltr'><strong>¹vult</strong></span> <span class='ocrx_word' id='word_1_322' title='bbox 1490 4096 1716 4160; x_wconf 77' lang='lat' dir='ltr'><strong>intelligi.</strong></span> <span class='ocrx_word' id='word_1_323' title='bbox 1740 4097 1796 4143; x_wconf 86' lang='lat' dir='ltr'><strong>In</strong></span> <span class='ocrx_word' id='word_1_324' title='bbox 1817 4096 1943 4144; x_wconf 76' lang='lat' dir='ltr'><strong>hanc</strong></span> <span class='ocrx_word' id='word_1_325' title='bbox 1962 4113 2162 4162; x_wconf 85' lang='lat' dir='ltr'><strong>quoqne</strong></span> <span class='ocrx_word' id='word_1_326' title='bbox 2183 4109 2377 4147; x_wconf 84' lang='lat' dir='ltr'><strong>senten·</strong></span> 
     </span>
     <span class='ocr_line' id='line_1_48' title="bbox 1362 4174 2037 4235; baseline 0.001 -11"><span class='ocrx_word' id='word_1_327' title='bbox 1362 4174 1476 4224; x_wconf 69' lang='lat' dir='ltr'><strong>fiam</strong></span> <span class='ocrx_word' id='word_1_328' title='bbox 1507 4176 1713 4224; x_wconf 76' lang='lat' dir='ltr'><strong>Hotom-</strong></span> <span class='ocrx_word' id='word_1_329' title='bbox 1743 4185 1791 4222; x_wconf 82' lang='lat' dir='ltr'><strong>et</strong></span> <span class='ocrx_word' id='word_1_330' title='bbox 1816 4175 2037 4235; x_wconf 74' lang='lat' dir='ltr'><strong>Desjard.</strong></span> 
     </span>
    </p>
   </div>
  </div>
 </body>
</html>
