3044 4788
654 425 791 511 482
1041 375 1051 390 ⁹
1296 422 1391 486 M.
1442 420 1518 484 T.
1576 415 2140 485 CICERONIS

753 550 899 615 LX.
952 545 1091 612 Tot
1142 554 1483 638 praetores
1525 541 1598 607 in
1645 536 1884 607 Sicilia
1932 533 2264 619 fuerunt3
2319 533 2532 604 toties
2607 531 2822 630 apud

656 655 964 750 majores
995 664 1281 720 nostros
1326 646 1548 717 Siculi
1594 660 1924 718 senatum
1968 645 2347 729 adierunt3
2387 646 2626 714 toties
2678 643 2819 713 hac

654 762 1001 834 memoria
1031 786 1045 827 :
1084 774 1327 830 tamen
1362 756 1660 850 hujusce
1687 756 1858 826 novi
1892 755 2232 853 postulati
2263 778 2491 851 genus
2515 765 2535 796 ¹
2578 770 2819 850 atque

657 871 1098 970 principium
1141 881 1266 937 tua
1309 881 1621 962 praetura
1659 864 1916 936 attulit.
1976 864 2173 956 Quid
2213 866 2406 935 enim
2450 879 2610 935 tam
2673 889 2816 934 no·

660 1006 829 1053 vum
848 1034 867 1068 ,
895 1004 1042 1049 non
1079 976 1312 1048 solum
1336 1001 1449 1064 re,
1479 975 1603 1047 sed
1632 1001 1895 1073 genere
1932 978 2089 1073 ipso
2116 973 2587 1074 postulandi?
2616 978 2810 1045 Nam

659 1106 929 1173 cetera,
961 1110 1122 1183 quae
1151 1087 1421 1156 suntin
1464 1084 1719 1157 iisdem
1754 1086 2137 1184 postulatis
2174 1084 2263 1155 de
2295 1084 2586 1179 injuriis
2625 1085 2813 1166 τοῖς,

658 1213 826 1271 sunt
873 1222 1100 1282 nova,
1146 1195 1273 1267 sed
1325 1210 1568 1267 tamen
1613 1222 1763 1268 non
1810 1221 2004 1267 novo
2047 1194 2266 1266 modo
2310 1194 2814 1292 postulantur.

660 1320 941 1407 Rogant
989 1323 1062 1378 et
1113 1320 1322 1378 orant
1368 1305 1587 1377 Siculi
1626 1322 1862 1405 patres
1903 1309 2389 1403 conscriptos,
2441 1319 2529 1375 ut
2568 1306 2813 1375 nostri

662 1422 1116 1518 magistratus
1149 1416 1449 1515 posthac
1485 1417 1823 1489 decumas
1858 1416 2014 1515 lege
2040 1418 2421 1487 Hieronica
2452 1414 2812 1486 vendant.

662 1537 770 1602 Tu
803 1532 1082 1629 primus
1118 1543 1374 1600 contra
1414 1526 1839 1599 vendideras
1871 1553 1888 1597 ε
1927 1527 2210 1598 audi02.
2245 1529 2353 1597 Ne
2375 1581 2394 1612 ,
2428 1527 2509 1595 in
2547 1527 2816 1598 cellam

665 1641 868 1740 quod
906 1641 1327 1739 imperatur,
1356 1639 1728 1710 aestiment.
1765 1643 1919 1708 Hoc
1961 1662 2258 1734 quoque
2290 1651 2600 1734 propter
2647 1651 2819 1707 tuos

666 1768 912 1823 ternos
940 1745 1314 1822 denarios—³⁸
1341 1773 1539 1820 nunc
1576 1749 1892 1845 primum
1921 1748 2369 1846 postulatur:
2406 1746 2538 1818 sed
2574 1770 2818 1843 genus

667 1859 861 1932 istud
907 1856 1322 1958 postulandi
1359 1882 1509 1927 non
1550 1873 1659 1929 est
1694 1882 1986 1928 novum.
2027 1862 2136 1930 Ne
2173 1856 2488 1928 absentis
2531 1882 2822 1927 nomen

668 1972 1058 2068 recipiatur
1104 1996 1119 2038 z
1170 1992 1259 2038 ex
1307 1967 1586 2039 Sthenii
1643 1966 2041 2039 calamitate
2094 1982 2167 2039 et
2219 1981 2342 2038 tua
2386 1980 2648 2036 natum
2711 1980 2820 2037 est

668 2082 949 2176 injuria.
996 2082 1251 2150 Cetera
1288 2104 1440 2149 non
1478 2078 1808 2176 colligam
1841 2104 1858 2149 ε
1903 2093 2074 2150 sunt
2115 2080 2359 2149 omnia
2394 2078 2818 2149 Siculorum

672 2188 1030 2286 postulata
1072 2186 1464 2281 ejusmodi,
1521 2205 1606 2259 ut
1649 2192 1946 2261 crimina
1985 2190 2284 2261 collecta
2325 2193 2402 2259 in
2454 2214 2698 2259 unum
2748 2202 2819 2257 te

668 2322 873 2369 reum
903 2319 1055 2368 esse
1077 2296 1490 2385 videantur3
1520 2324 1684 2394 quae
1711 2313 1954 2375 tamen
1983 2300 2227 2370 omnia
2251 2323 2474 2369 novas
2507 2299 2818 2393 injurias

671 2406 985 2490 habent,
1043 2405 1167 2478 sed
1221 2408 1796 2505 postulationum
1836 2409 2180 2481 formulas
2229 2414 2524 2481 usitatas
2541 2411 2596 2478 ⁴.
2663 2414 2818 2478 Hoc

670 2517 1115 2620 postulatum
1151 2515 1243 2588 de
1280 2519 1532 2591 statuis
1567 2518 1949 2590 ridiculum
1983 2542 2138 2589 esse
2178 2518 2505 2589 videatur
2542 2519 2650 2605 ei,
2689 2519 2819 2614 qui

673 2654 829 2699 rem
867 2630 1447 2724 sententiamque
1483 2653 1634 2698 non
1670 2629 2053 2726 perspiciat
2067 2625 2116 2697 ⁵.
2164 2629 2536 2700 Postulant
2581 2629 2818 2708 enim,

674 2763 826 2810 non
849 2793 867 2823 ‚
904 2739 1013 2809 uti
1061 2762 1154 2808 ne
1191 2753 1543 2834 cogantur
1576 2751 1889 2809 statuere
1926 2766 1940 2808 ε
1988 2738 2165 2835 quid
2198 2739 2462 2836 igitur?
2508 2753 2598 2809 ut
2639 2739 2818 2836 ipsis

678 2873 768 2918 ne
812 2847 1043 2917 liceat.
1109 2847 1304 2936 Quid
1361 2863 1470 2918 est
1514 2847 1701 2919 hoc?
1745 2845 1982 2946 petis⁶
2019 2873 2062 2920 a
2105 2874 2265 2935 me,
2317 2848 2515 2945 quod
2564 2850 2644 2918 in
2698 2864 2821 2919 tua

674 2969 1030 3054 potestate
1070 2970 1211 3043 est,
1269 2971 1351 3027 ut
1386 2956 1462 3028 id
1501 2956 1634 3028 tibi
1669 2955 1904 3028 facere
1949 2983 2105 3028 non
2153 2958 2414 3029 liceat?
2462 2973 2634 3056 pete
2683 2982 2817 3055 po·

674 3070 840 3151 ῑίιιε,
872 3090 964 3136 ne
987 3069 1149 3161 quis
1176 3079 1248 3136 te
1273 3067 1581 3138 invitum
1602 3066 1925 3165 polliceri
1945 3083 2069 3139 aut
2094 3066 2326 3139 facere
2360 3081 2589 3163 cogat.
2618 3067 2816 3138 Nihil

748 3336 857 3385 Lx,
892 3350 936 3382 1.
967 3333 1142 3380 Genus.
1171 3331 1360 3397 ‘Nempe
1386 3332 1527 3396 quod
1565 3333 1703 3381 inau-
1794 3333 2057 3391 ladonam,
2092 3349 2254 3397 neque
2280 3333 2414 3382 eliud
2432 3333 2705 3397 quidquam
2727 3334 2821 3381 sint

679 3416 810 3463 ditus
838 3410 1229 3477 ille‘postulandi
1263 3411 1464 3472 modus,
1491 3427 1593 3459 non
1610 3446 1624 3469 ‚
1649 3422 1705 3460 ut
1793 3413 1888 3460 nisi
1905 3414 2284 3461 criminationes.

681 3511 744 3541 ne
765 3504 1004 3556 cogentur
1025 3502 1208 3539 statuas
1234 3490 1506 3550 collocare,
1538 3490 1622 3538 sed
1652 3502 1705 3539 ut
1868 3495 1913 3541 5.
1936 3493 2164 3540 Priscian.
2185 3508 2297 3557 pag.
2315 3507 2337 3540 1
2352 3501 2472 3552 ¹47·
2496 3494 2818 3558 «respiciat».

680 3572 799 3636 ipsis
824 3586 925 3617 non
951 3570 1121 3618 licent:
1152 3579 1206 3616 ut
1242 3569 1367 3616 infre
1395 3569 1706 3617 disertissime
1794 3575 1844 3621 J.
1864 3574 1924 3620 V.
1952 3575 2006 3621 L.
2060 3625 2066 3630 ,

683 3649 894 3713 explicat
916 3658 1095 3694 orator.
1867 3652 1917 3698 6.
1963 3648 2104 3701 Petis.
2146 3651 2282 3714 Quid
2326 3662 2379 3699 tu
2399 3687 2414 3709 ,
2455 3651 2651 3711 Sicule,
2682 3667 2709 3697 a
2747 3669 2824 3698 me

683 3748 686 3752 ’
754 3743 804 3774 2.
844 3724 1032 3790 lAudio.
1080 3726 1226 3772 Nunc
1270 3725 1492 3790 intelligo
1525 3742 1538 3773 t
1585 3719 1709 3776 illud
1796 3729 2043 3794 postulas,
2070 3741 2126 3778 ut
2154 3742 2201 3778 te
2223 3731 2305 3778 lex
2331 3731 2485 3778 facere
2518 3731 2824 3794 vetet,quod

684 3813 786 3855 non
817 3805 969 3852 miror
1005 3804 1319 3866 postulatum.
1797 3827 1824 3857 a
1856 3821 1905 3858 te
1925 3826 2026 3857 uno
2045 3809 2225 3873 pendet
2242 3845 2256 3866 ‚
2280 3820 2372 3859 etc.
2402 3809 2499 3857 Sed
2527 3810 2620 3858 hac
2642 3811 2825 3858 ratione

756 3889 805 3933 3.
850 3885 976 3930 Tuos
1010 3892 1171 3928 ternos
1210 3882 1459 3932 denarios.
1492 3887 1632 3946 Quos
1658 3886 1709 3933 in
1798 3888 1920 3935 nihil
1940 3889 2309 3952 profecerimus,
2328 3889 2593 3952 respondet
2610 3890 2825 3944 Sicula-3

687 3964 878 4014 modios
894 3961 1113 4025 singulos
1132 3962 1482 4024 exegisti.Vid.
1500 3965 1611 4011 Div.
1633 3981 1709 4013 xo.
1801 3984 1891 4014 nos
1925 3985 1950 4014 a
1990 3984 2039 4014 se
2070 3979 2267 4015 coactos
2293 3967 2541 4030 negabunt
2569 3982 2825 4031 ιιι-πίονα,

761 4054 807 4102 4.
851 4041 1103 4089 For-mulas
1155 4040 1379 4118 usitaltas.
1430 4044 1498 4090 Ut
1537 4054 1712 4106 praeter
1800 4063 1857 4093 ac
1876 4048 1915 4094 si
1936 4058 2124 4094 nostras
2148 4046 2363 4094 fortunas
2383 4046 2455 4093 vis
2472 4062 2684 4106 servare,
2705 4046 2826 4093 bane

688 4122 945 4174 formulam
971 4121 1093 4168 nihil
1129 4121 1285 4168 simile
1310 4119 1520 4171 habeant
1550 4133 1713 4186 postu·
1800 4126 1945 4173 nobis
1990 4126 2188 4190 impone
2236 4125 2569 4174 necessitatem
2613 4137 2699 4185 ut,
2730 4136 2823 4172 ete.
