3044 4788
513 363 646 458 178
1234 364 1801 434 Excnnsns
1851 367 1907 434 1.

504 493 659 558 lius:
693 523 720 548 «
740 493 820 556 In
841 490 1089 579 AEsopo
1118 514 1286 581 saepc
1319 495 1454 560 vidi
1482 511 1737 560 tantum
1769 493 2069 561 ardorem
2100 499 2401 564 vultuum
2434 517 2632 590 atque

502 615 804 664 motuum
824 647 843 682 ‚
885 614 960 663 ut
1000 621 1151 663 eum
1184 602 1280 665 vis
1313 602 1609 690 quaedam
1653 603 2036 669 abstraxisse
2075 628 2111 668 a
2155 629 2350 672 sensu
2390 611 2629 675 mentis

501 712 866 778 videretur»
883 758 902 796 ,
954 711 1037 777 de
1081 709 1360 776 Divinat.
1409 710 1441 772 I
1463 757 1482 790 ,
1529 687 1641 773 80?
1674 708 1763 771 Ut
1817 710 2054 774 Roscio
2091 709 2449 777 doctrinam
2473 761 2492 795 ,
2538 716 2632 779 sic

503 818 751 909 AEsopo
800 820 1175 910 gravitatem
1215 815 1446 881 tribuit
1486 815 1821 897 Horatius,
1878 816 1993 879 ubi
2041 839 2253 906 supra.
2291 821 2485 884 Hunc
2523 822 2631 885 Ci-

498 948 649 989 cero
682 941 749 989 et
787 948 982 989 suum
1018 941 1084 989 et
1116 922 1354 1007 Quinti
1384 921 1599 986 fratris
1632 922 1763 1004 sui,
1801 920 2177 987 familiarem
2227 926 2501 1014 appellat
2547 925 2632 991 ad

495 1029 578 1112 Q.
613 1031 717 1093 Fr.
747 1031 949 1118 Epist.
970 1032 1035 1111 1,
1076 1051 1149 1112 2,
1192 1032 1256 1107 4.
1314 1027 1507 1092 Istius
1546 1025 1986 1091 familiaritatis
2029 1029 2327 1095 meminit
2370 1032 2628 1096 Macro-

493 1136 643 1200 bius
684 1136 799 1200 ubi
837 1157 1068 1223 supra3
1121 1150 1189 1199 et
1226 1131 1442 1213 addit,
1486 1131 1810 1221 AEsopum
1862 1155 1941 1197 ex
1982 1132 2320 1199 histrionia
2356 1152 2628 1223 partum

493 1241 828 1312 ducenties
860 1241 1228 1309 sestertium
1246 1287 1264 1321 ,
1309 1238 1456 1328 gall.
1481 1242 1836 1322 4,roo,ooo
1858 1240 1939 1305 fr.
1966 1237 2098 1304 filio
2124 1263 2246 1305 suo
2274 1240 2623 1330 reliquisse.

1987 1345 2409 1412 Dnsunnncs.

2077 1569 2629 1591 mmm

492 1567 767 1590 mua-§m
777 1565 1425 1590 mmmmm
1432 1567 1798 1589 mmm

1010 1750 1916 1877 EXCURSUS
2004 1753 2130 1872 ΙΙ

781 2091 788 2092 7
887 1986 1026 2053 DE
1086 1986 1400 2055 NOTIS
1463 1985 2232 2057 NUMERALIBUS.

582 2332 780 2398 Nom:
829 2332 1193 2398 numerales
1237 2327 1686 2397 Romanorum
1742 2347 1928 2396 erant
1973 2330 2244 2394 omnino
2283 2327 2622 2411 undecim,

496 2462 773 2527 quarum
811 2439 1102 2527 quinque
1138 2455 1294 2503 sunt
1331 2438 1684 2527 simplices»,
1720 2460 1832 2502 sex
1864 2452 2018 2501 sunt
2058 2439 2457 2518 conjunctae:
2493 2459 2628 2501 om-

497 2568 644 2628 nes,
679 2546 878 2610 literae
915 2560 1099 2626 sunt,
1131 2567 1276 2632 quae
1303 2568 1383 2609 ex
1414 2528 1761 2608 hominum
1793 2544 2093 2608 instituto
2123 2544 2391 2633 singulae
2416 2566 2534 2632 per
2558 2565 2628 2606 se

496 2670 747 2718 certum
809 2674 1156 2716 numerum
1207 2668 1703 2741 repraesentant:
1749 2651 1864 2738 qui
1918 2670 2231 2715 numerus
2286 2672 2406 2738 pro
2455 2650 2628 2715 varia

496 2767 826 2832 literarum
857 2766 1028 2831 inter
1062 2782 1131 2824 se
1164 2758 1587 2823 collocatione
1618 2757 1717 2820 vel
1743 2756 1993 2837 crescit,
2019 2757 2123 2819 vel
2155 2755 2492 2820 minuitur.

592 2875 952 2940 Literarum
984 2865 1373 2955 simplicium
1410 2877 1695 2951 potestas
1718 2877 1785 2925 et
1810 2859 2047 2949 figura,
2096 2860 2233 2924 haec
2268 2874 2404 2942 est,

675 3017 707 3080 1
2325 3022 2350 3060 1

671 3120 732 3184 v
2320 3102 2356 3168 5

674 3228 741 3291 x
1399 3213 1567 3277 valet
2282 3231 2360 3273 ιο

678 3335 730 3398 L
2279 3311 2362 3378 50

681 3443 735 3505 C
1676 3418 1679 3421 ’
2245 3444 2267 3483 1
2281 3443 2366 3484 oo

596 3593 794 3680 Quod
829 3594 883 3660 si
931 3591 1101 3655 ultra
1136 3601 1401 3652 centum
1444 3574 1993 3671 progrediendum
2039 3575 2151 3657 sit,
2192 3575 2369 3640 hisce
2405 3576 2625 3666 figuris

505 3726 624 3794 pro
654 3698 902 3763 ratione
932 3714 1200 3760 summae
1228 3686 1621 3769 conjunctis,
1651 3705 1859 3771 usque
1891 3680 1973 3746 ad
2006 3702 2356 3745 numerum
2391 3679 2518 3745 500
2552 3679 2625 3744 fit

509 3801 889 3898 progressio.
932 3801 1021 3862 At
1059 3816 1335 3861 numero
1373 3791 1563 3873 huic,
1622 3804 1699 3852 ut
1731 3804 1797 3855 et
1826 3785 2222 3866 millenario,
2265 3800 2330 3848 et
2363 3784 2624 3872 reliquis

508 3914 809 3998 deinceps
832 3954 850 3989 ‚
904 3903 1055 3969 soloe
1086 3900 1450 3965 inserviunt
1491 3896 1854 3975 conjunctae
1891 3893 2035 3957 duoe
2069 3891 2321 3980 figurae,
2357 3891 2389 3953 I
2432 3906 2498 3954 et
2538 3892 2621 3970 C;

507 4025 595 4087 ita
625 4034 842 4083 tamen
882 4025 960 4075 ut
995 4007 1201 4098 figura
1248 4007 1299 4069 C
1330 4025 1584 4091 semper
1627 4001 1711 4066 ad
1754 3999 2022 4088 figuram
2067 3999 2099 4061 I
2149 3998 2231 4060 sit
2274 4018 2619 4061 conversa:

506 4147 573 4195 et
598 4151 679 4193 ex
700 4123 875 4189 illius
921 4114 1306 4205 repetitione
1339 4125 1584 4176 crescat
1615 4131 1926 4173 numerus
1971 4130 2008 4171 a
2044 4104 2284 4171 dextris
2322 4102 2584 4192 quidem
2602 4151 2620 4184 ,
