<?xml version="1.0" encoding="UTF-8"?>
<!DOCTYPE html PUBLIC "-//W3C//DTD XHTML 1.0 Transitional//EN"
    "http://www.w3.org/TR/xhtml1/DTD/xhtml1-transitional.dtd">
<html xmlns="http://www.w3.org/1999/xhtml" xml:lang="en" lang="en">
 <head>
  <title>
</title>
<meta http-equiv="Content-Type" content="text/html;charset=utf-8" />
  <meta name='ocr-system' content='tesseract 3.04.00' />
  <meta name='ocr-capabilities' content='ocr_page ocr_carea ocr_par ocr_line ocrx_word'/>
</head>
<body>
  <div class='ocr_page' id='page_1' title='image "./mtciceronisquae09lemagoog/mtciceronisquae09lemagoog_0627.png"; bbox 0 0 3044 4788; ppageno 0'>
   <div class='ocr_carea' id='block_1_1' title="bbox 696 414 2339 510">
    <p class='ocr_par' dir='ltr' id='par_1_1' title="bbox 696 414 2339 510">
     <span class='ocr_line' id='line_1_1' title="bbox 696 414 2339 510; baseline -0.002 -23"><span class='ocrx_word' id='word_1_1' title='bbox 696 422 825 488; x_wconf 92' lang='lat' dir='ltr'>DE</span> <span class='ocrx_word' id='word_1_2' title='bbox 873 419 1340 487; x_wconf 87' lang='lat' dir='ltr'>JUDICIIS</span> <span class='ocrx_word' id='word_1_3' title='bbox 1390 418 1875 485; x_wconf 84' lang='lat' dir='ltr'><strong>PUBLICIS.</strong></span> <span class='ocrx_word' id='word_1_4' title='bbox 2200 414 2339 510; x_wconf 83' lang='lat'>589</span> 
     </span>
    </p>
   </div>
   <div class='ocr_carea' id='block_1_2' title="bbox 158 537 2360 4201">
    <p class='ocr_par' dir='ltr' id='par_1_2' title="bbox 232 537 2344 1780">
     <span class='ocr_line' id='line_1_2' title="bbox 232 537 2338 628; baseline -0.003 -22"><span class='ocrx_word' id='word_1_5' title='bbox 232 559 359 622; x_wconf 82' lang='lat' dir='ltr'>est,</span> <span class='ocrx_word' id='word_1_6' title='bbox 400 563 578 628; x_wconf 75' lang='lat' dir='ltr'>«quo</span> <span class='ocrx_word' id='word_1_7' title='bbox 626 540 1028 605; x_wconf 79' lang='lat' dir='ltr'>commodior</span> <span class='ocrx_word' id='word_1_8' title='bbox 1077 563 1197 626; x_wconf 82' lang='lat' dir='ltr'>pax</span> <span class='ocrx_word' id='word_1_9' title='bbox 1245 539 1572 602; x_wconf 85' lang='lat' dir='ltr'>Antiocho</span> <span class='ocrx_word' id='word_1_10' title='bbox 1628 537 1910 617; x_wconf 89' lang='lat' dir='ltr'>daretur,</span> <span class='ocrx_word' id='word_1_11' title='bbox 1960 539 2170 624; x_wconf 87' lang='lat' dir='ltr'>ipsum</span> <span class='ocrx_word' id='word_1_12' title='bbox 2228 561 2338 601; x_wconf 81' lang='lat' dir='ltr'>sex</span> 
     </span>
     <span class='ocr_line' id='line_1_3' title="bbox 232 642 2340 733; baseline -0.001 -24"><span class='ocrx_word' id='word_1_13' title='bbox 232 647 429 710; x_wconf 89' lang='lat' dir='ltr'>millia</span> <span class='ocrx_word' id='word_1_14' title='bbox 472 645 691 733; x_wconf 91' lang='lat' dir='ltr'>pondo</span> <span class='ocrx_word' id='word_1_15' title='bbox 737 644 1414 732; x_wconf 46' lang='lat' dir='ltr'>aurisquadringenta</span> <span class='ocrx_word' id='word_1_16' title='bbox 1454 645 1779 733; x_wconf 85' lang='lat' dir='ltr'>octoginta</span> <span class='ocrx_word' id='word_1_17' title='bbox 1820 644 2067 732; x_wconf 75' lang='lat' dir='ltr'>argenti</span> <span class='ocrx_word' id='word_1_18' title='bbox 2113 643 2192 706; x_wconf 90' lang='lat' dir='ltr'>ab</span> <span class='ocrx_word' id='word_1_19' title='bbox 2228 642 2340 706; x_wconf 89' lang='lat' dir='ltr'>illo</span> 
     </span>
     <span class='ocr_line' id='line_1_4' title="bbox 232 747 2338 839; baseline -0.003 -24"><span class='ocrx_word' id='word_1_20' title='bbox 232 774 380 839; x_wconf 82' lang='lat' dir='ltr'>rege</span> <span class='ocrx_word' id='word_1_21' title='bbox 415 751 559 838; x_wconf 89' lang='lat' dir='ltr'>plus</span> <span class='ocrx_word' id='word_1_22' title='bbox 602 751 946 837; x_wconf 87' lang='lat' dir='ltr'>accepisse,</span> <span class='ocrx_word' id='word_1_23' title='bbox 976 772 1168 836; x_wconf 91' lang='lat' dir='ltr'>quam</span> <span class='ocrx_word' id='word_1_24' title='bbox 1207 750 1270 812; x_wconf 91' lang='lat' dir='ltr'>in</span> <span class='ocrx_word' id='word_1_25' title='bbox 1307 748 1599 811; x_wconf 82' lang='lat' dir='ltr'>aerarium</span> <span class='ocrx_word' id='word_1_26' title='bbox 1633 748 2012 812; x_wconf 79' lang='lat' dir='ltr'><strong>retulisset».</strong></span> <span class='ocrx_word' id='word_1_27' title='bbox 2052 747 2338 811; x_wconf 88' lang='lat' dir='ltr'>Petillio-</span> 
     </span>
     <span class='ocr_line' id='line_1_5' title="bbox 235 853 2338 942; baseline -0.001 -24"><span class='ocrx_word' id='word_1_28' title='bbox 235 879 409 936; x_wconf 90' lang='lat' dir='ltr'>rum,</span> <span class='ocrx_word' id='word_1_29' title='bbox 468 856 876 919; x_wconf 88' lang='lat' dir='ltr'>tribunorum</span> <span class='ocrx_word' id='word_1_30' title='bbox 922 855 1159 942; x_wconf 89' lang='lat' dir='ltr'>plebis,</span> <span class='ocrx_word' id='word_1_31' title='bbox 1212 854 1526 940; x_wconf 81' lang='lat' dir='ltr'>Scipionis</span> <span class='ocrx_word' id='word_1_32' title='bbox 1572 870 2043 935; x_wconf 83' lang='lat' dir='ltr'>accusatorum,</span> <span class='ocrx_word' id='word_1_33' title='bbox 2092 853 2338 941; x_wconf 85' lang='lat' dir='ltr'>rogatio</span> 
     </span>
     <span class='ocr_line' id='line_1_6' title="bbox 235 959 2341 1046; baseline -0.001 -22"><span class='ocrx_word' id='word_1_34' title='bbox 235 962 373 1024; x_wconf 87' lang='lat' dir='ltr'>talis</span> <span class='ocrx_word' id='word_1_35' title='bbox 406 962 527 1023; x_wconf 90' lang='lat' dir='ltr'>fuit</span> <span class='ocrx_word' id='word_1_36' title='bbox 569 985 584 1023; x_wconf 72' lang='grc' dir='ltr'><strong><em>ε</em></strong></span> <span class='ocrx_word' id='word_1_37' title='bbox 633 961 931 1040; x_wconf 79' lang='lat' dir='ltr'>«Velitis,</span> <span class='ocrx_word' id='word_1_38' title='bbox 962 959 1236 1041; x_wconf 83' lang='lat' dir='ltr'>jubeatis</span> <span class='ocrx_word' id='word_1_39' title='bbox 1285 974 1605 1046; x_wconf 72' lang='lat' dir='ltr'>quaeratur</span> <span class='ocrx_word' id='word_1_40' title='bbox 1637 982 1778 1046; x_wconf 83' lang='lat' dir='ltr'>quae</span> <span class='ocrx_word' id='word_1_41' title='bbox 1815 959 2086 1045; x_wconf 91' lang='lat' dir='ltr'>pecunia</span> <span class='ocrx_word' id='word_1_42' title='bbox 2124 974 2341 1045; x_wconf 88' lang='lat' dir='ltr'>capta,</span> 
     </span>
     <span class='ocr_line' id='line_1_7' title="bbox 232 1063 2340 1151; baseline -0.002 -22"><span class='ocrx_word' id='word_1_43' title='bbox 232 1066 472 1145; x_wconf 86' lang='lat' dir='ltr'>ablata,</span> <span class='ocrx_word' id='word_1_44' title='bbox 517 1082 732 1130; x_wconf 86' lang='lat' dir='ltr'>coacta</span> <span class='ocrx_word' id='word_1_45' title='bbox 763 1066 843 1128; x_wconf 91' lang='lat' dir='ltr'>ab</span> <span class='ocrx_word' id='word_1_46' title='bbox 881 1086 1029 1151; x_wconf 89' lang='lat' dir='ltr'>rege</span> <span class='ocrx_word' id='word_1_47' title='bbox 1065 1063 1383 1127; x_wconf 85' lang='lat' dir='ltr'>Antiocho</span> <span class='ocrx_word' id='word_1_48' title='bbox 1424 1080 1579 1126; x_wconf 77' lang='lat' dir='ltr'>est...</span> <span class='ocrx_word' id='word_1_49' title='bbox 1622 1066 1713 1126; x_wconf 89' lang='lat' dir='ltr'>uti</span> <span class='ocrx_word' id='word_1_50' title='bbox 1748 1063 1830 1126; x_wconf 89' lang='lat' dir='ltr'>de</span> <span class='ocrx_word' id='word_1_51' title='bbox 1866 1087 1940 1127; x_wconf 89' lang='lat' dir='ltr'>ea</span> <span class='ocrx_word' id='word_1_52' title='bbox 1977 1083 2046 1126; x_wconf 88' lang='lat' dir='ltr'>re</span> <span class='ocrx_word' id='word_1_53' title='bbox 2084 1064 2340 1128; x_wconf 81' lang='lat' dir='ltr'>Servius</span> 
     </span>
     <span class='ocr_line' id='line_1_8' title="bbox 234 1168 2339 1258; baseline -0.001 -24"><span class='ocrx_word' id='word_1_54' title='bbox 234 1172 553 1258; x_wconf 85' lang='lat' dir='ltr'>Sulpicius</span> <span class='ocrx_word' id='word_1_55' title='bbox 590 1187 826 1258; x_wconf 86' lang='lat' dir='ltr'>praetor</span> <span class='ocrx_word' id='word_1_56' title='bbox 871 1169 1157 1232; x_wconf 88' lang='lat' dir='ltr'>urbanus</span> <span class='ocrx_word' id='word_1_57' title='bbox 1196 1168 1273 1231; x_wconf 90' lang='lat' dir='ltr'>ad</span> <span class='ocrx_word' id='word_1_58' title='bbox 1307 1184 1602 1232; x_wconf 87' lang='lat' dir='ltr'>senatum</span> <span class='ocrx_word' id='word_1_59' title='bbox 1639 1168 1903 1249; x_wconf 82' lang='lat' dir='ltr'>referat,</span> <span class='ocrx_word' id='word_1_60' title='bbox 1959 1192 2152 1256; x_wconf 91' lang='lat' dir='ltr'>quem</span> <span class='ocrx_word' id='word_1_61' title='bbox 2199 1192 2339 1232; x_wconf 88' lang='lat' dir='ltr'>eam</span> 
     </span>
     <span class='ocr_line' id='line_1_9' title="bbox 232 1274 2338 1361; baseline -0 -21"><span class='ocrx_word' id='word_1_62' title='bbox 232 1299 368 1340; x_wconf 88' lang='lat' dir='ltr'>rem</span> <span class='ocrx_word' id='word_1_63' title='bbox 400 1276 552 1339; x_wconf 84' lang='lat' dir='ltr'>velit</span> <span class='ocrx_word' id='word_1_64' title='bbox 591 1292 849 1339; x_wconf 88' lang='lat' dir='ltr'>senatus</span> <span class='ocrx_word' id='word_1_65' title='bbox 884 1296 1166 1361; x_wconf 85' lang='lat' dir='ltr'>quaerere</span> <span class='ocrx_word' id='word_1_66' title='bbox 1210 1274 1287 1337; x_wconf 90' lang='lat' dir='ltr'>de</span> <span class='ocrx_word' id='word_1_67' title='bbox 1330 1275 1402 1337; x_wconf 87' lang='lat' dir='ltr'>iis</span> <span class='ocrx_word' id='word_1_68' title='bbox 1425 1322 1442 1353; x_wconf 89' lang='lat'>,</span> <span class='ocrx_word' id='word_1_69' title='bbox 1477 1274 1588 1360; x_wconf 92' lang='lat' dir='ltr'>qui</span> <span class='ocrx_word' id='word_1_70' title='bbox 1619 1289 1920 1361; x_wconf 83' lang='lat' dir='ltr'>praetores</span> <span class='ocrx_word' id='word_1_71' title='bbox 1955 1298 2131 1339; x_wconf 89' lang='lat' dir='ltr'>nunc</span> <span class='ocrx_word' id='word_1_72' title='bbox 2166 1293 2338 1339; x_wconf 85' lang='lat' dir='ltr'>sunt.</span> 
     </span>
     <span class='ocr_line' id='line_1_10' title="bbox 234 1378 2342 1466; baseline -0 -22"><span class='ocrx_word' id='word_1_73' title='bbox 234 1382 480 1445; x_wconf 86' lang='lat' dir='ltr'>Omnes</span> <span class='ocrx_word' id='word_1_74' title='bbox 499 1380 728 1459; x_wconf 91' lang='lat' dir='ltr'>tribus,</span> <span class='ocrx_word' id='word_1_75' title='bbox 753 1379 899 1442; x_wconf 91' lang='lat' dir='ltr'>UTI</span> <span class='ocrx_word' id='word_1_76' title='bbox 920 1378 1221 1460; x_wconf 83' lang='lat' dir='ltr'>ROGAS‚</span> <span class='ocrx_word' id='word_1_77' title='bbox 1237 1381 1590 1460; x_wconf 88' lang='lat' dir='ltr'>jusserunt.</span> <span class='ocrx_word' id='word_1_78' title='bbox 1613 1379 1788 1442; x_wconf 72' lang='lat' dir='ltr'>SerV.</span> <span class='ocrx_word' id='word_1_79' title='bbox 1804 1378 2084 1466; x_wconf 88' lang='lat' dir='ltr'>Sulpicio</span> <span class='ocrx_word' id='word_1_80' title='bbox 2109 1378 2342 1445; x_wconf 89' lang='lat' dir='ltr'>deinde</span> 
     </span>
     <span class='ocr_line' id='line_1_11' title="bbox 234 1481 2343 1572; baseline 0 -24"><span class='ocrx_word' id='word_1_81' title='bbox 234 1486 572 1564; x_wconf 77' lang='lat' dir='ltr'>referente,</span> <span class='ocrx_word' id='word_1_82' title='bbox 593 1506 785 1572; x_wconf 89' lang='lat' dir='ltr'>quem</span> <span class='ocrx_word' id='word_1_83' title='bbox 803 1532 821 1557; x_wconf 81' lang='lat'>‚</span> <span class='ocrx_word' id='word_1_84' title='bbox 854 1484 1187 1572; x_wconf 86' lang='lat' dir='ltr'>rogatione</span> <span class='ocrx_word' id='word_1_85' title='bbox 1211 1481 1481 1563; x_wconf 87' lang='lat' dir='ltr'>Petillia,</span> <span class='ocrx_word' id='word_1_86' title='bbox 1508 1505 1792 1570; x_wconf 83' lang='lat' dir='ltr'>quaerere</span> <span class='ocrx_word' id='word_1_87' title='bbox 1816 1482 2049 1546; x_wconf 87' lang='lat' dir='ltr'>vellent</span> <span class='ocrx_word' id='word_1_88' title='bbox 2064 1530 2081 1562; x_wconf 95' lang='lat'>,</span> <span class='ocrx_word' id='word_1_89' title='bbox 2113 1484 2194 1565; x_wconf 88' lang='lat' dir='ltr'>Q.</span> <span class='ocrx_word' id='word_1_90' title='bbox 2217 1487 2343 1548; x_wconf 88' lang='lat' dir='ltr'>Te-</span> 
     </span>
     <span class='ocr_line' id='line_1_12' title="bbox 238 1587 2344 1669; baseline -0 -17"><span class='ocrx_word' id='word_1_91' title='bbox 238 1590 518 1652; x_wconf 90' lang='lat' dir='ltr'>rentium</span> <span class='ocrx_word' id='word_1_92' title='bbox 550 1588 926 1652; x_wconf 84' lang='lat' dir='ltr'>Culleonem</span> <span class='ocrx_word' id='word_1_93' title='bbox 961 1588 1178 1651; x_wconf 87' lang='lat' dir='ltr'>Patres</span> <span class='ocrx_word' id='word_1_94' title='bbox 1213 1589 1565 1666; x_wconf 67' lang='lat' dir='ltr'>jusserunt.</span> <span class='ocrx_word' id='word_1_95' title='bbox 1591 1618 1614 1641; x_wconf 71' lang='lat'>¹·</span> <span class='ocrx_word' id='word_1_96' title='bbox 1660 1587 1793 1651; x_wconf 80' lang='lat' dir='ltr'>Liv.</span> <span class='ocrx_word' id='word_1_97' title='bbox 1827 1587 1936 1651; x_wconf 85' lang='lat' dir='ltr'>lib.</span> <span class='ocrx_word' id='word_1_98' title='bbox 1963 1588 2344 1669; x_wconf 85' lang='lat' dir='ltr'>XXXVIII,</span> 
     </span>
     <span class='ocr_line' id='line_1_13' title="bbox 237 1692 2093 1780; baseline 0.001 -25"><span class='ocrx_word' id='word_1_99' title='bbox 237 1716 379 1780; x_wconf 87' lang='lat' dir='ltr'>cap.</span> <span class='ocrx_word' id='word_1_100' title='bbox 415 1692 499 1770; x_wconf 80' lang='grc'>54</span> <span class='ocrx_word' id='word_1_101' title='bbox 527 1710 591 1757; x_wconf 91' lang='lat' dir='ltr'>et</span> <span class='ocrx_word' id='word_1_102' title='bbox 625 1692 728 1756; x_wconf 86' lang='lat'>55.</span> <span class='ocrx_word' id='word_1_103' title='bbox 2087 1712 2093 1715; x_wconf 72' lang='grc'>’</span> 
     </span>
    </p>

    <p class='ocr_par' dir='ltr' id='par_1_3' title="bbox 205 1781 2349 2614">
     <span class='ocr_line' id='line_1_14' title="bbox 327 1781 2343 1887; baseline -0.001 -24"><span class='ocrx_word' id='word_1_104' title='bbox 327 1800 478 1880; x_wconf 88' lang='lat' dir='ltr'>Quo</span> <span class='ocrx_word' id='word_1_105' title='bbox 507 1816 723 1863; x_wconf 90' lang='lat' dir='ltr'>autem</span> <span class='ocrx_word' id='word_1_106' title='bbox 751 1822 924 1862; x_wconf 89' lang='lat' dir='ltr'>anno</span> <span class='ocrx_word' id='word_1_107' title='bbox 947 1823 982 1862; x_wconf 85' lang='lat' dir='ltr'>a</span> <span class='ocrx_word' id='word_1_108' title='bbox 1014 1781 1283 1887; x_wconf 77' lang='lat' dir='ltr'>popuIO,</span> <span class='ocrx_word' id='word_1_109' title='bbox 1329 1799 1438 1886; x_wconf 90' lang='lat' dir='ltr'>qui</span> <span class='ocrx_word' id='word_1_110' title='bbox 1475 1795 1557 1861; x_wconf 90' lang='lat' dir='ltr'>de</span> <span class='ocrx_word' id='word_1_111' title='bbox 1590 1798 1726 1878; x_wconf 82' lang='lat' dir='ltr'>ejus</span> <span class='ocrx_word' id='word_1_112' title='bbox 1754 1798 2022 1861; x_wconf 86' lang='lat' dir='ltr'>crimine</span> <span class='ocrx_word' id='word_1_113' title='bbox 2053 1821 2184 1862; x_wconf 91' lang='lat' dir='ltr'>non</span> <span class='ocrx_word' id='word_1_114' title='bbox 2219 1799 2343 1861; x_wconf 61' lang='lat' dir='ltr'>ima-</span> 
     </span>
     <span class='ocr_line' id='line_1_15' title="bbox 235 1902 2344 1994; baseline -0 -27"><span class='ocrx_word' id='word_1_115' title='bbox 235 1905 467 1968; x_wconf 89' lang='lat' dir='ltr'>merito</span> <span class='ocrx_word' id='word_1_116' title='bbox 497 1905 958 1994; x_wconf 82' lang='lat' dir='ltr'>cognoscebat,</span> <span class='ocrx_word' id='word_1_117' title='bbox 986 1902 1067 1967; x_wconf 89' lang='lat' dir='ltr'>ad</span> <span class='ocrx_word' id='word_1_118' title='bbox 1098 1920 1333 1967; x_wconf 88' lang='lat' dir='ltr'>certam</span> <span class='ocrx_word' id='word_1_119' title='bbox 1362 1904 1780 1991; x_wconf 61' lang='lat' dir='ltr'>quaestionem</span> <span class='ocrx_word' id='word_1_120' title='bbox 1818 1905 2197 1992; x_wconf 83' lang='lat' dir='ltr'>pervenerit,</span> <span class='ocrx_word' id='word_1_121' title='bbox 2221 1902 2344 1966; x_wconf 89' lang='lat' dir='ltr'>du·</span> 
     </span>
     <span class='ocr_line' id='line_1_16' title="bbox 236 2006 2346 2097; baseline -0 -26"><span class='ocrx_word' id='word_1_122' title='bbox 236 2007 422 2071; x_wconf 89' lang='lat' dir='ltr'>bium</span> <span class='ocrx_word' id='word_1_123' title='bbox 453 2009 722 2072; x_wconf 88' lang='lat' dir='ltr'>omnino</span> <span class='ocrx_word' id='word_1_124' title='bbox 749 2023 882 2072; x_wconf 85' lang='lat' dir='ltr'>est:</span> <span class='ocrx_word' id='word_1_125' title='bbox 906 2006 1066 2071; x_wconf 89' lang='lat' dir='ltr'>illud</span> <span class='ocrx_word' id='word_1_126' title='bbox 1088 2024 1338 2072; x_wconf 88' lang='lat' dir='ltr'>tantum</span> <span class='ocrx_word' id='word_1_127' title='bbox 1364 2024 1647 2088; x_wconf 89' lang='lat' dir='ltr'>constat,</span> <span class='ocrx_word' id='word_1_128' title='bbox 1679 2008 1883 2071; x_wconf 89' lang='lat' dir='ltr'>multo</span> <span class='ocrx_word' id='word_1_129' title='bbox 1906 2008 2031 2072; x_wconf 92' lang='lat' dir='ltr'>hoc</span> <span class='ocrx_word' id='word_1_130' title='bbox 2057 2025 2346 2097; x_wconf 89' lang='lat' dir='ltr'>tempore</span> 
     </span>
     <span class='ocr_line' id='line_1_17' title="bbox 238 2114 2349 2197; baseline 0.002 -21"><span class='ocrx_word' id='word_1_131' title='bbox 238 2132 388 2178; x_wconf 91' lang='lat' dir='ltr'>ante</span> <span class='ocrx_word' id='word_1_132' title='bbox 417 2115 656 2179; x_wconf 83' lang='lat' dir='ltr'>Sullam</span> <span class='ocrx_word' id='word_1_133' title='bbox 690 2116 1029 2197; x_wconf 81' lang='lat' dir='ltr'>exstitisse,</span> <span class='ocrx_word' id='word_1_134' title='bbox 1053 2131 1117 2178; x_wconf 91' lang='lat' dir='ltr'>et</span> <span class='ocrx_word' id='word_1_135' title='bbox 1147 2115 1255 2178; x_wconf 91' lang='lat' dir='ltr'>illo</span> <span class='ocrx_word' id='word_1_136' title='bbox 1288 2132 1550 2179; x_wconf 90' lang='lat' dir='ltr'>mortuo</span> <span class='ocrx_word' id='word_1_137' title='bbox 1577 2114 1767 2178; x_wconf 89' lang='lat' dir='ltr'>latam</span> <span class='ocrx_word' id='word_1_138' title='bbox 1794 2114 2114 2180; x_wconf 88' lang='lat' dir='ltr'>Aufidiam</span> <span class='ocrx_word' id='word_1_139' title='bbox 2147 2116 2228 2180; x_wconf 86' lang='lat' dir='ltr'>de</span> <span class='ocrx_word' id='word_1_140' title='bbox 2258 2139 2349 2180; x_wconf 86' lang='lat' dir='ltr'>re·</span> 
     </span>
     <span class='ocr_line' id='line_1_18' title="bbox 238 2160 2347 2308; baseline 0.001 -28"><span class='ocrx_word' id='word_1_141' title='bbox 238 2192 438 2284; x_wconf 67' lang='lat' dir='ltr'>affluis</span> <span class='ocrx_word' id='word_1_142' title='bbox 473 2222 709 2308; x_wconf 85' lang='lat' dir='ltr'>legem,</span> <span class='ocrx_word' id='word_1_143' title='bbox 732 2243 873 2308; x_wconf 80' lang='lat' dir='ltr'>quae</span> <span class='ocrx_word' id='word_1_144' title='bbox 903 2220 984 2283; x_wconf 86' lang='lat' dir='ltr'>ad</span> <span class='ocrx_word' id='word_1_145' title='bbox 1007 2160 1146 2283; x_wconf 84' lang='lat' dir='ltr'>illos</span> <span class='ocrx_word' id='word_1_146' title='bbox 1179 2219 1538 2306; x_wconf 84' lang='lat' dir='ltr'>pertinebat</span> <span class='ocrx_word' id='word_1_147' title='bbox 1558 2269 1576 2301; x_wconf 88' lang='lat'>,</span> <span class='ocrx_word' id='word_1_148' title='bbox 1595 2221 1708 2307; x_wconf 89' lang='lat' dir='ltr'>qui</span> <span class='ocrx_word' id='word_1_149' title='bbox 1740 2220 2033 2283; x_wconf 87' lang='lat' dir='ltr'>nondum</span> <span class='ocrx_word' id='word_1_150' title='bbox 2058 2222 2347 2308; x_wconf 80' lang='lat' dir='ltr'>pecuniae</span> 
     </span>
     <span class='ocr_line' id='line_1_19' title="bbox 238 2324 2345 2414; baseline 0.002 -29"><span class='ocrx_word' id='word_1_151' title='bbox 238 2324 506 2411; x_wconf 81' lang='lat' dir='ltr'>publicae</span> <span class='ocrx_word' id='word_1_152' title='bbox 524 2326 838 2389; x_wconf 89' lang='lat' dir='ltr'>rationem</span> <span class='ocrx_word' id='word_1_153' title='bbox 861 2324 942 2389; x_wconf 87' lang='lat' dir='ltr'>ad</span> <span class='ocrx_word' id='word_1_154' title='bbox 963 2325 1253 2389; x_wconf 83' lang='lat' dir='ltr'>aerarium</span> <span class='ocrx_word' id='word_1_155' title='bbox 1276 2324 1645 2389; x_wconf 85' lang='lat' dir='ltr'>retulerant.</span> <span class='ocrx_word' id='word_1_156' title='bbox 1677 2326 1823 2408; x_wconf 87' lang='lat' dir='ltr'>Qua</span> <span class='ocrx_word' id='word_1_157' title='bbox 1844 2326 1983 2414; x_wconf 89' lang='lat' dir='ltr'>lege</span> <span class='ocrx_word' id='word_1_158' title='bbox 2006 2327 2345 2390; x_wconf 89' lang='lat' dir='ltr'>tenebatur</span> 
     </span>
     <span class='ocr_line' id='line_1_20' title="bbox 238 2431 2344 2519; baseline 0.001 -25"><span class='ocrx_word' id='word_1_159' title='bbox 238 2431 545 2511; x_wconf 86' lang='lat' dir='ltr'>Faustus,</span> <span class='ocrx_word' id='word_1_160' title='bbox 569 2432 756 2494; x_wconf 78' lang='lat' dir='ltr'>Sullae</span> <span class='ocrx_word' id='word_1_161' title='bbox 780 2431 980 2512; x_wconf 85' lang='lat' dir='ltr'>filius,</span> <span class='ocrx_word' id='word_1_162' title='bbox 1013 2432 1125 2518; x_wconf 91' lang='lat' dir='ltr'>qui</span> <span class='ocrx_word' id='word_1_163' title='bbox 1157 2432 1489 2519; x_wconf 89' lang='lat' dir='ltr'>pecuniam</span> <span class='ocrx_word' id='word_1_164' title='bbox 1522 2454 1648 2517; x_wconf 88' lang='lat' dir='ltr'>qua</span> <span class='ocrx_word' id='word_1_165' title='bbox 1675 2447 1853 2517; x_wconf 89' lang='lat' dir='ltr'>pater</span> <span class='ocrx_word' id='word_1_166' title='bbox 1878 2454 2082 2518; x_wconf 87' lang='lat' dir='ltr'>remp.</span> <span class='ocrx_word' id='word_1_167' title='bbox 2116 2433 2344 2519; x_wconf 88' lang='lat' dir='ltr'>spolia-</span> 
     </span>
     <span class='ocr_line' id='line_1_21' title="bbox 205 2535 1647 2620; baseline 0.001 -23"><span class='ocrx_word' id='word_1_168' title='bbox 205 2602 209 2608; x_wconf 55' lang='lat'>,</span> <span class='ocrx_word' id='word_1_169' title='bbox 238 2550 444 2614; x_wconf 83' lang='lat' dir='ltr'>verat,</span> <span class='ocrx_word' id='word_1_170' title='bbox 469 2535 536 2597; x_wconf 90' lang='lat' dir='ltr'>in</span> <span class='ocrx_word' id='word_1_171' title='bbox 573 2536 866 2599; x_wconf 88' lang='lat' dir='ltr'>manibus</span> <span class='ocrx_word' id='word_1_172' title='bbox 901 2537 1177 2599; x_wconf 86' lang='lat' dir='ltr'>habebat</span> <span class='ocrx_word' id='word_1_173' title='bbox 1209 2558 1280 2598; x_wconf 90' lang='lat' dir='ltr'>ac</span> <span class='ocrx_word' id='word_1_174' title='bbox 1313 2535 1647 2620; x_wconf 60' lang='lat' dir='ltr'>retinebam</span> 
     </span>
    </p>

    <p class='ocr_par' dir='ltr' id='par_1_4' title="bbox 241 2638 2348 3359">
     <span class='ocr_line' id='line_1_22' title="bbox 330 2638 2346 2726; baseline 0.001 -24"><span class='ocrx_word' id='word_1_175' title='bbox 330 2639 568 2702; x_wconf 81' lang='lat' dir='ltr'>Praeter</span> <span class='ocrx_word' id='word_1_176' title='bbox 614 2640 822 2718; x_wconf 86' lang='lat' dir='ltr'>illam,</span> <span class='ocrx_word' id='word_1_177' title='bbox 858 2640 1032 2702; x_wconf 88' lang='lat' dir='ltr'>nulla</span> <span class='ocrx_word' id='word_1_178' title='bbox 1078 2638 1157 2702; x_wconf 91' lang='lat' dir='ltr'>de</span> <span class='ocrx_word' id='word_1_179' title='bbox 1206 2638 1503 2726; x_wconf 82' lang='lat' dir='ltr'>peculatu</span> <span class='ocrx_word' id='word_1_180' title='bbox 1545 2640 1647 2702; x_wconf 81' lang='lat' dir='ltr'>lex</span> <span class='ocrx_word' id='word_1_181' title='bbox 1692 2656 1929 2719; x_wconf 84' lang='lat' dir='ltr'>exstat,</span> <span class='ocrx_word' id='word_1_182' title='bbox 1982 2641 2103 2703; x_wconf 90' lang='lat' dir='ltr'>nisi</span> <span class='ocrx_word' id='word_1_183' title='bbox 2144 2642 2175 2703; x_wconf 90' lang='lat' dir='ltr'>J</span> <span class='ocrx_word' id='word_1_184' title='bbox 2186 2642 2346 2723; x_wconf 78' lang='lat' dir='ltr'>uba,</span> 
     </span>
     <span class='ocr_line' id='line_1_23' title="bbox 241 2733 2347 2834; baseline 0.002 -27"><span class='ocrx_word' id='word_1_185' title='bbox 241 2767 432 2831; x_wconf 91' lang='lat' dir='ltr'>quam</span> <span class='ocrx_word' id='word_1_186' title='bbox 462 2744 610 2807; x_wconf 88' lang='lat' dir='ltr'>tulit</span> <span class='ocrx_word' id='word_1_187' title='bbox 640 2747 708 2808; x_wconf 93' lang='lat' dir='ltr'>C.</span> <span class='ocrx_word' id='word_1_188' title='bbox 736 2744 939 2807; x_wconf 87' lang='lat' dir='ltr'>Julius</span> <span class='ocrx_word' id='word_1_189' title='bbox 964 2733 1198 2826; x_wconf 80' lang='lat' dir='ltr'>Caesar3</span> <span class='ocrx_word' id='word_1_190' title='bbox 1233 2761 1298 2807; x_wconf 90' lang='lat' dir='ltr'>et</span> <span class='ocrx_word' id='word_1_191' title='bbox 1332 2767 1457 2831; x_wconf 91' lang='lat' dir='ltr'>qua</span> <span class='ocrx_word' id='word_1_192' title='bbox 1489 2743 1892 2831; x_wconf 87' lang='lat' dir='ltr'>peculatum,</span> <span class='ocrx_word' id='word_1_193' title='bbox 1916 2746 2347 2834; x_wconf 83' lang='lat' dir='ltr'>sacrilegium,</span> 
     </span>
     <span class='ocr_line' id='line_1_24' title="bbox 241 2849 2348 2938; baseline 0.002 -24"><span class='ocrx_word' id='word_1_194' title='bbox 241 2869 306 2914; x_wconf 90' lang='lat' dir='ltr'>et</span> <span class='ocrx_word' id='word_1_195' title='bbox 326 2849 611 2914; x_wconf 86' lang='lat' dir='ltr'>residuas</span> <span class='ocrx_word' id='word_1_196' title='bbox 637 2851 939 2938; x_wconf 81' lang='lat' dir='ltr'>pecunias</span> <span class='ocrx_word' id='word_1_197' title='bbox 971 2851 1341 2938; x_wconf 84' lang='lat' dir='ltr'>complexus</span> <span class='ocrx_word' id='word_1_198' title='bbox 1369 2865 1501 2914; x_wconf 89' lang='lat' dir='ltr'>est:</span> <span class='ocrx_word' id='word_1_199' title='bbox 1529 2851 1710 2936; x_wconf 86' lang='lat' dir='ltr'>quasi</span> <span class='ocrx_word' id='word_1_200' title='bbox 1729 2851 1935 2914; x_wconf 91' lang='lat' dir='ltr'>tribus</span> <span class='ocrx_word' id='word_1_201' title='bbox 1957 2851 2133 2915; x_wconf 87' lang='lat' dir='ltr'>hisce</span> <span class='ocrx_word' id='word_1_202' title='bbox 2156 2854 2348 2918; x_wconf 88' lang='lat' dir='ltr'>rebus</span> 
     </span>
     <span class='ocr_line' id='line_1_25' title="bbox 243 2953 2348 3048; baseline 0.003 -31"><span class='ocrx_word' id='word_1_203' title='bbox 243 2954 552 3019; x_wconf 86' lang='lat' dir='ltr'>damnum</span> <span class='ocrx_word' id='word_1_204' title='bbox 599 2956 945 3019; x_wconf 86' lang='lat' dir='ltr'>inferretur</span> <span class='ocrx_word' id='word_1_205' title='bbox 996 2955 1237 3018; x_wconf 73' lang='lat' dir='ltr'>aerarim</span> <span class='ocrx_word' id='word_1_206' title='bbox 1295 2955 1617 3042; x_wconf 88' lang='lat' dir='ltr'>Equidem</span> <span class='ocrx_word' id='word_1_207' title='bbox 1667 2953 1996 3041; x_wconf 85' lang='lat' dir='ltr'>peculatus</span> <span class='ocrx_word' id='word_1_208' title='bbox 2041 2959 2348 3048; x_wconf 87' lang='lat' dir='ltr'>sacrilegii</span> 
     </span>
     <span class='ocr_line' id='line_1_26' title="bbox 244 3059 2346 3153; baseline 0.001 -29"><span class='ocrx_word' id='word_1_209' title='bbox 244 3068 448 3148; x_wconf 85' lang='lat' dir='ltr'>genus</span> <span class='ocrx_word' id='word_1_210' title='bbox 479 3077 615 3124; x_wconf 78' lang='lat' dir='ltr'>estz</span> <span class='ocrx_word' id='word_1_211' title='bbox 659 3060 1065 3124; x_wconf 90' lang='lat' dir='ltr'>residuorum</span> <span class='ocrx_word' id='word_1_212' title='bbox 1100 3061 1340 3125; x_wconf 85' lang='lat' dir='ltr'>crimen</span> <span class='ocrx_word' id='word_1_213' title='bbox 1376 3059 1533 3123; x_wconf 90' lang='lat' dir='ltr'>illud</span> <span class='ocrx_word' id='word_1_214' title='bbox 1571 3075 1701 3140; x_wconf 89' lang='lat' dir='ltr'>est,</span> <span class='ocrx_word' id='word_1_215' title='bbox 1741 3083 1873 3147; x_wconf 88' lang='lat' dir='ltr'>quo</span> <span class='ocrx_word' id='word_1_216' title='bbox 1907 3065 2195 3148; x_wconf 83' lang='lat' dir='ltr'>pecunioe</span> <span class='ocrx_word' id='word_1_217' title='bbox 2226 3089 2346 3153; x_wconf 80' lang='lat' dir='ltr'>pu-</span> 
     </span>
     <span class='ocr_line' id='line_1_27' title="bbox 245 3165 2346 3255; baseline 0.002 -26"><span class='ocrx_word' id='word_1_218' title='bbox 245 3166 423 3231; x_wconf 81' lang='lat' dir='ltr'>hlicae</span> <span class='ocrx_word' id='word_1_219' title='bbox 455 3167 832 3248; x_wconf 84' lang='lat' dir='ltr'>retinentur,</span> <span class='ocrx_word' id='word_1_220' title='bbox 864 3190 1008 3254; x_wconf 80' lang='lat' dir='ltr'>quae</span> <span class='ocrx_word' id='word_1_221' title='bbox 1041 3165 1212 3255; x_wconf 88' lang='lat' dir='ltr'>apud</span> <span class='ocrx_word' id='word_1_222' title='bbox 1244 3166 1518 3253; x_wconf 86' lang='lat' dir='ltr'>aliquem</span> <span class='ocrx_word' id='word_1_223' title='bbox 1556 3188 1633 3229; x_wconf 86' lang='lat' dir='ltr'>ex</span> <span class='ocrx_word' id='word_1_224' title='bbox 1656 3165 2209 3235; x_wconf 82' lang='lat' dir='ltr'>administratione</span> <span class='ocrx_word' id='word_1_225' title='bbox 2245 3192 2346 3233; x_wconf 88' lang='lat' dir='ltr'>re-</span> 
     </span>
     <span class='ocr_line' id='line_1_28' title="bbox 244 3261 2047 3359; baseline 0.001 -27"><span class='ocrx_word' id='word_1_226' title='bbox 244 3269 480 3351; x_wconf 86' lang='lat' dir='ltr'>sident,</span> <span class='ocrx_word' id='word_1_227' title='bbox 517 3272 583 3334; x_wconf 87' lang='lat' dir='ltr'>in</span> <span class='ocrx_word' id='word_1_228' title='bbox 617 3271 948 3359; x_wconf 87' lang='lat' dir='ltr'>publicum</span> <span class='ocrx_word' id='word_1_229' title='bbox 981 3294 1112 3334; x_wconf 90' lang='lat' dir='ltr'>non</span> <span class='ocrx_word' id='word_1_230' title='bbox 1150 3272 1378 3334; x_wconf 82' lang='lat' dir='ltr'>relatae.</span> <span class='ocrx_word' id='word_1_231' title='bbox 2038 3261 2047 3298; x_wconf 81' lang='lat'>¹</span> 
     </span>
    </p>

    <p class='ocr_par' dir='ltr' id='par_1_5' title="bbox 242 3375 2353 3674">
     <span class='ocr_line' id='line_1_29' title="bbox 331 3375 2353 3464; baseline 0.001 -25"><span class='ocrx_word' id='word_1_232' title='bbox 331 3375 509 3440; x_wconf 82' lang='lat' dir='ltr'>Juliae</span> <span class='ocrx_word' id='word_1_233' title='bbox 554 3378 708 3464; x_wconf 86' lang='lat' dir='ltr'>legis</span> <span class='ocrx_word' id='word_1_234' title='bbox 748 3375 951 3463; x_wconf 86' lang='lat' dir='ltr'>capita</span> <span class='ocrx_word' id='word_1_235' title='bbox 990 3377 1128 3439; x_wconf 83' lang='lat' dir='ltr'>hoec</span> <span class='ocrx_word' id='word_1_236' title='bbox 1160 3391 1411 3440; x_wconf 83' lang='lat' dir='ltr'>exstant</span> <span class='ocrx_word' id='word_1_237' title='bbox 1448 3377 1511 3438; x_wconf 90' lang='lat' dir='ltr'>in</span> <span class='ocrx_word' id='word_1_238' title='bbox 1557 3376 1869 3463; x_wconf 83' lang='lat' dir='ltr'>Digestis,</span> <span class='ocrx_word' id='word_1_239' title='bbox 1897 3375 2006 3438; x_wconf 90' lang='lat' dir='ltr'>lib.</span> <span class='ocrx_word' id='word_1_240' title='bbox 2040 3378 2353 3460; x_wconf 84' lang='lat' dir='ltr'>XLVIII,</span> 
     </span>
     <span class='ocr_line' id='line_1_30' title="bbox 243 3478 2349 3570; baseline 0.002 -29"><span class='ocrx_word' id='word_1_241' title='bbox 243 3479 340 3544; x_wconf 88' lang='lat' dir='ltr'>tit.</span> <span class='ocrx_word' id='word_1_242' title='bbox 376 3478 486 3543; x_wconf 85' lang='lat'>13:</span> <span class='ocrx_word' id='word_1_243' title='bbox 511 3511 537 3534; x_wconf 74' lang='grc' dir='ltr'>σι</span> <span class='ocrx_word' id='word_1_244' title='bbox 560 3480 821 3560; x_wconf 84' lang='lat' dir='ltr'>Praetor,</span> <span class='ocrx_word' id='word_1_245' title='bbox 850 3481 960 3568; x_wconf 81' lang='lat' dir='ltr'>qui</span> <span class='ocrx_word' id='word_1_246' title='bbox 995 3502 1070 3543; x_wconf 88' lang='lat' dir='ltr'>ex</span> <span class='ocrx_word' id='word_1_247' title='bbox 1102 3480 1219 3543; x_wconf 88' lang='lat' dir='ltr'>hac</span> <span class='ocrx_word' id='word_1_248' title='bbox 1245 3481 1384 3567; x_wconf 85' lang='lat' dir='ltr'>lege</span> <span class='ocrx_word' id='word_1_249' title='bbox 1416 3495 1686 3566; x_wconf 81' lang='lat' dir='ltr'>quaeret,</span> <span class='ocrx_word' id='word_1_250' title='bbox 1708 3478 1791 3541; x_wconf 89' lang='lat' dir='ltr'>de</span> <span class='ocrx_word' id='word_1_251' title='bbox 1817 3502 1896 3543; x_wconf 89' lang='lat' dir='ltr'>eo</span> <span class='ocrx_word' id='word_1_252' title='bbox 1923 3481 2221 3566; x_wconf 76' lang='lat' dir='ltr'>quaeritO,</span> <span class='ocrx_word' id='word_1_253' title='bbox 2238 3483 2349 3570; x_wconf 87' lang='lat' dir='ltr'>qui</span> 
     </span>
     <span class='ocr_line' id='line_1_31' title="bbox 242 3570 2347 3674; baseline 0.003 -28"><span class='ocrx_word' id='word_1_254' title='bbox 242 3585 312 3647; x_wconf 89' lang='lat' dir='ltr'>in</span> <span class='ocrx_word' id='word_1_255' title='bbox 344 3608 609 3665; x_wconf 89' lang='lat' dir='ltr'>aurum,</span> <span class='ocrx_word' id='word_1_256' title='bbox 644 3603 1011 3674; x_wconf 81' lang='lat' dir='ltr'>argentum,</span> <span class='ocrx_word' id='word_1_257' title='bbox 1055 3608 1137 3650; x_wconf 81' lang='lat' dir='ltr'>aes</span> <span class='ocrx_word' id='word_1_258' title='bbox 1175 3586 1541 3673; x_wconf 89' lang='lat' dir='ltr'>publicum,</span> <span class='ocrx_word' id='word_1_259' title='bbox 1572 3583 1731 3673; x_wconf 89' lang='lat' dir='ltr'>quid</span> <span class='ocrx_word' id='word_1_260' title='bbox 1766 3570 2097 3664; x_wconf 88' lang='lat' dir='ltr'>indiderit,</span> <span class='ocrx_word' id='word_1_261' title='bbox 2135 3587 2347 3652; x_wconf 89' lang='lat' dir='ltr'>immi-</span> 
     </span>
    </p>

    <p class='ocr_par' dir='ltr' id='par_1_6' title="bbox 158 3690 2357 4093">
     <span class='ocr_line' id='line_1_32' title="bbox 244 3690 2353 3778; baseline 0.003 -27"><span class='ocrx_word' id='word_1_262' title='bbox 244 3690 513 3770; x_wconf 89' lang='lat' dir='ltr'>scuerit,</span> <span class='ocrx_word' id='word_1_263' title='bbox 561 3705 674 3754; x_wconf 89' lang='lat' dir='ltr'>aut</span> <span class='ocrx_word' id='word_1_264' title='bbox 721 3713 853 3778; x_wconf 86' lang='lat' dir='ltr'>quo</span> <span class='ocrx_word' id='word_1_265' title='bbox 899 3690 1055 3778; x_wconf 91' lang='lat' dir='ltr'>quid</span> <span class='ocrx_word' id='word_1_266' title='bbox 1096 3690 1374 3770; x_wconf 88' lang='lat' dir='ltr'>indatur,</span> <span class='ocrx_word' id='word_1_267' title='bbox 1419 3690 1877 3771; x_wconf 86' lang='lat' dir='ltr'>immisceatur,</span> <span class='ocrx_word' id='word_1_268' title='bbox 1926 3691 2149 3755; x_wconf 85' lang='lat' dir='ltr'>fecerit</span> <span class='ocrx_word' id='word_1_269' title='bbox 2199 3693 2353 3757; x_wconf 85' lang='lat' dir='ltr'>dolo</span> 
     </span>
     <span class='ocr_line' id='line_1_33' title="bbox 158 3779 2357 3885; baseline 0.003 -30"><span class='ocrx_word' id='word_1_270' title='bbox 158 3779 174 3790; x_wconf 59' lang='grc'><em>”</em></span> <span class='ocrx_word' id='word_1_271' title='bbox 244 3793 412 3856; x_wconf 86' lang='lat' dir='ltr'>malo</span> <span class='ocrx_word' id='word_1_272' title='bbox 433 3843 451 3875; x_wconf 89' lang='lat'>,</span> <span class='ocrx_word' id='word_1_273' title='bbox 483 3817 616 3881; x_wconf 91' lang='lat' dir='ltr'>quo</span> <span class='ocrx_word' id='word_1_274' title='bbox 651 3793 719 3857; x_wconf 89' lang='lat' dir='ltr'>id</span> <span class='ocrx_word' id='word_1_275' title='bbox 752 3795 933 3882; x_wconf 88' lang='lat' dir='ltr'>pejus</span> <span class='ocrx_word' id='word_1_276' title='bbox 958 3795 1067 3860; x_wconf 84' lang='lat' dir='ltr'>fiat</span> <span class='ocrx_word' id='word_1_277' title='bbox 1091 3819 1152 3860; x_wconf 70' lang='grc' dir='ltr'>»ε</span> <span class='ocrx_word' id='word_1_278' title='bbox 1178 3795 1484 3858; x_wconf 88' lang='lat' dir='ltr'>nimirum</span> <span class='ocrx_word' id='word_1_279' title='bbox 1519 3796 1650 3859; x_wconf 78' lang='lat' dir='ltr'>sive</span> <span class='ocrx_word' id='word_1_280' title='bbox 1684 3795 1918 3876; x_wconf 87' lang='lat' dir='ltr'>injecto</span> <span class='ocrx_word' id='word_1_281' title='bbox 1953 3797 2223 3885; x_wconf 88' lang='lat' dir='ltr'>plumbo</span> <span class='ocrx_word' id='word_1_282' title='bbox 2242 3815 2357 3861; x_wconf 89' lang='lat' dir='ltr'>aut</span> 
     </span>
     <span class='ocr_line' id='line_1_34' title="bbox 245 3897 2354 3987; baseline 0.004 -27"><span class='ocrx_word' id='word_1_283' title='bbox 245 3913 507 3978; x_wconf 90' lang='lat' dir='ltr'>stann0,</span> <span class='ocrx_word' id='word_1_284' title='bbox 557 3897 713 3962; x_wconf 89' lang='lat' dir='ltr'>dum</span> <span class='ocrx_word' id='word_1_285' title='bbox 766 3897 1113 3982; x_wconf 79' lang='lat' dir='ltr'>conflatur3</span> <span class='ocrx_word' id='word_1_286' title='bbox 1167 3901 1298 3964; x_wconf 82' lang='lat' dir='ltr'>sive</span> <span class='ocrx_word' id='word_1_287' title='bbox 1340 3918 1522 3963; x_wconf 85' lang='lat' dir='ltr'>erosa</span> <span class='ocrx_word' id='word_1_288' title='bbox 1564 3901 1877 3986; x_wconf 79' lang='lat' dir='ltr'>pecunia3</span> <span class='ocrx_word' id='word_1_289' title='bbox 1916 3900 2095 3987; x_wconf 85' lang='lat' dir='ltr'>quod</span> <span class='ocrx_word' id='word_1_290' title='bbox 2129 3903 2354 3968; x_wconf 79' lang='lat' dir='ltr'>vitium</span> 
     </span>
     <span class='ocr_line' id='line_1_35' title="bbox 209 4003 2156 4093; baseline 0.001 -26"><span class='ocrx_word' id='word_1_291' title='bbox 209 4051 212 4058; x_wconf 18' lang='grc' dir='ltr'><em>Α</em></span> <span class='ocrx_word' id='word_1_292' title='bbox 242 4004 536 4067; x_wconf 85' lang='lat' dir='ltr'>lacunam</span> <span class='ocrx_word' id='word_1_293' title='bbox 569 4003 636 4066; x_wconf 88' lang='lat' dir='ltr'>in</span> <span class='ocrx_word' id='word_1_294' title='bbox 674 4019 939 4093; x_wconf 85' lang='lat' dir='ltr'>argento</span> <span class='ocrx_word' id='word_1_295' title='bbox 972 4021 1162 4069; x_wconf 79' lang='lat' dir='ltr'>vocat</span> <span class='ocrx_word' id='word_1_296' title='bbox 1193 4007 1418 4070; x_wconf 89' lang='lat' dir='ltr'>Cicero</span> <span class='ocrx_word' id='word_1_297' title='bbox 1445 4004 1530 4068; x_wconf 84' lang='lat' dir='ltr'>ad</span> <span class='ocrx_word' id='word_1_298' title='bbox 1547 4005 1836 4069; x_wconf 89' lang='lat' dir='ltr'>Atticum</span> <span class='ocrx_word' id='word_1_299' title='bbox 1856 4053 1873 4086; x_wconf 90' lang='lat'>‚</span> <span class='ocrx_word' id='word_1_300' title='bbox 1900 4007 2061 4086; x_wconf 88' lang='lat' dir='ltr'>XII,</span> <span class='ocrx_word' id='word_1_301' title='bbox 2092 4007 2156 4071; x_wconf 87' lang='lat'>6.</span> 
     </span>
    </p>

    <p class='ocr_par' dir='ltr' id='par_1_7' title="bbox 337 4104 2360 4201">
     <span class='ocr_line' id='line_1_36' title="bbox 337 4104 2360 4201; baseline 0.003 -31"><span class='ocrx_word' id='word_1_302' title='bbox 337 4140 361 4164; x_wconf 77' lang='grc' dir='ltr'>κ</span> <span class='ocrx_word' id='word_1_303' title='bbox 391 4104 519 4190; x_wconf 86' lang='lat' dir='ltr'>Qui</span> <span class='ocrx_word' id='word_1_304' title='bbox 553 4110 890 4196; x_wconf 86' lang='lat' dir='ltr'>pecuniam</span> <span class='ocrx_word' id='word_1_305' title='bbox 926 4111 1247 4197; x_wconf 87' lang='lat' dir='ltr'>publicam</span> <span class='ocrx_word' id='word_1_306' title='bbox 1284 4112 1699 4198; x_wconf 87' lang='lat' dir='ltr'>surripuerit,</span> <span class='ocrx_word' id='word_1_307' title='bbox 1733 4111 1867 4189; x_wconf 84' lang='lat' dir='ltr'>vel,</span> <span class='ocrx_word' id='word_1_308' title='bbox 1901 4128 1976 4173; x_wconf 88' lang='lat' dir='ltr'>ut</span> <span class='ocrx_word' id='word_1_309' title='bbox 2007 4113 2360 4201; x_wconf 86' lang='lat' dir='ltr'>surripere-</span> 
     </span>
    </p>
   </div>
  </div>
 </body>
</html>
