3044 4788
697 402 827 447 ιη
1314 382 1412 448 Μ.
1462 382 1541 447 Τ.
1595 382 2153 453 CICERONIS

786 502 1142 571 XXXVII.
1198 497 1309 569 Ad
1358 500 1806 571 Volaterras¹
1865 506 1942 572 in
1984 518 2213 574 castra
2255 510 2333 576 L.
2365 505 2577 575 Sullae
2622 529 2828 577 mors

687 615 846 681 Sex.
874 612 1147 694 Roscii,
1172 607 1592 705 quati-idun,
1613 636 1765 708 quo
1788 614 1850 681 is
1873 615 2157 683 occisus
2184 628 2316 701 est,
2342 613 2824 712 Chrysogono

689 723 1085 791 nuntiatur.
1138 721 1502 809 Quaeritur
1550 723 1765 791 etiam
1809 746 2044 810 nunc,
2075 725 2243 820 quis
2273 748 2442 794 eum
2477 729 2828 795 nuntium

687 829 1010 901 miserit?
1043 832 1301 899 Nonne
1337 834 1801 927 perspicuum
1830 847 1939 902 est
1965 886 1985 919 ,
2029 832 2369 904 eumdem
2391 887 2411 921 ,
2449 837 2577 930 qui
2608 840 2828 906 Ame-

685 939 914 1011 riam?
948 941 1171 1009 Curat
1189 937 1732 1035 Chrysogonum,
1756 956 1838 1011 ut
1867 942 2069 1036 ejus²
2106 941 2302 1013 bona
2333 959 2647 1015 veneant
2676 960 2827 1015 sta-

684 1051 849 1133 tim,
871 1049 1000 1144 qui
1031 1071 1181 1117 non
1207 1062 1418 1117 norat
1436 1047 1809 1121 hominem
1828 1048 1884 1136 ³,
1905 1066 2031 1121 aut
2048 1077 2221 1122 rem.
2253 1056 2346 1122 At
2370 1057 2500 1150 qui
2528 1058 2594 1124 ei
2625 1048 2829 1125 venit

684 1163 760 1229 in
792 1172 1108 1228 mentem
1136 1156 1402 1254 praedia
1427 1163 1938 1256 concupiscere
1972 1160 2287 1232 hominis
2309 1165 2567 1258 ignoti,
2598 1190 2826 1262 quem

683 1271 989 1340 omnino
1026 1292 1424 1364 numquam
1456 1268 1777 1339 viderat?
1807 1270 2088 1356 SoletiS,
2117 1296 2346 1368 quum
2375 1273 2655 1369 aliquid
2687 1273 2829 1344 hu·

677 1380 1079 1480 juscemodi
1111 1381 1375 1452 auditis
1396 1436 1416 1465 ,
1443 1381 1764 1477 judiceS,
1797 1386 2149 1454 continuo
2194 1383 2434 1456 dicere
2469 1412 2485 1454 :
2516 1390 2826 1457 Necesse

686 1508 837 1578 est,
865 1481 1182 1588 aliquem
1221 1490 1482 1560 dixisse
1516 1493 1988 1589 municipem,
2026 1507 2154 1563 aut
2181 1496 2541 1582 vicinum3
2582 1497 2631 1564 ii
2671 1495 2827 1592 ple-

686 1628 999 1700 rumque
1054 1600 1421 1687 indicant;
1472 1623 1606 1698 per
1655 1625 1780 1671 eos
1815 1602 2147 1700 plerique
2196 1602 2631 1700 produntur.
2687 1607 2826 1676 Hic

685 1713 870 1784 nihil
906 1728 1050 1796 est,
1076 1710 1278 1809 quod
1306 1713 1842 1808 suspicionem‘·
1872 1711 2062 1783 hanc
2095 1716 2382 1810 putetis.
2421 1717 2585 1785 Non
2619 1718 2823 1785 enim

682 1850 819 1922 ego
862 1827 961 1894 ita
995 1819 1384 1919 disputabo
1413 1821 1862 1892 :Verisimile
1893 1837 2038 1911 est,
2069 1827 2367 1894 Roscios
2414 1827 2619 1894 istam
2664 1849 2821 1895 rem

683 1933 777 2006 ad
802 1933 1359 2028 Chrysogonum
1388 1930 1766 2018 detulisse;
1793 1948 1946 2003 erat
1965 1937 2159 2005 enim
2184 1936 2286 2004 eis
2316 1958 2482 2004 cum
2511 1933 2825 2031 Chryso·

684 2068 878 2141 gono
896 2044 1044 2137 jam
1068 2055 1236 2111 ante
1267 2044 1622 2111 amicitia:
1659 2065 1826 2111 nam
1852 2067 2085 2139 quum
2120 2043 2388 2113 multos
2407 2040 2436 2087 ⁵
2472 2058 2751 2114 veteres
2777 2066 2825 2112 a

688 2149 1085 2249 majoribus
1111 2153 1349 2221 Roscii
1376 2165 1723 2248 patronos
1756 2151 2223 2250 hospitesque
2246 2151 2634 2240 haberent,
2666 2178 2825 2224 om·

686 2287 815 2333 nes
863 2285 988 2332 eos
1034 2260 1270 2331 colere
1313 2275 1534 2358 atque
1579 2260 1962 2333 observare
1997 2261 2432 2334 destiterunt
2456 2317 2475 2351 ,
2513 2287 2598 2334 ac
2624 2288 2702 2334 se
2742 2267 2823 2333 in

684 2372 1138 2470 Chrysogoni
1169 2368 1389 2442 fidem
1423 2386 1495 2442 et
1528 2371 1932 2443 clientelam
1966 2371 2455 2445 contulerunt.

783 2488 952 2553 Haec
982 2506 1281 2580 possum
1313 2484 1557 2552 omnia
1587 2479 1803 2554 vere⁶
1836 2482 2119 2570 dicere;
2161 2482 2290 2553 sed
2329 2487 2405 2554 in
2439 2482 2575 2554 hac
2606 2507 2823 2555 causa

687 2596 1103 2690 conjectura
1131 2590 1313 2661 nihil
1345 2615 1532 2689 opus
1560 2607 1690 2662 est.
1720 2597 1925 2691 Ipsos
1952 2609 2149 2664 certo
2177 2596 2328 2664 scio
2357 2618 2503 2663 non
2532 2618 2824 2691 negare,

687 2704 779 2776 ad
818 2704 978 2774 haec
1017 2700 1215 2772 bona
1268 2699 1826 2797 Chrysogonum
1868 2707 2246 2773 accessisse
2294 2702 2617 2800 impulsu
2659 2728 2820 2774 suo.

686 2820 758 2885 Si
785 2839 954 2886 eum
970 2866 990 2899 ,
1014 2815 1143 2909 qui
1160 2865 1180 2899 ,
1207 2809 1489 2881 indicii⁷
1517 2826 1797 2909 partem
1822 2815 2203 2910 acceperit,
2228 2811 2457 2882 oculis
2488 2814 2824 2897 cernetiS‚

686 2924 1108 3023 poteritisne
1140 2920 1512 3008 dubitare,
1544 2918 1827 3016 judices
1849 2975 1869 3005 ,
1903 2923 2033 3017 qui
2066 2920 2442 2991 indicarit?
2469 2921 2618 3010 Qui
2647 2933 2824 2995 sunt

687 3164 723 3196 a
737 3145 876 3194 nobis
889 3180 905 3203 ,
934 3145 971 3194 i.
995 3161 1038 3193 e.
1055 3161 1148 3211 pro
1164 3145 1332 3204 nobis,
1351 3156 1405 3194 ut
1426 3144 1709 3209 elegantius.

754 3226 1020 3274 xxxvn.
1049 3240 1092 3272 1.
1121 3224 1416 3272 Volaterras.
1441 3224 1592 3286 Quod
1617 3239 1704 3287 op-

689 3306 859 3372 pidum
889 3315 1084 3352 centum
1109 3302 1460 3366 quinquaginta
1493 3301 1708 3349 millibus

686 3400 913 3449 pan-unm
937 3382 1002 3431 ab
1027 3381 1146 3429 urbe
1169 3384 1324 3429 Roma
1345 3380 1569 3430 distabat.
1596 3384 1707 3430 Hoc

687 3465 942 3515 obsidebat
967 3463 1208 3528 oppidum
1227 3464 1361 3512 Sulla
1381 3499 1396 3523 ,
1431 3465 1571 3528 quod
1598 3466 1707 3512 Mn·

686 3544 834 3593 rimis
855 3544 1052 3590 favent.
1080 3543 1240 3591 Victis
1262 3552 1311 3589 et
1332 3558 1475 3606 agro·
1495 3544 1677 3592 ademit
1690 3576 1707 3602 ,

686 3634 738 3671 et
789 3623 871 3682 jus
920 3620 1131 3668 civitatis
1177 3635 1408 3671 romanae.
1462 3623 1546 3671 Ad
1593 3624 1708 3672 Div.

684 3701 832 3759 1111,
852 3707 903 3755 4.

761 3793 813 3827 2.
855 3779 995 3842 Ejus.
1023 3778 1274 3842 Tanquam
1321 3779 1614 3844 proscrip2i5
1657 3790 1708 3828 et

689 3875 752 3907 ne
777 3856 1101 3923 persequendi
1134 3857 1328 3905 sceleris
1361 3858 1567 3906 facultas
1601 3856 1706 3905 filio

689 3935 915 4003 supersit.

760 4017 808 4063 3.
830 4011 1100 4062 Hominem.
1131 4013 1181 4062 S.
1195 4012 1444 4062 Roscium.
1463 4015 1596 4071 Rem,
1613 4012 1646 4063 i.
1661 4029 1704 4062 e.

683 4100 785 4160 ejus
802 4093 948 4141 bona.

1868 3152 1919 3200 4.
1942 3143 2288 3209 Suspicionem.
2315 3145 2434 3194 Non
2469 3156 2544 3193 at
2574 3144 2821 3210 suspicio,

1795 3222 1933 3286 quod
1957 3224 2059 3271 dixi
2085 3223 2148 3271 de
2180 3224 2389 3287 proditis
2410 3241 2437 3272 n
2466 3225 2657 3272 Rosciis
2675 3224 2823 3272 bonit

1795 3304 1848 3350 S.
1866 3303 2052 3361 Roscii,
2067 3312 2141 3350 eut
2158 3303 2263 3367 ipsa
2289 3304 2480 3351 verim.

1868 3381 1918 3428 5.
1944 3382 2102 3443 Quum
2135 3382 2323 3429 multos.
2354 3381 2492 3429 Ordo
2514 3391 2620 3429 est:
2646 3383 2820 3443 Quum

1793 3461 1852 3508 Τ.
1868 3460 2055 3519 Roscii,
2069 3461 2247 3524 Capito
2266 3470 2317 3508 et
2338 3461 2565 3523 Magnus,
2583 3459 2822 3509 habet-ent

1792 3555 1822 3586 ι
1843 3538 2110 3599 unionibus
2137 3540 2235 3586 suin
2259 3539 2443 3587 multos
2458 3574 2473 3598 ‚
2502 3551 2597 3588 etc.

1866 3620 1919 3665 6.
1944 3620 2064 3665 Tre·
2095 3617 2241 3665 codd.
2273 3619 2542 3667 Oxoniens.
2575 3638 2597 3660 ι
2615 3619 2825 3668 omnino

1795 3715 1909 3746 vere
1922 3720 1964 3744 ιι.
1984 3694 2125 3745 Infra'
2135 3697 2286 3745 iidem
2303 3696 2452 3745 codd.
2468 3719 2493 3738 ι
2506 3697 2761 3762 quisquam
2771 3720 2823 3747 ι.

1793 3779 1827 3825 J
1829 3815 1844 3827 .
1865 3779 1932 3827 V.
1953 3781 2007 3831 L·

1867 3873 1918 3918 7.
1954 3855 2151 3905 ludicii.
2181 3854 2363 3905 preda
2386 3855 2629 3903 indicate.
2656 3853 2827 3918 Expli-

1794 3947 1874 3984 cat
1898 3938 2108 4000 seipsum
2135 3935 2325 3984 Tullius
2354 3936 2591 3983 continuo
2615 3933 2828 3994 subjun-

1795 4031 1912 4078 gens
1963 4038 1989 4057 ιι
2006 4025 2193 4079 partem
2234 4015 2289 4061 in
2334 4014 2441 4061 istis
2496 4013 2643 4061 bonis
2661 4034 2704 4061 ι.
2741 4014 2827 4061 sic

1796 4093 2003 4142 Facciol.
2046 4091 2268 4154 Desint-d.
2313 4094 2479 4142 Garat.
2534 4091 2827 4156 Intellignnt
