3044 4788
668 408 783 478 IN
831 403 1256 477 VERREM
1298 408 1623 479 Ac‘rlo
1672 397 2021 478 PRIMA.
2275 413 2415 508 275

379 519 632 602 XVIII.
674 527 855 598 Mihi
888 542 1167 598 certum
1206 542 1314 600 est
1340 553 1491 600 non
1528 531 2021 618 committere,
2058 546 2139 605 ut
2172 535 2248 602 in
2282 533 2419 606 hac

280 664 495 713 causa
510 652 779 738 praetor
796 635 1009 709 nobis
1027 637 1560 736 consiliumque
1579 649 1602 682 ¹
1637 654 1979 711 mutetur.
2001 643 2168 713 Non
2185 649 2419 741 patiar

283 776 437 824 rem
472 753 550 821 in
584 748 661 820 id
700 762 987 845 tempus
1028 747 1270 839 duci',
1310 763 1394 820 ut
1425 749 1678 837 Siculi,
1716 772 1907 847 quos
1944 750 2187 824 adhuc
2230 759 2415 826 servi

277 855 821 959 designatorum
866 859 1253 930 consulum
1292 883 1445 930 non
1497 874 1885 932 moverunt
1901 858 1957 949 ³,
2011 883 2243 960 quum
2294 889 2419 937 eos

278 998 475 1045 novo
511 970 851 1068 exemplo
873 972 1247 1040 universos
1273 985 1747 1055 arcesserent,
1773 995 1898 1042 eos
1930 986 2087 1042 tum
2128 969 2419 1047 lictores

279 1082 669 1155 consulum
705 1095 1008 1169 vocent3
1043 1095 1128 1151 ut
1166 1079 1501 1152 homines
1535 1083 1812 1169 miseri,
1855 1096 2066 1152 antea
2103 1085 2277 1154 socii
2308 1099 2417 1156 at-

279 1219 426 1291 que
459 1194 668 1265 amici
698 1191 952 1290 populi
981 1194 1298 1277 romani,
1316 1215 1516 1262 nunc
1544 1192 1729 1262 servi
1753 1216 1836 1262 ac
1861 1192 2419 1291 supplice5,non

281 1304 503 1375 modo
541 1303 661 1398 jus
713 1326 929 1374 suum
970 1299 1448 1398 fortunasque
1501 1321 1757 1373 omnes
1804 1325 2059 1374 eorum
2111 1307 2423 1404 imperio

281 1418 617 1486 amittant
632 1467 651 1501 ‚
677 1431 935 1484 verum
960 1412 1176 1482 etiam
1196 1408 1627 1508 deplorandi
1649 1411 1832 1507 juris
1855 1414 1969 1482 sui
1990 1427 2425 1509 potestatem

286 1547 439 1595 non
453 1522 787 1593 habeant.
803 1525 970 1595 Non
992 1524 1225 1592 sinam
1254 1518 1608 1618 profecto,
1630 1543 1843 1593 causa
1867 1545 1908 1591 a
1928 1545 2045 1593 me
2067 1541 2426 1620 perorata,

287 1632 757 1732 quadraginta
787 1631 1093 1704 diebus4
1132 1633 1623 1728 interpositis»,
1664 1645 1824 1702 tum
1860 1632 2072 1704 nobis
2103 1633 2428 1733 denique

289 1741 805 1841 respondeant,
861 1767 1095 1840 quum
1136 1742 1500 1813 accusatio
1560 1756 1809 1813 nostra
1863 1744 1939 1812 in
1982 1741 2431 1819 oblivionem

286 1854 761 1925 diuturnitate
793 1852 1104 1924 adducta
1131 1855 1267 1922 sit:
1303 1875 1457 1922 non
1490 1855 1938 1924 committam
1959 1905 1978 1940 ‚
2001 1868 2083 1924 ut
2119 1867 2274 1925 tum
2316 1875 2430 1927 res

279 1962 670 2059 judicetur,
714 1986 946 2060 quum
993 1960 1145 2032 hoec
1188 1955 1644 2059 frequentia⁵
1686 1963 1912 2033 totius
1947 1961 2165 2033 ltaliae
2197 1969 2432 2037 Roma

286 2067 690 2145 discesserit
720 2099 740 2161 ;
816 2096 979 2169 quae
1053 2076 1400 2142 convenit
1467 2093 1623 2142 uno
1692 2086 2024 2169 tempore
2101 2073 2430 2172 undique

286 2186 749 2255 comitiorum
772 2236 791 2270 ,
859 2178 1293 2270 ludorum⁶,
1344 2181 1839 2279 censendique
1899 2206 2131 2255 causa.
2201 2188 2434 2282 Hujus

277 2292 581 2387 judicii⁷
623 2307 698 2363 et
731 2290 964 2362 laudis
993 2288 1356 2378 fructum,
1402 2305 1476 2362 et
1519 2289 1946 2363 offensionis
1991 2296 2433 2390 periculum,

285 2418 602 2475 vestrum
621 2428 641 2489 ;
667 2401 990 2474 laborem
1004 2456 1023 2489 ,
1039 2400 1760 2498 sollicitudinemque
1781 2456 1801 2489 ‚
1820 2418 2174 2494 nostram;
2204 2410 2435 2479 scien-

288 2517 466 2584 tiam
488 2567 508 2602 ,
536 2510 717 2609 quid
748 2525 1021 2609 agatur,
1049 2514 1660 2609 memoriamque,
1698 2509 1878 2608 quid
1915 2536 1955 2582 a
1988 2537 2286 2610 quoque
2325 2514 2433 2586 di-

291 2637 493 2693 ctum
542 2621 672 2709 sit,
719 2623 1050 2692 omnium
1100 2636 1284 2719 puto
1335 2647 1490 2694 esse
1534 2634 1897 2719 oportere.
1955 2623 2234 2692 Faciam
2295 2623 2438 2696 hoc

695 2703 730 2745 Χ

360 2854 551 2904 XVIII.
587 2867 636 2900 ι.
667 2828 951 2901 Consilium.
978 2851 1180 2901 Judices
1206 2869 1317 2900 mu·
1477 2854 1528 2901 5.
1555 2855 1672 2900 Hoee
1682 2852 1978 2917 frequentia
2005 2853 2151 2900 totius
2177 2854 2367 2903 Italia.
2384 2891 2425 2906 ..

291 2945 469 2983 tentnr.
489 2930 640 2994 Quod
667 2941 831 2995 sperat
841 2931 1033 2978 Verres.
1405 2932 1738 2995 censendique
1772 2948 1939 2980 causa.
1979 2933 2104 2995 Quae
2132 2949 2196 2982 ex
2231 2937 2443 2983 munici-

363 3030 416 3062 a.
463 3015 589 3062 MSS
636 3011 840 3060 adduci.
889 3012 1169 3076 Sequuntur
1216 3012 1315 3061 sere
1402 3011 1498 3075 piis
1541 3010 1677 3058 venit
1695 3044 1710 3069 ,
1749 3010 2095 3074 suffragiorum
2138 3029 2310 3072 cansa,
2350 3028 2436 3064 aut

292 3109 425 3141 nnnc
464 3091 851 3140 emendationem
888 3090 1159 3151 Gronovii,
1193 3090 1314 3141 Obs.
1401 3101 1609 3153 propter
1628 3089 1803 3153 ludos,
1842 3102 1929 3139 aut
1954 3100 2010 3137 ut
2047 3092 2180 3156 apud
2209 3108 2437 3144 censores

294 3175 362 3232 V,
380 3188 462 3226 ια.
479 3174 720 3237 scriptam
747 3185 909 3222 tamen
934 3174 1198 3223 lectionem
1223 3188 1318 3220 ser·
1403 3181 1674 3220 censeatur.
1690 3170 1820 3218 Vide
1842 3170 2079 3218 Iudicem.

295 3253 429 3301 vavit
451 3250 676 3302 Beckius.
699 3254 748 3301 J.
763 3256 826 3300 V.
848 3254 902 3301 L.
1477 3249 1860 3299 6Judici0mm.
1874 3254 1940 3299 At
1963 3251 2191 3300 ludorum
2209 3269 2272 3301 ex
2283 3256 2444 3302 Asco-

369 3333 418 3380 3.
445 3332 558 3380 Non
596 3344 861 3382 moverunt.
891 3333 1010 3382 Non
1052 3331 1318 3381 Hortensi«)
1404 3330 1508 3379 nio.
1531 3333 1657 3381 J.V.
1680 3334 1738 3381 1..

295 3423 564 3476 paruerunt
589 3413 676 3477 qui
698 3427 783 3460 eos
809 3412 1083 3461 arcessebat
1107 3428 1197 3477 per
1220 3427 1320 3459 ser·
1481 3426 1533 3472 7.
1563 3411 1725 3475 Hujus
1747 3409 1943 3474 judicii.
1985 3412 2166 3460 Sensus
2207 3423 2282 3460 est
2312 3428 2326 3463 :
2356 3412 2441 3461 Ad

294 3507 387 3539 vos
409 3505 424 3541 z
466 3508 578 3539 nam
600 3492 824 3541 consules
845 3493 1077 3542 lictorum
1096 3492 1205 3555 jus,
1226 3490 1322 3539 nisi
1410 3506 1498 3538 vos
1532 3490 1781 3555 perveniet
1819 3507 1882 3538 ex
1914 3490 2012 3538 hoc
2037 3491 2230 3552 iudicio
2251 3491 2443 3540 fructus

295 3572 422 3620 inito
451 3573 733 3637 magistratu
746 3608 762 3633 ,
788 3588 891 3620 nou
917 3572 1182 3621 habebant.
1205 3570 1323 3619 Vid.
1411 3569 1570 3618 landis
1584 3604 1599 3630 ,
1614 3571 1657 3618 si
1678 3581 1840 3632 recte;
1860 3580 1951 3618 aut
1969 3570 2139 3618 odium
2160 3582 2211 3619 et
2228 3571 2443 3620 offensio

296 3669 406 3717 sup.
435 3668 480 3701 c.
511 3669 560 3716 9.
598 3652 731 3701 Nota
752 3668 927 3700 vocem
953 3651 1106 3700 Sicula·
1125 3670 1154 3699 a
1186 3650 1324 3699 nullo
1411 3649 1616 3715 populi,
1662 3652 1703 3698 si
1738 3667 1889 3714 prave
1924 3649 2287 3712 judicaret-itin
2321 3652 2444 3700 mihi

296 3732 447 3780 verbo
472 3731 716 3797 pendere,
742 3733 811 3799 ita
838 3742 894 3779 ut
918 3733 983 3779 sit
1007 3731 1323 3780 insolentius:
1412 3730 1654 3779 incumbit
1678 3730 1818 3778 labor
1852 3741 1902 3779 et
1929 3729 2214 3779 sollicitudo
2235 3730 2442 3797 hujusce

296 3814 517 3875 quamvis
551 3811 794 3876 exemplis
821 3827 925 3859 non
949 3821 1106 3858 careat
1131 3810 1230 3859 tale
1255 3811 1326 3859 di·
1412 3811 1762 3868 accusationis3
1804 3809 1891 3858 sed
1926 3821 2051 3874 puto
2087 3820 2348 3874 oportere,
2390 3822 2450 3858 ut

298 3890 442 3938 cendi
481 3906 662 3954 genus,
693 3901 744 3938 et
778 3891 877 3939 hoc
904 3891 1172 3955 praesertim
1210 3890 1325 3938 loco
1414 3889 1522 3937 haee
1548 3888 1814 3937 multitudo
1850 3889 1974 3938 sciat
2012 3905 2123 3952 quae
2149 3905 2294 3937 cansa
2331 3905 2444 3953 aga·

295 3968 578 4031 planissime
608 3985 723 4017 cum
746 3968 902 4017 altero
928 3966 1150 4017 membro
1177 3967 1327 4017 laomi-
1417 3980 1518 4029 tur,
1540 3979 1590 4017 et
1607 3968 1841 4017 memoria
1861 3979 2043 4031 teneat,
2060 3967 2185 4033 qnid
2198 3984 2225 4015 a
2243 3983 2444 4032 quoque

299 4063 386 4095 nes
412 4047 576 4096 miseri
595 4048 755 4114 possit
779 4047 1034 4112 coniungi.
1418 4058 1543 4096 teste
1561 4049 1745 4097 dictum
1771 4048 1938 4097 suerit.
1962 4047 2045 4095 Ad
2074 4047 2268 4112 singula
2294 4062 2449 4095 mem-

370 4135 421 4183 4.
448 4129 539 4175 XL
568 4127 754 4175 diebus.
793 4126 911 4176 Vid.
948 4143 1057 4193 sup.
1099 4143 1206 4193 cap.
1245 4145 1332 4192 10,
1419 4126 1506 4174 bra
1522 4125 1912 4176 subaudiendum
1924 4138 2027 4190 est,
2035 4138 2162 4192 puto
2186 4141 2283 4174 esse
2300 4141 2452 4190 opor-

300 4208 685 4256 constructionis
709 4207 1003 4272 exemplum.
1422 4217 1543 4255 cere.

2156 4291 2260 4360 18.
