3044 4788
722 382 859 455 528
1499 384 2066 453 EXCURSUS

715 522 909 580 esset,
940 522 1080 569 tum
1100 553 1118 587 ,
1144 520 1219 568 ut
1244 507 1498 586 Romae,
1530 505 1712 568 sicin
1751 505 2082 592 provincia
2117 506 2223 569 ille
2254 506 2562 593 peritum
2601 508 2884 596 aliquem

715 612 833 675 sibi
862 612 929 674 in
960 611 1303 674 consilium
1335 608 1717 691 advocabat,
1752 627 1946 698 atque
1979 633 2057 674 ex
2086 611 2224 690 ejus
2258 614 2604 675 sententia
2645 613 2882 692 judie—

716 718 878 781 bat:
926 715 1107 804 quod
1145 739 1223 779 ex
1272 714 1485 778 verbis
1538 715 1629 779 M.
1679 715 1887 779 Petilii
1951 714 2035 779 ad
2078 716 2351 779 Verrem
2400 716 2875 783 admonemur.

716 822 854 887 Lib.
892 824 988 903 11,
1025 845 1079 886 c.
1110 821 1213 885 30.
1622 884 1629 890 .

805 930 933 992 Ista
956 950 1099 1015 quae
1130 924 1499 988 notavimus
1522 948 1755 1014 praeses
1778 926 2059 990 habebat
2088 926 2154 989 in
2174 927 2324 1007 jure
2354 926 2673 992 dicundo
2688 953 2875 1017 pecu-

714 1035 889 1097 liaria
914 1056 930 1096 ε
960 1034 1027 1094 in
1052 1030 1312 1110 ceteris,
1352 1030 1579 1096 eadem
1613 1030 1681 1094 in
1715 1032 2062 1119 provinciis
2090 1033 2431 1096 actionum
2465 1035 2647 1097 ratio
2681 1035 2869 1099 fuisse

711 1139 988 1217 videtur,
1018 1160 1091 1200 ac
1126 1139 1372 1201 Romae.
1398 1140 1499 1202 An
1512 1155 1572 1201 te
1594 1137 1911 1219 judicium
1941 1138 2334 1220 vadationes,
2362 1144 2862 1230 compromissa,

644 1302 649 1307 .
710 1244 1116 1333 sponsiones,
1139 1243 1621 1325 satisdationes3
1643 1259 1791 1333 post
1812 1244 2133 1324 judicium
2160 1262 2409 1325 autem,
2432 1245 2859 1325 addictione,

711 1350 1156 1431 abductioneS,
1183 1366 1248 1414 et
1267 1368 1477 1414 cetera
1508 1350 1861 1430 ejusmodi,
1884 1350 1965 1415 de
1990 1353 2249 1439 quibuS,
2281 1375 2497 1439 quum
2522 1352 2617 1417 de
2641 1353 2857 1417 ordine

706 1456 1103 1537 judiciorum
1132 1478 1431 1545 agemus,
1467 1456 1921 1544 disputabitur.

797 1565 1011 1650 Atque
1057 1562 1186 1626 hoc
1239 1559 1503 1649 quidem
1559 1560 1760 1625 modo
1805 1563 2204 1650 privatarum
2255 1567 2855 1629 controversiarum

707 1668 1032 1760 cognitio,
1081 1690 1277 1755 quam
1310 1665 1572 1755 proprie
1598 1665 2117 1747 jurisdictionem
2164 1668 2621 1756 appellarunt,
2661 1670 2851 1735 admi-

707 1775 1126 1840 nistrabatur.
1188 1773 1383 1837 Nunc
1442 1770 1998 1860 quemadmodum
2053 1773 2296 1854 judicia
2356 1774 2630 1862 publica
2654 1825 2675 1855 ‚
2749 1800 2856 1841 seu

710 1881 1131 1970 quaestiones,
1169 1895 1646 1954 exercerentur,
1680 1877 2224 1943 demonstremus,
2595 1899 2600 1903 ’

803 1989 1025 2050 Romae
1062 1985 1168 2064 jus
1209 1984 1315 2046 alii
1366 1984 1539 2048 inter
1585 1984 1756 2046 cives
1802 2001 1868 2047 et
1918 1985 2293 2073 peregrinos
2343 1983 2705 2069 dicebant3
2756 1990 2856 2053 alii

707 2091 951 2173 judicia
985 2089 1244 2177 publica
1282 2088 1712 2151 exercebant:
1751 2104 1818 2151 at
1861 2110 1993 2151 non
2051 2088 2137 2152 ita
2186 2106 2322 2152 erat
2366 2089 2434 2152 in
2475 2093 2852 2178 provinciis.

714 2201 1000 2283 Utraque
1024 2193 1311 2281 cognitio
1346 2193 1603 2281 praesidi
1636 2195 1981 2281 provincioe
2012 2218 2049 2257 a
2082 2196 2326 2282 populo
2352 2218 2638 2261 romano
2673 2223 2854 2263 com-

712 2303 904 2366 missa
937 2300 1062 2364 fuit
1096 2322 1111 2363 :
1146 2286 1542 2387 privatarum
1581 2299 1847 2388 quidem
1891 2301 2143 2381 litium,
2180 2323 2258 2365 ex
2300 2324 2371 2364 ea
2405 2302 2550 2390 lege
2588 2327 2748 2390 quae
2783 2329 2856 2368 ex

709 2413 934 2476 decem
977 2410 1338 2501 legatorum
1376 2411 1694 2474 sententia
1734 2409 1881 2475 data
1925 2409 2177 2492 fuerat3
2214 2410 2640 2497 publicorum
2702 2439 2852 2479 vero

711 2519 1056 2584 criminum
1074 2567 1093 2600 ‚
1129 2540 1207 2580 ex
1236 2540 1309 2580 ea
1334 2541 1479 2604 quae
1512 2514 1594 2580 de
1625 2539 1891 2604 quoque
1924 2517 2192 2580 crimine
2223 2519 2720 2605 cognoscendO,
2744 2540 2854 2586 aut

703 2624 1125 2706 ,vindicandm
1162 2624 1288 2687 lata
1325 2624 1470 2687 fuit.
2530 2629 2536 2635 ’

798 2731 1078 2796 Publicae
1116 2731 1501 2816 quaestiones
1536 2731 1834 2810 fuerunt,
1872 2730 1989 2813 vis,
2013 2731 2369 2819 peculatus,
2408 2731 2693 2815 falsum,
2727 2759 2853 2799 ma-

701 2840 929 2918 jestas,
967 2853 1033 2899 et
1071 2835 1123 2898 si
1183 2858 1310 2921 qua
1358 2836 1478 2899 alia
1524 2835 1661 2915 ejus
1714 2836 1988 2924 generis.
2044 2838 2285 2901 Earum
2338 2838 2853 2905 exercendarum

709 2940 935 3006 eadem
972 2942 1040 3004 in
1072 2941 1419 3029 provinciis
1453 2944 1651 3024 ratio,
1692 2965 1767 3005 ac
1802 2944 2056 3026 Romae,
2099 2945 2240 3008 fuit.
2278 2945 2724 3011 Deferebatur
2764 2949 2852 3011 rei

706 3070 951 3112 nomen
978 3048 1058 3111 ab
1087 3065 1457 3113 accusatore
1488 3046 1662 3137 apud
1691 3065 2075 3136 praetorem3
2104 3067 2364 3137 praetor,
2391 3051 2442 3114 si
2477 3049 2544 3114 id
2579 3054 2856 3141 recepis-

708 3173 835 3237 set,
864 3153 1037 3218 diem
1059 3153 1284 3233 judicii
1316 3154 1772 3219 constituebat.
1809 3155 1940 3218 Ubi
1968 3154 2072 3218 illa
2104 3155 2473 3238 advenerat,
2509 3177 2853 3225 accusato-

705 3286 842 3327 rem
864 3311 883 3344 ,
912 3283 1098 3325 reum
1118 3310 1136 3342 ,
1165 3277 1231 3325 et
1256 3276 1451 3325 testes
1474 3260 1655 3323 citari
1689 3283 1806 3348 per
1835 3284 2203 3350 praeconem
2226 3262 2534 3344 jubebat;
2572 3264 2854 3330 interro-

708 3370 966 3457 gatione
1014 3367 1281 3430 testium,
1325 3366 1652 3447 absoluta,
1695 3367 2085 3431 sortiebatur
2127 3389 2207 3430 ex
2250 3369 2391 3456 lege
2433 3391 2580 3455 quae
2635 3368 2724 3435 de
2772 3395 2850 3436 eo
2945 3428 2956 3444 .

656 3535 667 3559 t
703 3475 972 3538 crimine
994 3474 1117 3537 lata
1136 3475 1367 3553 fuerat,
1375 3470 1725 3553 judices,et
1735 3472 1997 3559 quidem
2016 3495 2053 3536 e
2071 3490 2431 3537 conventu:
2448 3476 2850 3560 sequebatur

705 3578 966 3657 rejectio
995 3600 1176 3654 more
1199 3599 1506 3642 romano:
1538 3578 1776 3664 quibus
1797 3577 2137 3660 absolutis,
2164 3578 2430 3644 sedente
2449 3580 2516 3643 in
2535 3582 2843 3647 tribunali

706 3707 780 3747 ac
824 3683 974 3747 sella
1016 3699 1322 3769 praetore,
1370 3680 1702 3761 judicibus
1740 3684 1807 3747 in
1847 3684 2194 3764 subselliis,
2233 3708 2423 3750 causa
2454 3687 2534 3750 ab
2568 3703 2846 3776 utraque

700 3806 880 3879 parte
911 3786 1240 3876 agebatur,
1265 3788 1308 3850 i.
1326 3809 1381 3850 e.
1407 3786 1488 3850 ab
1521 3789 2003 3853 accusatoribus
2032 3806 2099 3854 et
2126 3792 2414 3878 patronis
2441 3793 2566 3856 rei:
2605 3812 2843 3882 praetor

699 3917 852 3960 cum
887 3892 1156 3956 consilio
1176 3893 1657 3981 ‘cognoscebam
1695 3910 1891 3982 atque
1934 3918 2012 3958 ex
2050 3895 2302 3960 consilii
2340 3898 2695 3978 sententia,
2729 3901 2839 3963 ubi

696 4001 778 4064 ab
812 4016 1090 4087 utraque
1124 4013 1305 4086 parte
1337 4017 1712 4087 peroratum
1745 4017 1915 4083 erat,
1949 4025 2136 4067 reum
2169 4019 2285 4067 aut
2308 4004 2836 4091 comperendina-

694 4110 826 4189 bat,
859 4122 973 4172 aut
994 4104 1498 4189 condemnabat,
1526 4124 1641 4172 aut
1662 4108 2069 4188 absolvebat3
2102 4124 2217 4174 aut
2234 4110 2511 4197 amplius
2534 4135 2830 4199 pronun·
