3044 4788
646 391 788 484 490
1257 395 1380 470 M.
1432 397 1508 463 Τ.
1566 395 2125 466 CICERONIS

636 516 698 608 ej
711 538 792 583 us
821 517 1101 610 copiaS‚
1129 517 1707 613 acerrimumque
1727 512 1758 561 3
1789 518 2144 615 impetum
2174 513 2542 586 moenibus
2564 572 2585 604 ,
2619 514 2799 589 lito-

642 620 885 709 ribus,
933 621 1421 722 classibusque
1484 632 1636 697 suis
1683 629 2138 725 exceperint,
2179 650 2408 722 quum
2463 641 2543 698 et
2600 633 2801 725 regis

646 739 919 807 inimici
957 752 1214 835 praeter
1255 754 1533 810 ceteros
1571 757 1806 812 essent
1831 768 1850 828 ;
1878 756 2189 812 statuam
2227 742 2413 835 ejus»,
2442 766 2607 837 quae
2640 759 2801 813 erat

650 847 847 944 apud
885 850 1077 946 ipsos
1116 850 1189 917 in
1219 848 1691 922 celeberrimo
1722 851 1921 922 urbis
1945 851 2106 921 loco
2125 904 2148 934 ,
2177 875 2271 922 ne
2298 865 2456 921 tum
2483 850 2796 946 quidem

642 960 719 1026 in
763 960 936 1055 ipsis
977 957 1179 1028 urbis
1225 960 1562 1055 periculis
1590 965 1982 1060 attigerunt
1998 972 2047 1031 9.
2095 961 2420 1031 Forsitan
2462 963 2577 1029 vix
2617 985 2795 1030 con-

648 1069 894 1139 venire
910 1067 1294 1151 videretur,
1311 1094 1529 1166 quem
1557 1074 1789 1169 ipsum
1808 1072 2184 1142 bominem
2199 1084 2553 1167 cuperent
2580 1095 2790 1141 ever·

651 1190 840 1262 tere,
902 1177 1055 1268 ejus
1109 1175 1424 1275 effigiem
1478 1183 2091 1279 simulacrumque
2143 1205 2465 1267 servare3
2510 1180 2642 1252 sed
2693 1196 2793 1252 ta-

648 1310 821 1356 men
866 1285 1237 1376 videbam,
1273 1290 1467 1387 apud
1509 1316 1636 1362 eos
1674 1317 1907 1388 quum
1948 1316 2214 1377 essem,
2251 1306 2323 1362 et
2359 1292 2791 1389 religionem

650 1421 801 1468 esse
841 1398 1229 1494 quamdam
1272 1402 1350 1471 in
1394 1400 1507 1473 his
1539 1400 1789 1487 rebuS,
1824 1425 1865 1470 a
1895 1399 2292 1494 majoribus
2325 1397 2692 1485 traditam,
2721 1413 2795 1469 et

649 1508 791 1579 hoc
847 1510 1215 1608 disputare
1243 1523 1344 1580 ¹⁰:
1403 1537 1570 1583 cum
1614 1526 1845 1582 statua
1895 1536 1969 1582 se
2026 1511 2183 1605 ejus
2224 1508 2568 1580 habuisse
2607 1523 2787 1579 tem·

650 1623 847 1717 poris
872 1623 1266 1708 rationem,
1300 1649 1449 1720 quo
1492 1625 1724 1721 posita
1761 1637 1985 1708 esset;
2025 1646 2193 1693 curn
2238 1621 2532 1691 homine
2580 1644 2794 1705 vero,

649 1755 798 1827 quo
835 1748 1117 1828 gereret
1154 1731 1426 1804 bellum
1451 1788 1469 1820 ,
1514 1749 1732 1831 atque
1778 1732 2003 1805 hostis
2044 1747 2251 1803 esset.

744 1846 986 1913 LXVI.
1008 1840 1281 1912 Videtis
1306 1844 1526 1940 igitur
1543 1898 1561 1929 ,
1594 1841 2193 1915 consuetudinem
2218 1841 2798 1938 religionemque

654 1956 1107 2039 Graecorutn,
1160 1978 1320 2049 quae
1379 1970 1856 2025 monumenta
1903 1953 2225 2024 hostium
2274 1957 2348 2022 in
2388 1950 2587 2022 bello
2637 1953 2800 2049 ipso

650 2063 872 2133 soleat
922 2061 1313 2135 defendere
1346 2076 1395 2152 ¹,
1436 2090 1594 2136 eam
1630 2090 1908 2136 summa
1948 2067 2024 2134 in
2067 2088 2243 2162 pace
2287 2065 2617 2161 praetoris
2670 2088 2801 2160 po·

654 2172 808 2270 puli
835 2175 1114 2241 romani
1135 2176 1386 2245 statuis
1409 2175 1742 2273 praesidio
1763 2200 1910 2245 non
1932 2174 2174 2246 fuisse.
2199 2174 2797 2259 laurominitani,

655 2304 972 2376 quorum
1021 2297 1129 2353 est
1176 2284 1421 2354 civitas
1464 2284 1882 2370 foederata',
1942 2285 2276 2355 homines
2324 2284 2804 2380 quietissimi,

654 2392 783 2488 qui
821 2397 1132 2464 maxime
1178 2393 1269 2465 ab
1309 2397 1592 2491 injuriis
1636 2412 2050 2468 nostrorum
2086 2398 2638 2491 magistratuum
2681 2418 2799 2465 re-

658 2502 1085 2575 motissimi³
1134 2523 1574 2579 consuerant
1615 2531 1767 2579 esse
1791 2563 1809 2595 ,
1846 2505 2179 2605 praesidio
2213 2502 2540 2589 foederis3
2573 2503 2654 2572 hi
2689 2518 2799 2574 ta-

656 2639 824 2686 men
861 2619 1065 2688 istius
1106 2633 1429 2689 evertere
1475 2633 1785 2689 statuam
1837 2641 1988 2687 non
2041 2613 2582 2686 dubitaverunt.
2636 2616 2800 2704 Qua

655 2724 922 2814 ablata,
962 2725 1164 2798 basin
1205 2729 1556 2799 tamenin
1597 2727 1758 2799 foro
1789 2749 2083 2797 manere
2119 2724 2506 2794 voluerunt
2539 2748 2555 2791 ε
2594 2722 2800 2819 quod

656 2837 942 2932 gravius
985 2839 1061 2907 in
1101 2840 1317 2908 istum
1356 2837 1512 2910 fore
1560 2837 1912 2938 putabant
1937 2890 1956 2925 ,
1997 2839 2054 2907 si
2105 2837 2369 2906 scirent
2419 2832 2799 2921 homineS,

729 3024 779 3071 8.
814 3022 978 3086 Olim,
1014 3027 1273 3076 «acet-rim.
1309 3028 1415 3087 ejas
1450 3030 1619 3092 impet.
1655 3043 1681 3074 a

658 3102 901 3149 moenibus
919 3125 969 3161 a,
1019 3120 1128 3167 quae
1176 3106 1510 3155 additamenta
1558 3108 1684 3156 MSS

655 3181 898 3240 rejiciunt.
926 3185 976 3231 J.
996 3184 1062 3233 V.
1097 3187 1151 3232 L.

729 3278 781 3325 9.
803 3263 1101 3328 Actigerune.
1125 3264 1346 3314 Alterum
1373 3265 1684 3314 Rhodiorum

655 3339 905 3406 religionis
924 3343 976 3390 in
999 3359 1052 3391 re
1079 3344 1246 3392 eadem
1272 3345 1553 3410 exemplum
1580 3361 1686 3410 sug·

656 3423 780 3484 gerit
796 3423 993 3470 Vitruv.
1012 3424 1087 3480 11,
1114 3427 1164 3475 8.

736 3517 813 3549 ro.
846 3501 1068 3550 Herelius
1101 3503 1299 3567 corrigit
1333 3502 1587 3567 disputari.
1614 3531 1684 3540 —-

659 3578 775 3627 Cum
791 3589 975 3628 statua.
993 3581 1144 3644 Quod
1167 3581 1231 3630 ad
1256 3593 1465 3630 statuam
1486 3582 1684 3643 attinet,

655 3657 729 3704 illi
754 3673 805 3704 se
832 3660 1106 3722 pepercisse
1122 3695 1137 3720 ,
1159 3661 1323 3725 quod,
1343 3677 1443 3725 quo
1462 3671 1684 3725 tempore

656 3736 751 3785 fuit
772 3747 1014 3784 exstructa
1032 3772 1048 3795 ,
1072 3739 1114 3786 is
1131 3751 1233 3787 erat
1255 3740 1438 3787 amicus
1457 3739 1681 3788 Rhodio-

657 3829 803 3863 rum:
830 3814 916 3862 sed
945 3817 1081 3878 qnod
1108 3817 1171 3864 ad
1196 3817 1446 3866 hominem
1474 3820 1682 3882 pertine·

660 3905 732 3942 ret
749 3929 764 3952 ‚
799 3911 850 3942 se
877 3905 1097 3959 spectare
1131 3905 1346 3959 tempus,
1381 3913 1484 3961 quo
1526 3898 1682 3946 hostis

656 3991 717 4022 ex
743 3975 902 4023 amico
926 3975 1083 4022 factus
1104 3986 1247 4023 esset.

726 4056 907 4103 LXVI.
941 4071 983 4103 ι.
1013 4055 1297 4119 Defindere.
1324 4056 1506 4105 Tamen
1535 4056 1681 4104 iidem

656 4135 750 4199 ipsi
780 4134 990 4195 Rhodii,
1020 4134 1252 4184 Chalcide
1275 4147 1411 4200 copta
1427 4173 1440 4196 ,
1467 4137 1683 4200 Philippi

1771 3025 1898 3090 regis
1927 3023 2254 3073 Macedonum
2299 3032 2479 3071 statuas
2516 3021 2798 3082 dejecerunt

1772 3121 1830 3153 ac
1854 3112 2156 3152 truncarunt.
2185 3102 2261 3149 De
2288 3102 2366 3148 his
2385 3112 2434 3148 et
2451 3099 2512 3147 de
2530 3100 2800 3148 Athenien·

1771 3184 1906 3233 sibus
1942 3184 2060 3232 olim
2105 3192 2289 3229 erectas
2329 3191 2509 3229 statuas
2544 3181 2802 3229 evertenti-

1773 3264 1865 3313 bus
1914 3263 2045 3312 conf.
2083 3264 2146 3310 T.
2188 3263 2298 3310 Liv.
2339 3261 2544 3318 xxm,
2581 3261 2681 3323 23,
2719 3269 2800 3317 44.

1774 3344 1992 3408 Appian.
2014 3345 2068 3389 in
2093 3340 2319 3389 Mithrid.

1846 3439 1896 3472 a.
1917 3421 2192 3470 Foedemm.
2224 3422 2350 3468 Duae
2377 3430 2568 3467 tantum
2597 3420 2654 3466 in
2681 3419 2800 3466 siei-

1773 3503 1837 3552 na
1855 3500 2039 3550 soedere
2057 3515 2170 3548 cum
2187 3499 2424 3548 Romanis
2446 3500 2635 3558 iuncta
2666 3508 2799 3545 erant

1773 3581 2019 3640 civitates,
2052 3579 2422 3628 Turn-ominium
2462 3587 2515 3624 et
2550 3577 2798 3634 Messana,

1773 3676 1884 3724 quae
1926 3658 2042 3707 ideo
2094 3659 2324 3707 decumas
2365 3673 2470 3706 non
2505 3655 2797 3705 vendebant.

1767 3738 1894 3789 Vide
1912 3741 2053 3786 Verr.
2073 3740 2148 3786 111
2168 3772 2182 3797 ,
2217 3738 2267 3786 6.

1841 3820 1888 3868 3.
1907 3817 2153 3866 Maxime.
2168 3851 2179 3864 .
2193 3814 2627 3865 ,remou'uimhsic
2645 3817 2797 3863 Grev.

1770 3901 1961 3947 Ernest.
1995 3916 2021 3946 e
2053 3900 2195 3947 MSS.
2224 3897 2388 3960 Vulgo
2419 3896 2607 3944 remoti.
2647 3896 2798 3955 Hujus

1768 3978 2036 4027 locutionis
2057 3977 2275 4041 exempla
2295 3975 2445 4024 babes
2462 3974 2525 4022 ad
2550 3978 2661 4023 Att.
2680 3975 2796 4032 m,

1773 4061 1860 4108 38.
1899 4059 1961 4105 T.
2003 4058 2109 4107 Liv.
2143 4060 2289 4116 xm,
2333 4058 2432 4114 23,
2475 4065 2567 4104 etc.
2609 4060 2802 4102 Pru-tn

1772 4138 2012 4204 corrigere
2039 4140 2245 4187 tentavit
2271 4141 2324 4187 J.
2348 4139 2398 4184 F.
2427 4135 2731 4184 Gronovius.
