3044 4788
679 442 818 517 538
1419 474 1428 485 ’
1465 445 2012 514 EXCURSUS

671 592 808 634 rem
848 582 964 631 aut
986 568 1300 657 legatum,
1333 589 1484 629 cum
1518 566 1795 653 imperio
1830 566 2196 652 relinquere
2228 565 2352 628 fuit
2377 581 2687 630 coactus.
2727 568 2840 630 Ci-

672 696 824 738 cero
863 671 944 736 ad
983 674 1109 736 Aet.
1135 672 1244 735 lib.
1264 671 1388 753 VI,
1425 672 1609 758 epist.
1636 671 1699 751 3,
1742 674 1821 751 4,
1861 671 1924 734 6.
1978 671 2111 751 Qui
2144 692 2303 733 vero
2335 670 2429 733 sic
2463 673 2835 758 provincia

670 777 1194 868 praeponebatur,
1222 778 1352 840 sive
1373 793 1675 863 quaestor,
1692 775 1825 839 sive
1850 776 2122 863 legatus,
2145 776 2199 838 is
2231 792 2345 840 aut
2367 779 2830 864 propraetoris,

672 900 786 947 aut
829 882 1233 972 proconsulis
1267 903 1509 945 nomen
1543 880 1911 961 obtinebat,
1966 897 2165 968 prout
2199 896 2314 944 aut
2360 882 2662 968 praetoris
2703 898 2825 944 am

669 989 954 1053 consulis
985 988 1153 1050 vices
1186 986 1563 1052 sustinebat.

756 1094 821 1157 Si
860 1090 1160 1180 praesides
1211 1114 1347 1155 rem
1399 1094 1736 1182 triumpho
1781 1092 2041 1182 dignam
2089 1092 2470 1182 gessissent,
2501 1115 2581 1156 ac
2620 1091 2706 1156 de
2734 1115 2816 1155 eo

665 1195 1059 1287 postulando
1093 1199 1488 1287 cogitarent,
1536 1223 1571 1263 e
1599 1200 1926 1288 provincia
1958 1200 2232 1279 reversi,
2267 1197 2355 1262 ad
2390 1198 2649 1262 Urbem
2676 1222 2816 1263 ma-

668 1303 929 1382 nebant,
953 1319 1020 1367 et
1040 1302 1297 1369 lictores
1326 1305 1656 1391 fascesque
1678 1304 2020 1384 laureatos,
2042 1302 2251 1367 donec
2272 1302 2811 1390 triumphassent,

667 1408 1036 1473 retinebant
1053 1432 1071 1489 ;
1091 1431 1166 1473 ac
1189 1426 1418 1474 senatu
1440 1410 1507 1473 in
1525 1409 1730 1473 aedem
1742 1409 2020 1473 Bellonae
2035 1425 2320 1499 evocato,
2338 1431 2443 1471 res
2460 1431 2501 1471 a
2515 1431 2589 1472 se
2602 1425 2808 1496 gestas

668 1515 1118 1603 exponebant3
1156 1534 1223 1582 et
1253 1516 1662 1603 triumphum
1693 1517 2022 1603 petebant.
2067 1516 2202 1580 Liv.
2235 1514 2496 1595 XXXI,
2524 1518 2639 1600 47.
2680 1516 2808 1578 De·

669 1638 850 1685 creto
883 1620 1036 1684 inde
1068 1645 1105 1684 a
1136 1638 1363 1685 senatu
1393 1622 1762 1709 triumphe,
1796 1622 1896 1684 lex
1925 1621 2252 1685 ferebatur
2285 1618 2369 1683 ad
2401 1619 2705 1708 plebem,
2738 1637 2812 1682 ut

671 1750 809 1815 quo
860 1726 965 1791 die
1021 1728 1265 1792 Urbem
1319 1727 1729 1814 triumphans
1790 1727 2011 1791 inisset
2035 1775 2055 1808 ,
2103 1726 2447 1814 imperium
2512 1725 2803 1791 haberet.

670 1831 773 1897 Id.
808 1832 1050 1912 XXVI,
1086 1855 1189 1897 21.
1225 1834 1470 1896 Urbem
1503 1833 1866 1920 ingressus,
1912 1854 2152 1921 pompa
2184 1853 2382 1918 quam
2419 1831 2707 1894 maxima
2737 1831 2807 1893 in

675 1939 1068 2027 Capitolium
1095 1939 1509 2015 ascendebat,
1535 1962 1608 2002 ac
1635 1937 1946 2025 sacrificio
1974 1939 2145 2002 facto
2178 1937 2552 2002 convivium
2578 1937 2677 2000 ibi
2700 1960 2805 2002 ce·

668 2045 991 2125 lebrabat3
1042 2061 1239 2131 atque
1284 2046 1366 2110 ad
1416 2069 1782 2135 vesperam,
1819 2045 2049 2133 positis
2102 2044 2353 2132 imperii
2394 2044 2764 2132 insignibus
2784 2092 2803 2122 ,

668 2148 942 2213 domum
973 2149 1254 2235 privatus
1291 2173 1359 2215 se
1391 2152 1729 2217 referebat.

755 2253 932 2317 Alter
949 2270 1085 2318 erat
1106 2254 1477 2342 triumphus
1506 2257 1719 2320 ovatio
1744 2255 1993 2337 dictus;
2020 2256 2225 2335 major
2252 2255 2386 2335 ille,
2421 2254 2532 2318 hic
2554 2256 2802 2335 minoi-5

669 2358 776 2424 ille
801 2358 890 2423 ob
916 2359 1237 2449 insignem
1268 2360 1605 2426 victoriam
1626 2411 1644 2445 ,
1666 2362 1773 2426 hic
1805 2361 1994 2426 etiam
2029 2360 2116 2425 ob
2149 2361 2386 2436 levem,
2414 2383 2799 2442 concoesus3

671 2464 738 2526 in
769 2464 901 2547 illo,
931 2464 1256 2555 quadrigis
1276 2491 1294 2548 ς
1314 2466 1383 2530 in
1405 2467 1532 2530 hoc
1548 2514 1567 2547 ,
1587 2466 1861 2554 pedibus
1877 2516 1896 2542 ,
1916 2482 2027 2530 aut
2053 2488 2224 2552 equo
2249 2466 2802 2553 triumphabant-3

670 2567 738 2633 in
767 2569 878 2635 illo
908 2587 1167 2652 taurus,
1213 2572 1281 2635 in
1313 2572 1440 2636 hoc
1471 2573 1609 2635 ovis
1642 2572 1707 2635 in
1741 2572 2061 2660 Capitolio
2092 2571 2572 2638 immolabatur.
2609 2572 2801 2637 Plura

667 2674 816 2740 vide
846 2676 1025 2765 apud
1055 2677 1131 2742 A.
1157 2677 1469 2757 Gellium,
1493 2677 1606 2741 lib.
1639 2678 1718 2758 V,
1741 2700 1795 2740 c.
1822 2677 1881 2741 6.
1912 2676 2076 2757 Ubi,
2117 2677 2251 2741 sive
2283 2676 2802 2763 triumphantes,

671 2782 805 2844 sive
826 2784 1073 2869 privati,
1095 2782 1338 2846 Urbem
1359 2782 1769 2864 introierant,
1790 2798 1930 2846 tum
1957 2782 2082 2846 alio
2114 2780 2218 2847 die
2251 2782 2530 2846 rationes
2564 2783 2804 2846 referre

667 2884 751 2949 ad
794 2887 1088 2950 aerarium
1118 2887 1547 2974 cogebantur3
1582 2910 1701 2950 nec
1729 2887 1937 2951 multo
1964 2903 2112 2975 post
2137 2887 2551 2951 centuriones
2573 2934 2594 2967 ,
2628 2904 2802 2951 cete-

668 3012 908 3077 rosque
940 2991 1344 3079 provincialis
1375 3015 1545 3056 curae
1570 2992 1777 3063 socios
1805 2991 1888 3056 ad
1919 2992 2214 3057 aerarium
2250 2993 2315 3054 in
2351 2990 2721 3073 beneficiis,
2750 2992 2799 3055 si

667 3095 928 3177 liberet,
962 3096 1230 3163 deferre.
1259 3101 1430 3165 Ante
1452 3100 1657 3185 legem
1682 3098 1715 3159 J
1720 3098 1915 3162 uliam
1944 3097 2146 3162 laxius
2173 3097 2499 3162 rationum
2524 3098 2802 3161 referen-

669 3200 897 3268 darum
934 3221 1193 3291 tempus
1229 3204 1399 3268 fuit:
1449 3227 1599 3269 nam
1644 3227 1717 3268 ea
1748 3204 1888 3294 lege
1922 3219 2186 3269 cautum
2233 3219 2331 3268 est
2371 3219 2445 3267 ut
2476 3203 2794 3282 rationes,

663 3333 825 3398 quas
843 3311 908 3374 in
934 3312 1262 3398 provincia
1290 3311 1464 3400 apud
1488 3310 1649 3375 duas
1674 3311 1958 3376 civitates
1983 3310 2422 3397 reliquissent,
2451 3331 2555 3373 eas
2579 3310 2796 3373 statim

664 3431 859 3503 atque
882 3415 1125 3482 Urbem
1150 3418 1421 3481 inissent
1442 3416 1524 3480 ad
1555 3418 1848 3480 aerarium
1876 3414 2159 3482 totidem.
2184 3415 2394 3481 verbis
2441 3414 2793 3494 referren13

643 3517 867 3605 ‘atque
896 3521 1156 3609 triginta
1183 3522 1411 3587 diebus
1442 3520 1680 3609 quibus
1700 3523 1978 3588 rationes
1998 3521 2402 3601 retulissent,
2431 3520 2705 3583 comites
2732 3521 2796 3584 in

667 3623 997 3688 beneficiis
1024 3624 1367 3694 deferrent.

756 3729 1007 3811 Quaeris
1043 3733 1206 3818 quid
1237 3734 1319 3797 sit
1354 3764 1380 3789 ι
1402 3735 1472 3796 in
1508 3734 1836 3799 beneficiis
1868 3734 1951 3798 ad
1986 3736 2282 3798 cerarium
2315 3733 2557 3796 referre
2576 3765 2624 3798 -.
2672 3734 2792 3796 Be·

671 3834 974 3899 neficium
1007 3836 1073 3899 in
1107 3860 1178 3901 re
1212 3836 1466 3902 militari
1499 3840 1848 3904 vocabatur
1871 3840 2202 3928 provectio
2233 3838 2314 3903 ad
2346 3838 2641 3901 altiorem
2668 3860 2793 3926 gra-

673 3937 831 4003 dum
867 3962 882 4003 :
922 3939 1101 4029 quod
1137 3959 1210 4005 ut
1242 3959 1454 4008 ratum
1491 3961 1691 4025 esset,
1731 3942 2044 4025 debebat,
2081 3961 2157 4009 ut
2190 3943 2503 4022 diximus,
2537 3942 2620 4006 ad
2651 3966 2791 4006 aera·

670 4048 837 4112 rium
873 4049 1113 4113 referri.
1136 4051 1267 4133 Qui
1300 4053 1584 4139 promoti
1618 4051 1894 4134 fuerant,
1927 4050 2225 4118 beneficii
2251 4051 2387 4131 ejus
2411 4049 2789 4115 dicebantur

661 4177 851 4235 esse,
883 4177 917 4217 a
962 4176 1094 4243 quo
1140 4157 1423 4244 promoti
1473 4159 1746 4221 fuerant.
1786 4157 1961 4221 Suet.
1997 4156 2143 4250 rIJib.
2178 4180 2233 4222 c.
2283 4178 2391 4220 12:
2443 4184 2468 4209 «ι
2500 4154 2694 4220 Venit
2726 4156 2789 4217 in
