3044 4788
607 430 746 515 234
1403 429 1944 500 EXGURSUS

601 566 722 629 luit
745 596 788 626 ».
822 562 1025 651 Epist.
1052 585 1116 649 7,
1149 561 1257 625 lib.
1274 563 1359 644 11,
1395 561 1479 625 ad
1504 562 1898 627 Curionem:
1943 559 2206 646 «anue
2238 557 2398 622 mihi
2444 557 2742 623 conditio

598 682 876 750 maneat,
905 691 1035 756 qua
1066 669 1397 756 profectus
1420 691 1567 732 sum
1590 701 1636 732 n.
1660 667 1827 733 Ibid.
1850 690 1952 756 ep.
1976 690 2001 729 1
2017 664 2076 746 5,
2093 665 2175 729 ad
2196 663 2469 729 Coelium
2494 687 2509 728 :
2537 695 2564 720 ι
2580 664 2736 728 Non

600 799 705 840 me
736 776 926 864 plane
957 790 1109 862 post
1132 795 1378 837 annum
1400 823 1420 856 ,
1456 790 1534 839 ut
1569 789 1829 839 senatus
1857 771 2093 853 voluit,
2141 793 2216 834 ex
2256 770 2586 859 provincia
2618 768 2738 831 de-

600 883 866 947 cessisse
890 903 949 961 »3
983 880 1065 944 ad
1105 881 1394 945 Atticum
1439 882 1625 970 epist.
1663 881 1733 963 3,
1767 881 1880 946 lib.
1902 879 2058 942 VII:
2101 878 2279 941 «Etsi
2317 876 2759 965 cupidissime·

603 1008 1003 1074 expressum,
1032 1001 1097 1050 et
1123 988 1478 1075 expetitum
1518 1012 1557 1051 a
1592 1011 1697 1052 me
1735 987 1849 1068 sit,
1886 1001 1951 1049 et
1981 983 2412 1073 approbatum
2436 1005 2473 1045 a
2509 998 2606 1062 te,
2645 1003 2735 1044 ne

593 1089 840 1154 diutius
893 1113 1065 1154 anno
1118 1092 1187 1155 in
1233 1093 1566 1181 provincia
1620 1114 1889 1156 essem».
1942 1092 2038 1154 Ex
2092 1088 2330 1176 quibus
2379 1086 2735 1175 colligitur,

592 1196 791 1259 fuisse
823 1194 950 1261 hoe
981 1219 1350 1286 expressum
1399 1220 1436 1261 a
1470 1199 1785 1272 Cicerone
1826 1197 1894 1259 in
1935 1182 1998 1260 S'.
2035 1195 2107 1258 C.
2145 1208 2220 1257 ut
2258 1215 2348 1256 eae
2384 1191 2735 1279 provinciae

593 1323 712 1389 per
744 1324 988 1365 annum
1026 1301 1673 1383 administrarentur3
1721 1300 1902 1388 quod
1938 1301 2005 1363 in
2049 1299 2185 1363 aliis
2230 1297 2541 1361 usitatum
2593 1316 2731 1357 non

597 1421 767 1488 erat,
805 1406 1110 1493 nullaque
1145 1405 1339 1471 fiebat
1375 1407 1626 1471 mentio
1661 1405 2006 1494 temporis,
2035 1420 2109 1467 ut
2139 1417 2403 1491 apparet
2433 1422 2514 1465 ex
2544 1422 2644 1488 ep.
2662 1423 2730 1485 7,

595 1511 707 1575 lib.
725 1512 916 1593 VIII,
953 1528 1017 1576 et
1045 1536 1123 1576 ex
1141 1513 1426 1601 Philipp.
1455 1513 1550 1594 11,
1587 1511 1668 1575 de
1694 1511 1937 1574 Cassio.
1980 1508 2465 1590 Quamobrem,
2508 1506 2560 1568 si
2605 1504 2734 1567 fuit

588 1616 717 1681 hoc
742 1618 1065 1707 singulare
1097 1616 1178 1680 de
1214 1617 1528 1680 Cicerone
1548 1662 1568 1695 ,
1605 1616 1874 1702 aliisque
1907 1636 2060 1677 cum
2093 1615 2237 1701 ipso
2274 1614 2340 1675 in
2365 1610 2731 1699 provincias

589 1722 919 1786 mittendis
942 1769 961 1801 ,
1014 1722 1224 1784 multo
1271 1721 1489 1783 minus
1526 1719 1743 1783 mirari
1776 1719 2091 1784 debemus
2113 1767 2131 1800 ,
2165 1732 2230 1780 et
2270 1718 2357 1780 ita
2380 1738 2547 1803 saepe
2574 1738 2725 1778 eum

589 1828 870 1892 scribere
892 1874 910 1907 ,
956 1825 1281 1889 decretam
1318 1825 1440 1889 sibi
1477 1826 1676 1890 fuisse
1704 1802 1986 1889 annuam
2015 1823 2444 1912 provinciam,
2474 1838 2540 1885 et
2564 1821 2730 1884 adeo

587 1956 709 2021 pro
760 1930 1170 2021 impedienda
1215 1933 1520 2019 temporis
1568 1933 2028 2022 prorogatione
2082 1930 2424 1994 laborasse.
2475 1929 2726 2011 Quam·

587 2064 783 2128 quam
812 2062 948 2103 non
977 2055 1076 2102 est
1092 2039 1484 2127 negandum,
1509 2041 1802 2128 potuisse
1821 2040 2200 2104 Ciceronem
2226 2058 2360 2100 non
2387 2035 2724 2114 decedere,

591 2144 840 2209 etiamsi
883 2144 1046 2206 nihil
1084 2161 1302 2208 actum
1355 2146 1553 2210 fuerit
1598 2146 1680 2210 de
1715 2145 2194 2235 prorogatione.
2234 2143 2439 2229 Epist.
2489 2140 2560 2218 5,
2609 2140 2721 2202 lib.

589 2250 749 2312 VIII
770 2297 788 2330 ,
823 2249 912 2311 ait
942 2250 1177 2314 Coelius
1211 2273 1343 2314 non
1380 2251 1668 2315 futuram
1698 2251 2173 2317 successionem
2201 2247 2718 2336 provinciarum3

589 2352 828 2419 deinde
851 2353 1149 2435 subjicit:
1189 2359 1510 2423 «Tametsi
1547 2358 1667 2422 hac
1711 2357 1794 2422 de
1835 2381 1904 2422 re
1931 2373 2127 2446 puto,
2160 2371 2223 2419 te
2253 2354 2719 2431 constitutum,

593 2459 750 2547 quid
788 2462 1073 2525 {aeturus
1107 2485 1311 2545 esses,
1346 2463 1664 2545 habere»;
1703 2464 1884 2551 quod
1917 2465 1970 2527 si
2014 2461 2372 2526 necessario
2401 2456 2722 2522 deceden-

590 2566 752 2631 dum
781 2568 1007 2633 fuisset
1027 2617 1045 2651 ,
1076 2592 1209 2634 non
1239 2570 1306 2633 id
1340 2571 1777 2635 constituisset
1795 2618 1815 2651 ,
1848 2570 2030 2658 quasi
2055 2585 2245 2656 capto
2273 2565 2566 2631 consiliu.
2604 2565 2722 2651 Ep.

593 2672 636 2736 6
654 2721 672 2754 ,
708 2674 936 2757 lib.VI,
962 2675 1042 2739 ad
1063 2676 1384 2741 Atticum:
1418 2708 1442 2732 α
1460 2679 1636 2741 Dum
1675 2674 2049 2764 impendere
2072 2674 2295 2737 Parthi
2318 2670 2723 2749 videbantur,

591 2794 939 2844 statueram
978 2782 1240 2845 fratrem
1274 2783 1639 2870 relinquere
1659 2831 1677 2864 ,
1710 2799 1827 2846 aut
1859 2782 2053 2846 etiam
2080 2780 2239 2867 reip.
2274 2800 2465 2841 causa
2499 2792 2723 2839 contra

593 2884 657 2947 S.
691 2883 762 2947 C.
795 2886 933 2972 ipse
986 2910 1385 2953 remanere».
1447 2890 1803 2977 Imperium
1852 2888 2051 2977 igitur
2101 2885 2319 2949 adhuc
2363 2881 2720 2947 obtinebat.

594 2989 795 3077 Epist.
824 3013 925 3078 17,
960 2991 1070 3056 lib.
1099 2994 1184 3075 11,
1204 2994 1286 3058 ad
1321 2996 1707 3058 Caninium:
1737 3026 1761 3049 n
1779 2997 1878 3059 De
1905 3015 2273 3058 successore
2299 2989 2461 3054 nihil
2484 2986 2723 3066 audivi,

592 3118 711 3159 nec
738 3120 1134 3186 quemquam
1168 3103 1310 3164 fore
1350 3102 1666 3183 arbitror;
1699 3101 1856 3189 quin
1887 3099 1968 3163 ad
1995 3100 2168 3163 diem
2195 3094 2526 3173 decedam,
2549 3091 2721 3154 nulla

589 3225 777 3269 causa
798 3220 913 3285 est,
938 3207 1288 3293 praesertim
1314 3206 1568 3269 sublato
1605 3222 1784 3270 metu
1809 3207 2139 3285 Parthico;
2165 3215 2720 3267 commoraturum

590 3332 694 3374 me
726 3333 1050 3399 nusquam
1079 3336 1231 3376 sane
1265 3312 1616 3375 arbitror-2
1653 3313 1999 3400 innuitque
2037 3334 2105 3376 se
2142 3309 2415 3374 omnino
2455 3310 2719 3396 quidem

585 3417 747 3480 velle
786 3418 1133 3499 decedere,
1174 3441 1505 3482 remanere
1546 3435 1761 3484 tamen
1804 3420 1995 3483 etiam
2030 3418 2338 3505 potuisse.
2366 3419 2510 3481 Imo
2540 3433 2722 3504 post-

588 3542 785 3606 quam
818 3522 900 3586 de
936 3524 1263 3612 provincia
1303 3523 1613 3605 decessit,
1652 3547 1906 3610 semper
1961 3546 2028 3586 se
2080 3524 2218 3609 ipse
2265 3523 2719 3611 imperatorem

587 3626 963 3712 appellavit,
1007 3638 1158 3692 'eam
1197 3629 1284 3691 ob
1327 3652 1585 3694 causam
1626 3629 1961 3708 videlicet,
2011 3627 2190 3715 quod
2243 3628 2381 3715 lege
2425 3628 2722 3690 Cornelia

585 3728 932 3817 imperium
968 3732 1266 3815 haberet,
1320 3735 1540 3822 quoad
1573 3735 1642 3797 in
1679 3734 1922 3797 Urbem
1955 3734 2346 3815 introiisset3
2401 3732 2466 3796 id
2502 3749 2719 3796 autem

587 3855 721 3897 non
751 3838 1079 3922 praestitit,
1116 3838 1239 3902 nisi
1266 3840 1438 3904 victo
1457 3841 1792 3929 Pompeio.

679 3941 888 4003 Caesar
931 3941 1214 4027 denique
1258 3945 1557 4026 affertur,
1619 3946 1730 4032 qui
1774 3970 1941 4034 soepe
1983 3946 2226 4010 dicitur
2261 3943 2435 4031 apud
2471 3941 2722 4007 Plutar-

586 4044 816 4128 chum,
848 4047 1215 4134 Appianum
1241 4095 1257 4128 ,
1299 4065 1360 4111 et
1398 4049 1592 4129 ali05,
1636 4050 1792 4114 illud
1840 4075 1875 4115 a
1927 4067 2152 4115 senatu
2205 4048 2590 4136 postulasse,
2649 4063 2720 4110 ut
