3044 4788
625 412 758 457 212
1216 375 1310 454 Μ.
1365 386 1443 451 Τ.
1499 385 2065 457 CICERONIS

617 511 807 580 cium
853 504 1258 579 sustinebit.
1298 506 1437 575 ΑΗ
1476 529 1568 575 ne
1607 509 1665 576 is
1707 505 2001 602 quidem
2037 521 2319 577 tantum
2356 510 2754 583 contendet

613 623 687 691 in
741 617 1092 701 dicende,
1139 630 1494 714 quantum
1528 630 1776 713 -potest
1810 645 1825 686 :
1862 615 1992 686 sed
2040 618 2375 689 consulet
2426 620 2624 692 laudi
2677 637 2752 693 et

618 729 1129 802 existimationi
1162 741 1346 809 tuae3
1392 739 1464 796 et
1508 749 1599 795 ex
1642 750 1768 814 eo,
1806 724 2008 823 quod
2054 727 2211 824 ipse
2246 743 2484 825 potest
2519 732 2596 801 in
2635 730 2748 802 di-

616 838 883 923 cend0‚
911 837 1358 934 aliquantum
1394 834 1749 922 remittet,
1782 851 1867 905 ut
1894 849 1979 906 tu·
2008 849 2246 908 tamen
2282 839 2548 937 aliquid
2587 866 2740 913 esse

609 947 918 1018 videare.
957 950 1055 1015 Ut
1097 948 1169 1014 in
1209 943 1576 1016 actoribus
1610 943 1924 1017 Graecis⁵
1966 943 2125 1017 fieri
2151 947 2516 1038 videmus3
2556 976 2742 1050 saepe

612 1058 853 1142 illum,
911 1056 1039 1153 qui
1103 1067 1209 1126 est
1250 1053 1736 1127 secundarum
1794 1070 1921 1126 aut
1975 1058 2348 1128 tertiarum
2389 1063 2745 1157 partium,

616 1191 845 1264 quum
886 1167 1111 1262 possit
1142 1165 1512 1262 aliquanto
1553 1164 1810 1236 clarius
1836 1164 2076 1238 dicere
2098 1221 2118 1248 ,
2150 1192 2369 1264 quam
2408 1170 2559 1266 ipse
2596 1173 2742 1269 pri-

614 1299 895 1346 marum
911 1273 968 1362 ⁶,
995 1274 1307 1346 multum
1338 1276 1789 1346 summittere
1810 1287 1866 1361 ⁷,
1891 1291 1973 1346 ut
1996 1275 2115 1347 ille
2148 1279 2488 1376 princeps
2525 1306 2744 1378 quam

617 1385 922 1456 maxime
954 1382 1254 1454 excellat
1292 1410 1307 1452 :
1354 1385 1455 1454 sic
1481 1380 1697 1453 faciet
1725 1383 2085 1474 Allienus3
2116 1384 2248 1458 tibi
2286 1392 2577 1478 serviet,
2612 1391 2744 1463 tibi

616 1492 1181 1580 lenocinabitur3
1219 1495 1460 1562 minus
1495 1492 1867 1588 aliquanto
1897 1495 2325 1585 contendet,
2359 1523 2581 1596 quam
2614 1525 2745 1598 po-

617 1622 773 1677 test.
813 1612 967 1677 Jam
1009 1604 1149 1673 hoc
1190 1599 1681 1686 considerate,
1732 1604 2139 1699 cujusmodi
2182 1623 2629 1681 accusatores
2668 1611 2743 1681 in
2820 1644 2824 1648 ·

611 1731 813 1810 tanto
852 1712 1128 1810 judicio
1174 1716 1396 1780 simus
1439 1709 1805 1782 habituri:
1855 1740 2083 1812 quum
2121 1730 2193 1786 et
2235 1719 2388 1815 ipse
2424 1719 2745 1792 Allienus

615 1852 701 1897 ex
739 1850 823 1897 ea
856 1820 1232 1904 facultate,
1271 1820 1330 1890 si
1367 1843 1587 1916 quam
1626 1819 1844 1893 habet
1866 1878 1883 1908 ,
1918 1824 2366 1923 aliquantum
2393 1827 2744 1902 detractu-

583 1961 739 2007 -rus
781 1938 910 2019 sit;
957 1944 1031 2001 et
1071 1929 1392 2000 Caecilius
1434 1944 1590 2000 tum
1628 1929 1943 2029 denique
1980 1959 2056 2005 se
2099 1935 2372 2034 aliquid
2415 1937 2742 2011 futurum

614 2058 821 2144 putet
844 2096 862 2129 ,
890 2042 947 2112 si
985 2039 1304 2109 Allienus
1334 2040 1574 2109 minus
1607 2040 1997 2114 vehemens
2032 2043 2284 2133 fuerit,
2322 2063 2394 2118 et
2430 2047 2566 2120 sibi
2594 2052 2736 2147 pri-

611 2178 766 2225 mas
810 2154 885 2220 in
922 2147 1233 2219 dicendo
1277 2161 1518 2244 partes
1568 2153 2022 2222 concesserit.
2081 2153 2482 2243 Quartum⁸
2525 2183 2742 2254 quem

618 2266 708 2335 sit
731 2259 1109 2331 habiturus
1130 2312 1149 2346 ‚
1173 2282 1323 2327 non
1351 2256 1595 2345 vide0,
1633 2262 1770 2331 nisi
1797 2286 2017 2358 quem
2049 2261 2236 2335 forte
2263 2290 2350 2337 ex
2378 2266 2502 2338 illo
2528 2293 2744 2366 grege

618 2381 1124 2456 moratorum9,
1140 2369 1269 2466 qui
1298 2365 1906 2466 subscriptionem
1937 2372 2068 2445 sibi
2094 2374 2575 2474 postularunt,
2590 2380 2743 2451 cui-

621 2490 1019 2580 cumque¹⁰
1054 2504 1182 2551 vos
1225 2478 1663 2551 delationem
1705 2480 2102 2557 dedissetis.
2145 2490 2254 2556 Ex
2287 2487 2553 2584 quibus
2578 2490 2745 2562 alie-

692 2692 740 2738 4.
770 2685 847 2730 Ac
869 2697 943 2728 ne.
970 2678 1087 2729 Ald.
1106 2678 1237 2726 oliv.
1258 2677 1454 2725 Lallem.
1473 2678 1569 2726 Ox.
1724 2679 1939 2729 lienum:
1983 2697 2142 2744 neque
2190 2683 2237 2730 ei
2279 2683 2439 2748 placet
2492 2685 2630 2748 quod
2677 2686 2745 2732 nit

691 2762 742 2809 5.
774 2758 978 2809 Graecis.
997 2756 1317 2806 Valkennrius
1340 2757 1392 2803 in
1419 2756 1563 2806 distr.
1581 2759 1633 2803 in
1723 2759 1994 2806 Asconius:
2012 2770 2237 2823 quartum
2260 2762 2447 2810 scilicet
2472 2764 2619 2812 istum
2644 2781 2745 2812 esse

612 2840 781 2904 Eurip.
807 2843 995 2901 Fragm.
1022 2853 1073 2900 p.
1093 2837 1213 2895 182,
1236 2835 1335 2899 legi
1352 2836 1456 2883 vult
1479 2836 1633 2900 tragi—
1722 2836 1785 2884 ab
1820 2848 2122 2889 accusatore.
2149 2840 2261 2887 Dici
2291 2852 2450 2889 autem
2479 2844 2747 2908 simplicius

615 2919 699 2967 cis.
711 2917 975 2980 vulgatum
990 2914 1121 2962 enim
1138 2914 1322 2962 Groect’s
1338 2914 1460 2961 nihil
1477 2914 1636 2962 facere
1723 2924 1887 2979 potest
1921 2915 2116 2965 ductam
2152 2935 2255 2967 esse
2294 2919 2356 2967 ab
2398 2921 2745 2982 histrionibus,

618 2998 681 3046 sd
718 3012 837 3043 rem.
874 2994 971 3043 Sed
1008 2994 1307 3057 refragantur
1346 3004 1394 3041 et
1429 2995 1556 3042 MSS
1588 2994 1647 3041 et*
1724 2998 1779 3042 ut
1820 3010 1991 3059 supra,
2034 2999 2398 3061 metaphoramz
2437 3002 2635 3050 Caecilio
2674 3020 2747 3051 se-

621 3076 735 3123 edd.
763 3089 931 3123 omnes
946 3107 963 3134 ‚
987 3084 1037 3121 et
1064 3074 1167 3136 ipse
1192 3074 1392 3130 Cicero,
1428 3074 1515 3135 qui
1543 3084 1642 3136 pro·
1724 3073 1906 3121 cundss
1931 3088 2092 3139 partes
2114 3091 2252 3141 agere
2271 3080 2560 3142 Apuleium3
2584 3074 2746 3131 tertia,

615 3157 774 3204 Flacc.
804 3171 910 3218 cap.
939 3168 1004 3214 27
1040 3164 1273 3201 memorat
1298 3152 1350 3199 in
1383 3151 1639 3199 comoediis
1724 3151 1992 3211 Allienum3
2020 3172 2151 3203 nunc
2170 3171 2299 3223 „ergo
2335 3157 2398 3205 de
2431 3161 2617 3224 quartis
2649 3163 2744 3225 agi.

617 3236 784 3300 graecis
809 3248 974 3281 servos
993 3232 1255 3297 primarum
1276 3230 1506 3294 partium.
1526 3231 1637 3276 Hoc
1724 3233 1803 3278 Sic
1843 3248 1934 3280 nos
1972 3235 2181 3297 genuina
2213 3236 2463 3285 locutione
2504 3239 2745 3289 dicimus:

618 3325 778 3363 autem
812 3315 927 3361 loco
971 3313 1032 3360 de
1068 3309 1387 3358 histrionibus
1421 3306 1641 3370 loquitur
1715 3313 1934 3374 prendre
1983 3328 2115 3377 pour
2174 3317 2384 3373 second,
2436 3334 2573 3382 pom·
2628 3321 2748 3368 eroi-

620 3394 706 3456 qni
732 3391 914 3440 fabulas
940 3399 1089 3453 agunt
1116 3388 1361 3452 palliatas,
1389 3385 1426 3433 i.
1450 3401 1491 3432 e.
1515 3403 1638 3450 qus-
1723 3389 1894 3446 sieme,
1920 3402 2017 3440 etc.

619 3485 725 3518 rum
748 3476 1083 3532 argumentum
1103 3480 1314 3531 graecum
1337 3474 1435 3525 αις
1470 3466 1637 3528 quales
1797 3484 1846 3529 9.
1874 3472 2196 3520 Mortuerum.
2224 3472 2608 3536 obturbatores,
2643 3495 2747 3527 sor-

619 3548 775 3596 Plauti
794 3546 1104 3609 Terentiique
1127 3544 1318 3592 sabulae.
1726 3545 1964 3610 didosque
1987 3551 2257 3599 causidicos
2284 3551 2546 3618 significat,
2567 3561 2650 3620 qui
2668 3559 2749 3606 sd-

694 3628 744 3673 6.
773 3628 883 3689 Ipse
899 3624 1190 3688 primarum.
1227 3624 1384 3685 Quam
1420 3621 1501 3669 ille
1532 3624 1635 3688 ipse
1722 3624 2014 3674 bibebantur
2033 3629 2096 3676 ad
2113 3646 2297 3678 moram
2317 3633 2607 3695 faciendam,
2629 3637 2747 3686 dum

624 3707 708 3770 qui
729 3707 907 3769 primas
925 3715 1085 3768 partes
1100 3705 1216 3767 agit.
1730 3704 1952 3753 meliores
1976 3706 2199 3758 advocati
2228 3724 2577 3774 recrearentur,
2609 3726 2659 3764 et
2695 3733 2746 3764 se

696 3803 747 3847 7.
776 3782 1093 3831 Smnmieeere.
1121 3780 1336 3830 Subeud.
1360 3796 1531 3828 vocem
1559 3792 1646 3830 aut
1730 3781 1892 3831 denuo
1915 3801 2249 3851 compararent
2273 3791 2335 3838 ad
2364 3791 2642 3844 dicendum.
2664 3797 2746 3844 Sic

616 3876 819 3931 gestum.
1728 3863 1911 3926 optime
1930 3868 2186 3918 Asconius.
2215 3870 2343 3917 Olim
2364 3871 2613 3934 legebatur
2630 3891 2748 3923 ora·

694 3947 744 3993 8.
778 3946 1032 4006 Quartum.
1059 3939 1352 3990 Mendosum
1373 3938 1537 3993 locum
1559 3955 1638 3987 su·
1725 3952 1896 3992 comm.
1915 3946 2128 3995 Pessimo
2146 3948 2340 3997 mendo.

618 4027 831 4088 spicatur
867 4018 1084 4080 Desjard.
1112 4018 1250 4083 quod
1289 4018 1414 4065 duos
1449 4029 1637 4065 tantum
1804 4040 1881 4073 ro.
1904 4026 2332 4091 Guicrmtque.Sive
2348 4029 2496 4089 mihi,
2523 4032 2625 4080 sive
2644 4036 2751 4083 Cae·

620 4102 887 4153 nominavit
915 4110 1097 4159 orator,
1120 4097 1448 4161 L0Apuleium
1478 4109 1528 4146 et
1548 4098 1636 4145 Al·
1724 4102 1854 4151 cilio.
