3044 4788
617 427 727 495 IN
776 428 1199 496 VERREM
1249 429 1465 497 ACT.
1525 430 1632 511 ll,
1685 429 1872 496 LIB.
1927 431 2025 496 ΙΙ.
2246 428 2388 524 489

258 547 460 620 debis
481 548 575 619 ad
601 548 958 620 honores²
984 563 1203 645 atque
1242 549 1797 649 amplitudinem
1826 564 2023 620 tuam
2050 551 2394 648 pecunias

261 662 598 731 maximas
648 661 1019 731 voluntate
1067 685 1197 730 sua
1249 660 1692 732 contulisse?
1746 660 1996 749 cred0,
2044 662 2173 757 qui
2213 675 2281 730 te
2318 662 2395 730 in

260 785 383 841 tua
432 771 714 840 civitate
758 769 1201 841 incolumem
1237 795 1391 842 esse
1431 770 1753 857 nollent,
1806 771 1881 841 hi
1926 787 2398 842 monumenta

259 894 396 951 tuae
415 876 441 923 ³
472 878 720 950 formae
747 904 829 951 ac
862 883 1178 951 nominis
1219 884 1293 951 in
1324 885 1472 953 suis
1501 881 1911 953 civitatibus
1954 907 2108 954 esse
2144 886 2393 979 cupie-

255 989 456 1060 bant.
503 994 641 1061 Res
675 990 1061 1062 declaravit
1083 994 1138 1080 ⁴,
1179 1005 1263 1061 ut
1296 995 1658 1090 cupierint
1688 1020 1704 1061 ε
1731 992 2163 1089 jamdudum
2202 996 2394 1064 enim

253 1100 434 1171 mihi
477 1103 786 1171 nimium
832 1104 1146 1172 tenuiter
1203 1101 1612 1174 Siculorum
1658 1128 1824 1200 erga
1878 1118 1950 1175 te
2012 1103 2401 1175 voluntatis

253 1225 679 1306 argumenta
722 1210 1058 1307 colligere
1112 1209 1381 1298 videor,
1422 1228 1668 1283 utrum
1716 1228 1984 1285 statuas
2033 1216 2397 1286 voluerint

253 1319 389 1390 tibi
422 1334 776 1407 statuere,
824 1345 914 1391 an
952 1322 1181 1393 coacti
1218 1327 1382 1393 sint.
1419 1329 1527 1394 De
1565 1348 1715 1420 quo
1754 1322 2049 1396 homine
2090 1324 2230 1396 hoc
2268 1351 2398 1397 au-

251 1431 488 1501 ditum
517 1446 626 1501 est
660 1455 1009 1527 umquam
1030 1486 1050 1521 ,
1093 1432 1294 1529 quod
1323 1431 1454 1504 tibi
1493 1433 1751 1504 accidit
1776 1489 1794 1521 ‚
1821 1449 1906 1505 ut
1937 1434 2092 1530 ejus
2119 1439 2193 1505 in
2224 1460 2398 1533 pro-

250 1545 486 1612 vincia
530 1556 820 1629 statuae,
862 1543 938 1612 in
984 1542 1162 1615 locis
1199 1542 1510 1641 publicis
1552 1549 1841 1642 positae,
1883 1547 2144 1643 partim
2182 1549 2397 1617 etiam

253 1653 330 1722 in
364 1652 638 1724 aedibus
681 1654 896 1725 sacris
919 1708 938 1742 ,
977 1678 1109 1751 per
1139 1656 1284 1724 vim
1306 1709 1325 1742 ,
1361 1680 1492 1754 per
1529 1658 1938 1726 universam
1985 1656 2398 1727 multitudi-

253 1787 424 1833 nem
464 1762 995 1859 dejicerentur?
1028 1769 1166 1836 Tot
1197 1765 1533 1837 homines
1560 1768 1636 1836 in
1669 1770 1830 1838 Asia
1858 1783 2246 1853 nocente5‚
2292 1782 2402 1838 tot

252 1874 328 1942 in
370 1870 605 1945 Africa
624 1929 642 1961 ‚
675 1889 785 1945 tot
814 1876 890 1944 in
917 1876 1288 1974 Hispania,
1317 1877 1544 1947 Gallia
1566 1932 1585 1964 ‚
1616 1876 1939 1948 Sardinia
1958 1931 1977 1963 ‚
2008 1891 2119 1947 tot
2144 1877 2218 1946 in
2244 1879 2400 1974 ipsa

252 1984 484 2054 Sicilia
521 1982 857 2056 fuerunt:
907 2010 1142 2083 ecquo
1172 1984 1264 2058 de
1298 1986 1597 2060 homine
1637 1988 1778 2059 hoc
1815 2013 2161 2086 umquam
2198 1988 2398 2060 audi-

251 2094 531 2165 vimus?
557 2098 845 2166 Novum
894 2112 998 2167 est
1021 2151 1039 2183 ‚
1073 2098 1396 2192 judices3
1435 2101 1511 2169 in
1548 2099 1802 2171 Siculis
1839 2100 2176 2197 quidem,
2213 2114 2286 2172 et
2322 2101 2398 2169 in

251 2203 643 2277 omnibus⁵
676 2208 977 2294 Graecis,
1011 2212 1317 2280 monstri
1356 2211 1590 2281 simile
1620 2236 1636 2280 ε
1668 2236 1819 2281 non
1853 2209 2225 2281 crederem
2255 2209 2398 2279 hoc

252 2313 345 2387 de
390 2319 681 2406 statuis,
726 2321 864 2389 nisi
904 2319 1225 2414 jacentes
1274 2320 1741 2419 revulsasque
1794 2319 2174 2406 vidissem;
2222 2343 2391 2418 pro·

249 2421 500 2525 pterea
539 2429 739 2525 quod
777 2430 971 2528 apud
1012 2455 1265 2502 omnes
1301 2435 1591 2502 Graecos
1622 2431 1741 2501 hic
1779 2454 1937 2500 mos
1974 2442 2114 2515 est,
2141 2444 2224 2499 ut
2260 2428 2394 2499 ho-

252 2560 510 2607 norem
573 2535 992 2611 hominibus
1054 2539 1386 2611 habitum
1448 2542 1522 2610 in
1592 2543 2087 2611 monumentis
2137 2538 2395 2632 hujus-

257 2644 501 2731 modi,
544 2647 899 2718 nonnulla
957 2649 1306 2746 religione
1361 2650 1665 2720 deorum
1721 2643 2177 2719 consecrari6
2214 2646 2400 2718 arbi·

256 2771 565 2828 trentur.
629 2763 881 2854 Itaque
943 2785 1171 2856 quum
1229 2760 1496 2832 Rhodii
1542 2758 1818 2831 bellum
1879 2756 2098 2829 illud7
2167 2782 2397 2855 prope

256 2867 390 2939 soli
409 2869 743 2967 superius
765 2893 932 2939 cum
959 2870 1372 2943 Mithridate
1400 2897 1567 2967 rege
1600 2875 1975 2967 gesserint,
1997 2893 2400 2965 omnesque

256 3126 490 3174 euadente
515 3125 729 3174 Hei-elio.
758 3125 1041 3174 Probamus.
1070 3129 1103 3175 J
1110 3158 1122 3172 .
1144 3128 1207 3175 V.
1231 3129 1285 3175 L.
1375 3127 1587 3176 thridate
1609 3128 1790 3176 exarsit
1808 3142 1942 3176 auno
1960 3128 2093 3188 6653
2120 3138 2193 3176 ter
2217 3128 2400 3174 instau-

330 3206 506 3256 208011.
529 3206 715 3271 recepit
741 3205 972 3254 honorem
994 3224 1022 3256 e
1043 3206 1157 3255 eod.
1182 3211 1286 3257 Ho-
1376 3217 1534 3255 ratum
1572 3224 1724 3272 quum
1762 3208 1960 3264 fuisset,
2012 3207 2168 3272 ipsius
2206 3206 2402 3254 Mithri·

257 3286 504 3344 tomani,
530 3286 657 3335 duce
682 3285 939 3335 Lambino.
969 3289 1092 3335 LV.
1113 3289 1168 3335 L.
1375 3288 1501 3336 datis
1549 3297 1704 3335 morte
1747 3286 1939 3334 finitum
1982 3298 2054 3334 est
2103 3289 2164 3334 A.
2189 3285 2253 3332 15.
2279 3284 2399 3346 690.

331 3359 381 3412 3.
413 3367 527 3411 Tuae
547 3364 753 3428 fhrmoe.
779 3367 903 3428 Quae
931 3368 1004 3414 tui
1038 3366 1203 3414 vultus
1226 3367 1285 3414 n·
1372 3393 1447 3403 —
1479 3367 1708 3432 Superius
1745 3378 1908 3414 autem
1951 3365 2117 3414 habita
2167 3363 2403 3428 temporis

259 3455 536 3501 neamenta,
554 3455 789 3508 tuumque
814 3462 996 3495 nomen
1022 3457 1282 3496 tenerent.
1372 3448 1592 3505 ratione,
1638 3447 1852 3512 primum
1885 3445 2010 3494 illud
2050 3456 2124 3494 est
2150 3446 2290 3506 cujus
2316 3460 2401 3492 au·

331 3533 379 3581 4.
398 3522 525 3574 eod.
547 3523 761 3582 Metelli,
785 3525 1072 3576 declarabit.
1090 3529 1207 3576 LV.
1224 3529 1282 3576 L.
1373 3536 1481 3573 ctor
1506 3527 1602 3575 fuit
1630 3528 1705 3574 Μ.
1731 3525 2005 3590 Aquillius,
2031 3537 2081 3574 et
2114 3526 2193 3573 cui
2224 3523 2336 3572 finis
2375 3539 2401 3571 a

333 3605 381 3652 5.
408 3602 640 3652 Gulielm.
662 3604 952 3653 emendabat
976 3606 1279 3663 hominibus,
1370 3607 1423 3653 L.
1471 3606 1606 3655 Sulla
1647 3617 1721 3654 eat
1759 3605 2037 3670 impositus.
2088 3607 2200 3652 noc
2238 3615 2402 3653 autem

256 3681 395 3745 quod
432 3681 575 3729 valde
616 3682 874 3731 verisimile
913 3701 1018 3733 esse
1055 3689 1200 3736 Grut.
1234 3697 1284 3735 et
1362 3702 1520 3749 prope
1533 3686 1629 3734 soli
1642 3685 1977 3734 sustinuerunt
1994 3684 2207 3742 Rhodii,
2225 3683 2403 3734 atu-itia

257 3762 447 3809 Erneat.
471 3772 678 3826 putant3
714 3763 827 3812 Sch.
852 3776 1015 3827 negat.
1039 3768 1072 3814 J
1080 3769 1168 3815 .V.
1198 3768 1255 3814 L.
1370 3765 1525 3828 multa
1548 3766 1686 3815 clade
1712 3766 1882 3816 Cassio
1900 3799 1914 3823 ,
1940 3764 2189 3828 Aquillio,
2214 3763 2404 3828 Oppio,

329 3842 381 3889 ὅ.
408 3841 711 3890 consecrari.
757 3843 829 3892 Ex
867 3843 951 3892 illa
994 3846 1282 3893 Groecorum
1369 3857 1464 3895 ete.
1492 3846 1709 3895 romanis
1750 3845 1985 3893 ducibus:
2008 3845 2108 3909 Ipsi
2147 3854 2306 3891 autem
2349 3843 2402 3890 iu

256 3922 498 3987 opinione
519 3924 732 3970 manavit
761 3923 1068 3972 consuetudo
1097 3925 1159 3973 ad
1185 3935 1283 3973 ata·
1371 3942 1571 3975 romana
1599 3925 1700 3975 fide
1730 3935 2025 3990 perstantes,
2061 3922 2400 3973 Mithridatem

258 4014 388 4064 maa,
403 4014 648 4065 tamquam
661 4001 722 4049 ad
737 4003 928 4067 asylum
948 4004 1283 4068 confugiendi.
1371 4021 1473 4053 nou
1498 4024 1600 4055 uno
1626 4006 1786 4054 navali
1814 4007 1986 4069 praelio
2013 4005 2223 4060 victum,
2247 4019 2275 4050 a
2303 4018 2404 4049 eum

259 4085 320 4132 T.
347 4084 451 4130 Liv.
472 4083 678 4142 xxm,
704 4098 782 4130 10.
1373 4086 1509 4134 urbis
1549 4087 1917 4150 oppugnatione
1955 4084 2187 4132 decedere
2223 4097 2399 4145 coegee

334 4154 400 4222 7.
424 4161 613 4211 Bellum
641 4161 779 4211 illud.
812 4162 996 4211 Bellum
1035 4181 1146 4212 cum
1187 4165 1281 4212 Mi·
1375 4176 1507 4214 runt.
