3044 4788
530 410 667 476 DE
720 406 1230 476 PRAETORE
1280 407 2017 476 PROVINCIALI.
2206 402 2340 502 527

215 527 611 619 significatur
642 527 743 609 id,
773 528 952 616 quod
979 530 1045 591 in
1070 529 1403 617 provincia
1434 551 1552 617 per
1584 528 2033 616 magistratum
2067 527 2346 615 aliquem

217 636 645 700 constitutum
670 651 784 699 est.
807 636 910 698 Sic
928 636 1131 724 legem
1158 634 1478 723 Rupiliam
1503 632 1779 720 appellat
1800 624 2028 697 Cicero
2053 632 2143 714 id,
2165 633 2346 721 quod

218 741 512 828 Rupilius
544 740 608 802 in
648 740 856 803 Sicilia
878 788 895 821 ,
945 755 1173 803 senatu
1210 738 1698 826 comprobante,
1733 738 2093 803 constituit.
2135 740 2201 802 Si
2239 762 2339 803 res

217 868 294 907 ex
329 847 467 934 lege
505 861 874 934 gereretur,
911 845 1108 908 moris
1132 861 1267 908 erat
1293 860 1368 906 ut
1403 844 1674 908 actionis
1695 841 1893 907 editio
1922 843 2346 932 praecederet,

217 974 352 1033 seu,
378 950 536 1015 dicae
564 952 826 1039 scriptio
842 999 861 1032 ,
889 966 965 1014 ut
991 951 1080 1014 ait
1101 950 1325 1012 Cicero
1354 950 1728 1013 Graecorum
1749 950 1967 1039 lingua
1991 948 2072 1014 de
2093 950 2344 1030 Siculis,

217 1058 366 1145 quia
399 1080 601 1146 graece
645 1057 1105 1145 loquebantur.
1151 1054 1357 1118 scribi
1389 1054 1534 1118 dica
1569 1053 1904 1120 dicebatur
1936 1073 2108 1138 tum,
2142 1079 2346 1144 quum

218 1164 291 1227 lis
324 1163 805 1244 intendebatur,
837 1160 904 1225 id
941 1178 1074 1241 est,
1095 1183 1301 1248 quum
1330 1159 1649 1239 judicium
1684 1162 2150 1248 postulabatur.
2176 1164 2351 1226 Dicae

215 1270 632 1358 scriptionem
676 1267 1071 1356 sequebatur
1113 1266 1366 1330 sortitio
1408 1264 1842 1354 [interpositis
1889 1268 2200 1331 nimirum
2236 1268 2350 1332 tri·

214 1378 391 1466 ginta
416 1375 644 1440 diebus
661 1424 678 1456 ,
707 1396 785 1438 ex
809 1376 951 1463 lege
976 1374 1261 1462 Rupilia;
1294 1389 1369 1436 ut
1402 1373 1659 1435 interim
1683 1371 2066 1437 deliberaret
2094 1396 2240 1438 reus
2265 1398 2347 1438 an

214 1480 476 1557 cedere,
505 1480 606 1544 vel
626 1479 1022 1545 contendere
1057 1479 1357 1568 deberet]
1380 1529 1397 1561 ,
1428 1502 1545 1543 seu
1568 1477 1746 1542 datio
1763 1477 2056 1559 judicum
2086 1503 2164 1543 ex
2187 1503 2351 1545 urna

216 1602 390 1650 sorte
412 1584 823 1649 eductorum.
841 1585 1015 1657 Dicae
1035 1584 1116 1648 ab
1141 1584 1470 1665 omnibuS,
1491 1584 1602 1670 qui
1629 1606 1815 1673 agere
1842 1583 2166 1667 volebant,
2184 1609 2350 1672 quo·

215 1692 369 1755 libet
406 1690 508 1755 die
546 1716 624 1757 ex
660 1692 925 1756 arbitrio
956 1688 1407 1755 scribebantur
1438 1714 1453 1755 :
1491 1690 1866 1755 edicebatur
1898 1707 2114 1755 certus
2144 1691 2279 1755 dies
2312 1716 2350 1756 a

212 1814 505 1886 praetore,
540 1820 674 1885 quo
708 1819 814 1861 eas
853 1813 1019 1861 esset
1053 1796 1417 1861 sortiturus.
1454 1796 1518 1860 Si
1549 1819 1627 1860 eo
1656 1795 1761 1860 die
1795 1797 2048 1860 sortitio
2081 1797 2350 1879 alicujus
2383 1880 2390 1887 7

213 1904 406 1984 dicae,
458 1920 722 1992 propter
758 1904 1021 1992 triginta
1053 1901 1189 1966 dies
1226 1900 1527 1966 nondum
1562 1904 1842 1991 elapsos,
1881 1902 2022 1966 fieri
2058 1925 2190 1966 non
2228 1926 2350 1991 po-

214 2010 470 2091 tuisset,
512 2032 586 2073 ea
617 2010 805 2072 aliam
844 2007 925 2071 ad
959 2009 1368 2073 sortitionem
1412 2030 1528 2096 per
1562 2007 1736 2072 aliud
1768 2005 2053 2073 edictum
2103 2010 2347 2073 facien-

213 2115 362 2178 dam
399 2113 837 2177 differebatur.
894 2113 1044 2176 Haec
1077 2113 1294 2176 omnia
1327 2134 1405 2175 ex
1429 2110 1677 2193 judicio
1711 2112 2021 2194 Heraclii,
2054 2113 2338 2179 hominis

212 2221 406 2284 Siculi
434 2236 941 2310 cognoscuntur,
970 2216 1145 2308 apud
1180 2219 1384 2283 Cicer.
1419 2220 1715 2283 Accusat.
1754 2218 1865 2282 lib.
1899 2220 2003 2300 11,
2031 2242 2170 2307 cap.
2203 2219 2303 2285 15.

301 2328 395 2390 Ex
417 2326 628 2391 edicto
648 2350 750 2391 res
775 2325 1319 2415 agebatur,quum
1341 2325 1773 2415 litigatoribus
1787 2323 1987 2404 judex
2015 2347 2210 2408 unus,
2232 2343 2346 2391 aut

214 2450 342 2498 tres
376 2449 861 2520 recuperatores
899 2433 1254 2514 dabantur,
1307 2448 1504 2519 prout
1545 2448 1785 2520 praetor
1832 2432 1901 2493 in
1957 2432 2170 2496 edicto
2226 2456 2348 2498 suo

212 2550 517 2622 posuerat
549 2556 617 2598 se
645 2533 726 2598 de
752 2533 873 2597 illis
891 2581 909 2614 ,
937 2550 1051 2597 aut
1077 2533 1200 2596 illis
1227 2532 1422 2596 rebus
1441 2580 1458 2607 ‚
1486 2530 1775 2610 judicem
1792 2578 1810 2613 ,
1849 2548 1964 2595 aut
1998 2554 2342 2620 recupera-

215 2657 386 2705 tores
434 2639 760 2703 daturum.
797 2638 1030 2703 Judicii
1073 2637 1269 2702 dandi
1318 2636 1597 2701 formula
1626 2637 1765 2700 haec
1795 2652 1968 2700 erat:
2018 2638 2125 2702 «Si
2164 2661 2349 2726 pare-

211 2764 334 2829 ret,
359 2763 481 2811 etc.
501 2779 526 2802 ι»
559 2747 817 2821 Cicero,
857 2745 1301 2809 Accusationis
1329 2744 1496 2807 libro
1525 2745 1750 2826 tertio,
1779 2765 1919 2832 cap.
1943 2766 2063 2808 22:
2096 2775 2122 2800 α
2140 2745 2347 2810 Dabat

214 2853 335 2918 iste
375 2852 691 2933 judicium
732 2851 784 2914 si
816 2866 1070 2938 pareret
1103 2850 1330 2939 jugera
1376 2847 1693 2929 ejusmodi
1727 2848 1916 2913 fundi
1951 2872 2092 2915 esse
2124 2849 2304 2939 plura
2328 2899 2349 2933 ,

217 2982 413 3046 quam
449 2959 725 3023 colonus
756 2972 922 3020 esset
951 2955 1312 3043 professus3
1346 2971 1485 3019 tum
1508 2957 1702 3019 Xeno
1726 2954 2209 3021 damnaretur».

311 3066 494 3149 Quos
534 3064 965 3153 litigatoribus
1001 3084 1235 3150 praeses
1266 3061 1515 3141 judices
1559 3077 1672 3126 aut
1708 3081 2192 3150 recuperatores
2234 3064 2350 3130 da-

218 3172 360 3253 bat,
395 3195 503 3236 eos
550 3195 627 3236 ex
664 3187 1031 3250 conventu,
1088 3184 1152 3232 et
1182 3166 1329 3231 foro
1365 3168 1476 3232 illo
1502 3215 1519 3247 ,
1578 3168 1644 3231 in
1688 3189 1823 3255 quo
1860 3191 1961 3232 res
2005 3171 2348 3258 agebatur,

215 3278 438 3355 dabat3
488 3275 557 3339 id
590 3292 719 3357 est,
759 3297 839 3339 ex
878 3274 952 3338 iis
996 3273 1242 3337 civibus
1291 3273 1598 3354 romanis,
1637 3273 1905 3337 sociisve
1928 3320 1946 3349 ‚
2008 3275 2122 3361 qui
2169 3276 2236 3338 in
2269 3276 2349 3339 iis

217 3382 472 3472 oppidis
506 3406 649 3470 quae
682 3381 765 3446 ad
799 3381 865 3445 id
908 3383 1121 3445 forum
1166 3381 1606 3469 pertinerent,
1645 3380 2084 3445 versabantur.
2123 3384 2351 3470 ltaque

217 3492 386 3552 inter
422 3504 630 3552 cetera
664 3489 791 3552 boc
824 3510 1090 3576 quoque
1124 3487 1377 3550 crimini
1411 3487 1604 3550 vertit
1638 3487 1870 3550 Cicero
1905 3486 2088 3550 Verri
2129 3489 2347 3553 multis

216 3595 663 3659 Accusationis
687 3596 751 3658 in
776 3595 966 3676 locis,
987 3592 1165 3681 quod
1190 3614 1325 3656 non
1351 3590 1433 3655 de
1457 3608 1818 3673 conventu,
1842 3590 1953 3655 sed
1978 3591 2058 3656 de
2081 3594 2351 3660 cohorte

213 3723 364 3781 sua,
401 3715 887 3787 recuperatores
916 3698 1216 3763 dedisset.
1266 3697 1356 3761 Ut
1396 3697 1463 3761 in
1504 3697 1682 3761 Urbe
1704 3747 1723 3780 ,
1757 3697 1848 3761 sic
1881 3697 1945 3759 in
1980 3700 2347 3786 provincia,

213 3807 475 3886 rejectio
524 3804 713 3870 fiebat
757 3828 985 3869 eorum
1009 3804 1305 3884 judicum
1331 3852 1350 3884 ,
1388 3827 1503 3868 seu
1551 3819 2080 3891 recuperatorum
2107 3854 2123 3883 ,
2181 3829 2346 3894 quos

212 3929 492 3999 uterque
522 3911 803 3999 litigator
848 3909 969 3973 sibi
1022 3909 1476 3974 incommodos
1525 3909 1668 3973 fore
1719 3908 2157 3976 arbitraretur.
2179 3913 2343 3977 Vide

116 4001 125 4010 .
212 4011 397 4108 plura
431 4021 495 4083 in
528 4016 824 4107 Append.
858 4015 937 4080 de
967 4015 1310 4083 ordinand.
1336 4015 1534 4097 judic,
1562 4015 1651 4080 'ad
1684 4015 1836 4080 calc.
1870 4015 2005 4095 huj.
2035 4018 2276 4083 volum.

302 4124 501 4205 Quod
540 4125 591 4187 si
639 4146 769 4187 non
807 4138 1291 4209 recuperatores
1326 4140 1453 4187 tres
1476 4169 1494 4201 ,
1556 4120 1665 4185 sed
1699 4119 1899 4200 judex
1938 4143 2108 4186 unus
2158 4124 2346 4188 datus
