3044 4788
652 394 740 463 82
1276 389 1371 456 M.
1425 387 1503 454 T.
1533 327 2142 455 'CICERONIS

652 517 984 587 homines
1031 524 1247 581 notos
1292 532 1578 578 sumere
1623 505 1964 577 odiosum
2014 521 2159 592 est,
2208 531 2441 602 quum
2487 522 2560 579 et
2599 507 2783 578 illud

647 630 1008 697 incertum
1033 622 1127 691 sit
1147 673 1166 707 ‚
1192 618 1511 688 velintne
1534 615 1610 687 hi
1635 641 1788 687 sese
1818 620 2207 705 nominari3
2230 631 2303 687 et
2325 641 2545 689 nemo
2573 617 2784 688 vobis

650 736 873 830 magis
924 744 1142 800 notus
1185 725 1476 798 futurus
1520 729 1645 813 sit,
1693 750 1913 824 quam
1952 741 2061 797 est
2101 725 2224 797 hic
2267 727 2676 824 Eutychus;
2709 739 2784 799 et

647 859 840 918 certe
862 841 965 913 ad
997 864 1149 911 rem
1182 837 1362 908 nihil
1401 840 1719 921 intersit,
1747 851 1993 907 utrum
2021 835 2221 906 hunc
2249 860 2384 932 ego
2417 841 2780 908 comicum

642 954 1173 1027 adolescentem
1192 1002 1212 1035 ,
1253 971 1346 1018 an
1372 947 1691 1043 aliquem
1725 971 1815 1017 ex
1843 970 2017 1043 agro
2045 949 2349 1017 Veiente
2379 951 2778 1019 nominem.

647 1066 930 1138 Etenim
963 1061 1117 1132 haec
1143 1052 1499 1130 conficta⁶
1526 1056 1838 1129 arbitror
1863 1079 1905 1126 a
1930 1059 2163 1153 poetis
2187 1080 2366 1141 esse,
2393 1072 2478 1127 ut
2500 1056 2783 1129 effictos

645 1189 931 1245 nostros
963 1193 1200 1241 mores
1241 1171 1317 1238 in
1350 1168 1602 1238 alienis
1628 1170 1981 1264 personiS‚
2012 1191 2570 1269 expressamque
2602 1172 2782 1238 ima-

645 1287 888 1382 ginem
922 1295 1184 1352 nostrae
1213 1282 1376 1349 vitae
1402 1276 1844 1374 quotidianae
1879 1275 2311 1346 videremus.
2351 1282 2500 1373 Age
2535 1301 2776 1363 nune,

645 1393 831 1466 refer
873 1396 1240 1477 animum,
1298 1391 1460 1475 sis⁷,
1508 1386 1601 1456 ad
1633 1389 2042 1471 veritatem,
2083 1401 2157 1456 et
2196 1386 2572 1457 considera
2602 1411 2780 1458 ·non

645 1501 868 1573 modo
917 1505 991 1571 in
1038 1498 1343 1572 Umbria
1390 1511 1610 1592 atque
1662 1498 1737 1564 in
1777 1520 1857 1566 ea
1901 1498 2305 1583 vicinitate,
2359 1495 2484 1567 sed
2540 1500 2618 1567 in
2668 1496 2783 1567 his

644 1611 1010 1686 veteribus
1060 1592 1508 1704 municipiis,
1562 1630 1725 1701 quae
1764 1603 2000 1675 studia
2048 1630 2090 1675 a
2143 1605 2784 1703 patribusfamilias

648 1727 953 1796 maxime
991 1719 1379 1791 laudentur
1414 1743 1428 1783 ε
1460 1717 1607 1809 jam
1635 1712 1963 1812 profecto
1999 1730 2067 1784 te
2101 1716 2487 1812 intelligeS‚
2531 1720 2783 1815 inopia

647 1837 1060 1917 criminum,
1083 1848 1439 1900 summam
1464 1824 1750 1895 laudem
1773 1831 1929 1897 Sex.
1956 1829 2215 1896 Roscio
2243 1830 2417 1897 vitio
2441 1842 2514 1897 et
2541 1828 2775 1927 culpae

645 1945 946 2018 dedisse.
1644 1923 1655 1937 ’

740 2056 959 2124 XVII.
995 2054 1086 2120 At
1112 2071 1262 2117 non
1292 2045 1514 2117 modo
1547 2045 1688 2117 hoc
1715 2061 2004 2143 patrum
2030 2047 2406 2119 voluntate
2431 2047 2640 2120 liberi
2674 2046 2784 2119 fa-

647 2164 887 2246 ciunt3
941 2155 1069 2228 sed
1115 2157 1516 2254 permultos
1559 2170 1632 2225 et
1676 2179 1812 2250 ego
1855 2158 2059 2243 novi,
2106 2171 2218 2245 et,
2268 2160 2404 2228 nisi
2454 2184 2570 2229 me
2604 2157 2786 2230 fallit

643 2273 954 2355 animus,
973 2268 1478 2362 unusquisque
1497 2279 1817 2335 vestrum
1833 2262 1852 2295 ¹
1867 2318 1886 2350 ‚
1905 2268 2032 2360 qui
2063 2280 2135 2335 et
2158 2269 2292 2364 ipsi
2313 2270 2587 2338 incensi
2609 2285 2787 2338 sunt

646 2376 927 2465 studi0,
982 2374 1187 2475 quod
1214 2373 1308 2446 ad
1341 2399 1596 2470 agrum
1634 2372 2024 2445 colendum
2068 2380 2358 2467 attinet3
2405 2381 2785 2476 vitamque

647 2491 834 2561 hanc
866 2492 1242 2574 rusticam,
1277 2511 1499 2584 quam
1533 2500 1613 2555 tu
1645 2484 1919 2582 probro
1954 2500 2027 2555 et
2057 2490 2340 2559 cri—mini
2372 2505 2587 2587 putas
2624 2515 2782 2561 esse

645 2616 982 2699 oportere
1001 2654 1020 2686 ‚
1063 2613 1137 2668 et
1168 2597 1746 2667 honestissimam
1779 2610 1853 2665 et
1890 2600 2381 2669 suavissimam
2411 2625 2561 2671 esse
2594 2600 2788 2671 arbi-

649 2726 948 2783 trantur.
974 2707 1171 2800 Quid
1206 2714 1498 2777 censes²
1531 2705 1730 2775 hunc
1757 2707 1995 2803 ipsum
2025 2711 2179 2779 Sex.
2210 2714 2554 2780 Roscium
2575 2765 2594 2798 ,
2629 2737 2784 2808 quo

646 2821 926 2907 studio,
966 2833 1038 2889 et
1063 2842 1210 2914 qua
1240 2816 1713 2911 intelligentia
1757 2839 1909 2885 esse
1942 2819 2018 2885 in
2053 2822 2339 2889 rusticis
2375 2818 2643 2890 rebus?
2679 2829 2777 2894 Ut

647 2957 734 3002 ex
769 2928 882 3000 his
909 2929 1341 3026 propinquis
1374 2927 1567 3022 ejus,
1598 2922 2022 2996 hominibus
2055 2925 2580 2999 honestissimis
2605 2986 2623 3017 ‚
2655 2956 2785 3006 au-

648 3039 810 3126 dio,
855 3062 1005 3109 non
1039 3051 1120 3106 tu
1152 3039 1229 3106 in
1264 3040 1402 3106 isto
1434 3030 1740 3104 artificio
1772 3039 2220 3107 accusatorio
2259 3037 2631 3109 callidior³
2681 3065 2781 3127 eS‚

647 3174 867 3247 quam
889 3147 1011 3218 hic
1031 3149 1105 3216 in
1135 3170 1291 3217 su0.
1308 3149 1605 3229 Verum,
1631 3156 1711 3212 ut
1736 3143 2026 3238 opinor,
2055 3149 2405 3240 quoniam
2429 3151 2528 3217 ita
2556 3147 2785 3245 Chry-

648 3283 926 3355 sogono
957 3255 1266 3342 videtur,
1294 3256 1422 3352 qui
1456 3252 1629 3322 huic
1660 3250 1945 3322 nullum
1975 3253 2327 3351 praedium
2357 3258 2685 3356 reliquit,
2710 3274 2785 3330 et

648 3486 762 3523 sunt
786 3488 1002 3532 mecum,
1039 3483 1089 3521 et
1117 3470 1267 3519 vicini
1298 3469 1433 3518 urbis
1465 3467 1667 3533 Arpini,
1825 3471 1988 3517 xvn.
2040 3488 2084 3519 1.
2152 3473 2489 3539 Unusquisque
2540 3486 2781 3526 vestrum.

649 3570 767 3602 nueae
797 3554 982 3617 patriae.
1755 3547 1972 3599 snbmd.
1987 3548 2139 3598 novit.

718 3634 769 3681 6.
802 3629 1044 3699 Conficta.
1072 3629 1276 3676 Dixerat
1295 3628 1395 3689 jam
1426 3637 1565 3676 anton
1590 3628 1671 3674 Li·
1829 3643 1880 3676 a.
1911 3630 2044 3691 Quid
2075 3647 2255 3681 cemes.
2276 3633 2522 3694 Traiectio
2552 3634 2784 3683 Ciceroni

648 3713 754 3758 vius
795 3709 1138 3769 Andronicus,
1180 3707 1269 3771 qui
1313 3708 1498 3771 primm
1538 3704 1670 3769 apud
1755 3723 1862 3757 non
1900 3709 2130 3759 insolens.
2160 3710 2301 3759 Ordo
2336 3712 2445 3760 vult
2483 3723 2541 3759 nt
2581 3713 2785 3762 verbum

650 3789 846 3836 Latinos
891 3787 1060 3835 docuit
1100 3785 1365 3835 comoedias
1406 3797 1457 3834 et
1487 3795 1668 3848 ttagoe-
1756 3800 1919 3836 censes
1940 3789 2210 3838 collocetur
2235 3802 2350 3855 post
2374 3807 2508 3849 eum
2533 3803 2584 3841 et
2606 3804 2662 3840 ut
2681 3793 2785 3857 pri-

648 3867 752 3914 dias
770 3902 788 3928 ,
838 3887 860 3909 ι
879 3865 1166 3914 comoediam
1210 3881 1314 3913 em
1369 3862 1670 3928 quotidiana
1756 3881 1835 3913 ma
1861 3881 1961 3914 vox
1986 3868 2119 3929 Quid
2135 3868 2484 3932 pmnuntietur
2519 3886 2610 3934 per
2632 3873 2787 3919 inter-

646 3948 760 3994 vitae
785 3944 1041 4009 speculum
1063 3964 1105 3992 ι.
1134 3967 1205 3979 -
1232 3946 1367 3990 Loco
1396 3941 1670 3990 videramus
1756 3945 2090 4008 rogationem:
2118 3947 2294 4009 Quid?
2329 3949 2414 3995 Sic
2447 3948 2510 3997 de
2546 3952 2686 3999 om.
2723 3952 2749 3997 1
2768 3986 2786 4012 ,

646 4025 764 4075 edit.
778 4020 1238 4071 Venenvideamus.
1759 4039 1842 4084 27.
1864 4026 2038 4087 Agrar.
2061 4027 2141 4088 11,
2176 4042 2259 4088 η,
2281 4036 2375 4076 etc.

721 4120 767 4167 7.
803 4102 892 4152 Sis.
923 4095 974 4148 si
1004 4102 1105 4148 vis:
1133 4095 1337 4146 verbnm
1359 4097 1613 4147 nominum.
1829 4103 1877 4150 3.
1910 4102 2169 4154 Callidior.
2200 4106 2432 4168 Peritior,
2453 4107 2786 4156 exemtis-tior.
