3044 4788
678 433 847 521 -346
1355 438 1452 507 Μ.
1504 439 1582 505 Τ.
1636 438 2208 508 CICERONIS

694 572 891 628 runt.
920 556 1125 648 Quid
1153 558 1568 655 exspectas?
1591 583 1687 629 an
1716 557 1894 630 dum
1923 557 2017 630 ab
2042 556 2290 629 inferis
2314 559 2434 631 ille
2461 560 2856 635 Malleolus

697 673 1023 758 exsistat,
1063 681 1283 765 atque
1315 657 1442 739 abs
1481 683 1552 740 te
1587 667 1827 740 officia
1854 669 2127 755 tutelae,
2165 668 2559 742 sodalitatis
2583 728 2606 759 ‚
2640 671 2852 744 fami—

695 777 1161 873 liaritatisque
1220 774 1535 872 flagitet?
1595 783 1844 876 Ipsum
1910 793 2168 876 putato
2217 778 2508 852 adesse:
2554 788 2851 854 «Homo

690 918 725 953 α
748 888 1155 959 avarissime
1191 901 1264 958 et
1291 890 1751 985 spurcissime
1772 944 1793 977 ‚
1827 886 2050 959 redde
2086 887 2284 960 bona
2307 888 2612 961 sodalis3
2636 891 2799 963 filio
2828 922 2843 961 :

691 1026 726 1061 «
750 997 810 1067 si
838 1021 990 1067 uon
1018 1020 1180 1093 quae
1208 995 1564 1069 abstulisti
1588 1027 1607 1086 3
1643 1014 1717 1070 at
1745 1023 1905 1096 quoe
1932 997 2311 1071 coufessus
2335 1024 2441 1071 es.
2469 1005 2624 1071 Cur
2648 1006 2848 1100 cogis

694 1137 728 1171 «
752 1106 1013 1178 sodalis
1034 1105 1265 1179 filium
1292 1108 1481 1180 hanc
1496 1111 1808 1208 primam
1826 1113 1903 1180 in
1926 1107 2087 1180 foro
2112 1134 2364 1181 vocem
2389 1136 2563 1182 cum
2583 1112 2846 1185 dolore

689 1248 723 1283 c<
750 1232 824 1288 et
848 1218 1300 1314 querimonia
1323 1219 1740 1291 emitterelv?
1767 1244 1898 1291 cur
1916 1219 2178 1290 sodalis
2207 1245 2548 1306 uxorem,
2576 1222 2848 1293 sodalis

687 1359 720 1393 a
746 1353 1060 1417 socrum,
1081 1328 1380 1401 domum
1400 1329 1720 1426 denique
1745 1344 1972 1401 totam
1992 1329 2256 1401 sodalis
2269 1334 2568 1417 mortui,
2582 1349 2844 1405 contra

686 1470 720 1505 α
741 1452 814 1511 te
873 1442 1368 1512 testimonium
1420 1439 1701 1512 dicere?
1741 1465 1874 1511 cur
1924 1440 2484 1539 pudentissimas
2534 1441 2843 1514 lectissi-

686 1580 720 1615 «
745 1575 1040 1648 masque
1078 1550 1382 1624 feminas
1420 1552 1495 1621 in
1543 1566 1825 1622 tautum
1866 1554 2192 1623 virorum
2226 1567 2681 1622 conventum
2729 1555 2840 1624 in·

679 1691 713 1724 κ
738 1662 981 1733 solitas
1043 1664 1447 1759 invitasque
1509 1660 1807 1759 prodire
1853 1661 2094 1757 cogis?
2118 1691 2151 1726 »
2202 1663 2448 1731 Recita
2499 1664 2841 1734 omnium

682 1772 1094 1843 testimonia
1127 1798 1142 1841 :
1174 1777 1691 1843 Tsssrfflommu
1728 1796 2001 1843 unius
2039 1797 2123 1841 m·
2160 1795 2369 1841 Avlffi.

775 1886 1168 1953 XXXVIII.
1227 1878 1728 1979 Proquaestore
1749 1894 1769 1925 ¹
1812 1907 1988 1954 vero
2030 1880 2407 1979 quomodo
2444 1885 2581 1953 iste.
2635 1908 2840 1954 oom-

677 2017 901 2063 mune
917 2003 945 2034 ²
972 1991 1367 2088 Milyadum
1392 1996 1700 2081 vexarit,
1717 1991 2095 2091 quomodo
2120 1992 2446 2089 Lyciam,
2474 1992 2837 2092 Pamphy-

679 2102 891 2184 liam,
923 2099 1301 2194 Pisidiam,
1343 2102 1873 2201 Phrygiamque
1916 2117 2144 2174 totam
2179 2100 2553 2173 frumento
2597 2106 2836 2200 impe—

675 2209 906 2281 rando
934 2264 954 2297 ,
999 2211 1456 2300 aestimand0‚
1499 2212 1633 2285 hae
1669 2240 1796 2285 sua
1820 2269 1840 2302 ‚
1877 2238 2098 2312 quam
2143 2230 2302 2285 tum
2339 2214 2661 2311 primum
2699 2240 2836 2285 ex—

680 2322 1051 2418 cogitavit,
1117 2319 1516 2393 Siciliensi³
1569 2326 2038 2396 aestimatione
2082 2321 2453 2408 afflixerit,
2503 2347 2661 2393 non
2720 2338 2834 2394 est

678 2457 969 2504 necesse
1018 2432 1517 2507 demonstrare
1555 2434 1819 2506 verbis.
1860 2441 2018 2506 Hoc
2057 2437 2315 2506 scitote
2355 2461 2372 2503 ε
2427 2432 2540 2503 his
2581 2438 2830 2504 nomi-

674 2542 895 2615 nibus
924 2543 1139 2641 (quae
1172 2569 1289 2617 res
1324 2571 1456 2643 per
1487 2571 1657 2617 eum
1694 2560 1907 2643 gestae
1951 2559 2155 2628 sunt,
2197 2569 2427 2642 quum
2467 2547 2600 2615 iste
2640 2545 2824 2615 civi-

665 2653 935 2726 tatibus
963 2653 1445 2741 frumentum,
1485 2658 1681 2727 coria
1698 2658 1754 2742 ⁴,
1783 2654 2048 2743 cilicia,
2075 2679 2321 2726 saccos
2339 2651 2368 2697 5
2398 2655 2824 2750 imperaret,

672 2790 914 2863 neque
941 2790 1025 2836 ea
1048 2781 1365 2838 sumeret
1388 2820 1407 2853 ‚
1446 2791 1582 2864 pro
1621 2766 1733 2836 his
1759 2763 1981 2836 rebus
2008 2766 2395 2861 pecuniam
2423 2763 2826 2860 exigeret),
2881 2829 2884 2830 a

1785 2983 1941 3041 ratio,
1988 2984 2074 3047 qui
2119 2982 2352 3031 frumenti
2406 2992 2588 3030 certam
2645 2982 2749 3028 vim
2791 2999 2822 3028 a

1783 3061 2104 3125 vectigalibus
2169 3061 2277 3108 dari
2338 3059 2642 3124 imperabant
2668 3095 2685 3118 ,
2733 3073 2822 3108 aut

1783 3144 1928 3191 etiam
1952 3141 2176 3190 emebant
2200 3157 2258 3189 ae
2281 3139 2605 3189 manabant.

1856 3229 1904 3278 4.
1940 3221 2103 3271 coria.
2135 3221 2332 3282 Quibus
2354 3220 2668 3268 tabernacula
2690 3220 2818 3267 mili·

1782 3300 1914 3349 tibus
1939 3299 2348 3349 conficiebantur.
2367 3302 2426 3347 T.
2456 3299 2565 3347 Liv.
2580 3303 2646 3356 V,
2676 3314 2726 3347 Β.
2747 3326 2820 3336 --

1786 3379 1977 3429 Cilicia.
2003 3380 2176 3427 Vestes
2196 3395 2224 3426 e
2250 3378 2362 3426 lam
2399 3378 2600 3443 caprina
2629 3389 2791 3425 textas
2809 3413 2826 3432 ,

1783 3459 1962 3523 quibus
1978 3459 2031 3506 in
2045 3458 2215 3506 eastris
2235 3457 2522 3517 utebantur,
2539 3467 2593 3504 et
2610 3473 2820 3520 quntum

1782 3553 1899 3586 usus
1927 3538 1978 3584 in
2013 3537 2185 3586 Cssieie
2220 3547 2439 3601 repertus
2474 3547 2562 3583 est.
2582 3537 2727 3584 Vnt-r.
2756 3536 2821 3583 de

744 2985 793 3033 3.
818 2983 1029 3034 Sodale's.
1062 2987 1141 3033 Sic
1182 2986 1457 3052 appellatur
1495 2986 1696 3050 proprie

669 3062 854 3128 collega
880 3079 938 3111 ae
963 3065 1150 3127 socius,
1184 3082 1296 3115 eum
1327 3082 1429 3132 quo
1453 3081 1587 3113 saera
1615 3080 1696 3111 ce·

667 3142 924 3192 lebramus.

739 3229 789 3278 4.
812 3220 1097 3279 Lambinus,
1118 3221 1325 3271 mittere.
1355 3224 1407 3271 J.
1424 3224 1486 3269 V.
1513 3225 1572 3270 L.

735 3303 1034 3351 xxxvm.
1072 3309 1121 3350 i.
1172 3303 1535 3365 Proquoestore.
1572 3302 1614 3348 1.
1650 3317 1693 3348 e.

668 3382 823 3429 faetus
852 3392 1066 3446 quaestor
1099 3383 1152 3429 in
1175 3381 1340 3429 locum
1368 3381 1552 3428 mortui
1574 3379 1695 3427 Mal-

668 3459 807 3508 leoli.

740 3553 791 3586 α.
826 3535 1107 3588 Commune.
1127 3536 1556 3597 communitatem,
1572 3554 1694 3586 rem-

666 3613 930 3680 publicam.
970 3619 1143 3666 Graecn
1180 3617 1405 3684 locutio:
1440 3615 1494 3665 τὸ
1520 3616 1691 3666 κοινόν.

668 3696 822 3742 Porro
847 3695 1027 3760 Milyas
1052 3707 1281 3743 montana
1308 3696 1442 3760 regio
1462 3695 1522 3742 ab
1542 3713 1693 3760 angu-

665 3774 769 3821 stiis
787 3774 938 3821 Tauri
954 3775 1159 3833 montis,
1170 3789 1324 3837 usque
1342 3774 1403 3821 ad
1418 3776 1690 3838 Apameen-

663 3853 790 3901 sium
822 3852 1070 3916 regionem
1106 3853 1404 3902 extenditur.
1450 3855 1609 3902 Strab.
1639 3856 1689 3902 in

663 3931 755 3981 fin.
771 3932 859 3979 lib.
877 3934 1019 3979 xm.
1677 3921 1684 3924 “

735 4013 781 4059 3.
813 4011 1062 4061 Siciliensi.
1093 4014 1204 4074 Qua
1242 4025 1408 4076 postea
1445 4014 1495 4060 in
1527 4013 1688 4061 Sicilia

661 4108 775 4140 usus
790 4093 1035 4140 estverr.
1052 4095 1152 4151 111,
1191 4093 1219 4140 8
1235 4108 1276 4141 1.
1296 4094 1450 4140 Porro
1469 4105 1688 4156 quaesto-

658 4189 762 4220 rum
787 4173 1032 4236 praecipue
1053 4174 1361 4222 frumentaria
1386 4185 1486 4222 erat
1511 4190 1688 4237 procu·

1781 3620 1854 3665 lte.
1884 3627 2004 3664 rust.
2033 3619 2115 3673 11,
2166 3632 2246 3663 n.
2269 3615 2449 3679 Vin-gil.
2489 3616 2674 3679 Georg.
2711 3617 2820 3680 111,

1786 3698 1910 3745 313:
1933 3696 2145 3744 «barbas
2174 3696 2450 3759 incanaque
2472 3706 2634 3743 menta
2655 3696 2816 3757 Ciny·

1779 3777 1885 3841 phii
1902 3776 2112 3826 tondent
2129 3776 2253 3824 hirei
2267 3810 2281 3833 ‚
2304 3786 2540 3838 saetasque
2558 3774 2819 3829 comantis,

1780 3859 1933 3905 Usum
1960 3859 2013 3905 in
2039 3868 2336 3916 castrorum,
2360 3866 2456 3904 etc.
2472 3876 2494 3897 ι

1853 3938 1903 3986 5.
1930 3921 2181 3994 Graevius,
2207 3953 2367 4001 sagos.
2390 3938 2421 3983 J
2426 3938 2511 3983 .V.
2534 3935 2818 3982 L.—Reete

1780 4018 1970 4065 monuit
1998 4020 2187 4066 Ernest.
2214 4023 2383 4064 sarcos
2422 4018 2470 4062 in
2499 4014 2693 4061 urbium
2724 4029 2814 4077 op·

1777 4097 2164 4160 pugnationibus
2179 4096 2398 4159 usurpari
2413 4093 2476 4141 ad
2496 4091 2812 4156 frangendam

1779 4176 1877 4221 vim
1907 4176 2114 4223 telorum
2137 4211 2151 4235 ‚
2181 4175 2412 4233 arietum,
2443 4185 2498 4220 ut
2525 4169 2718 4220 Cilicia.
