<?xml version="1.0" encoding="UTF-8"?>
<!DOCTYPE html PUBLIC "-//W3C//DTD XHTML 1.0 Transitional//EN"
    "http://www.w3.org/TR/xhtml1/DTD/xhtml1-transitional.dtd">
<html xmlns="http://www.w3.org/1999/xhtml" xml:lang="en" lang="en">
 <head>
  <title>
</title>
<meta http-equiv="Content-Type" content="text/html;charset=utf-8" />
  <meta name='ocr-system' content='tesseract 3.04.00' />
  <meta name='ocr-capabilities' content='ocr_page ocr_carea ocr_par ocr_line ocrx_word'/>
</head>
<body>
  <div class='ocr_page' id='page_1' title='image "./mtciceronisquae09lemagoog/mtciceronisquae09lemagoog_0018.png"; bbox 0 0 3044 4788; ppageno 0'>
   <div class='ocr_carea' id='block_1_1' title="bbox 595 460 2694 489">
    <p class='ocr_par' dir='ltr' id='par_1_1' title="bbox 595 460 2694 489">
     <span class='ocr_line' id='line_1_1' title="bbox 595 460 2694 489; baseline -0.003 -4"><span class='ocrx_word' id='word_1_1' title='bbox 595 466 1132 489; x_wconf 58' lang='lat' dir='ltr'>mmmmmm</span> <span class='ocrx_word' id='word_1_2' title='bbox 1137 466 1314 485; x_wconf 63' lang='lat' dir='ltr'>mm</span> <span class='ocrx_word' id='word_1_3' title='bbox 1320 466 1589 487; x_wconf 62' lang='lat' dir='ltr'>mm</span> <span class='ocrx_word' id='word_1_4' title='bbox 1595 462 2418 487; x_wconf 48' lang='lat' dir='ltr'>mmmmmmmmsw</span> <span class='ocrx_word' id='word_1_5' title='bbox 2423 460 2598 480; x_wconf 60' lang='lat' dir='ltr'>mm</span> <span class='ocrx_word' id='word_1_6' title='bbox 2605 461 2694 479; x_wconf 66' lang='lat' dir='ltr'>m</span> 
     </span>
    </p>
   </div>
   <div class='ocr_carea' id='block_1_2' title="bbox 821 645 2470 936">
    <p class='ocr_par' dir='ltr' id='par_1_2' title="bbox 821 645 2470 936">
     <span class='ocr_line' id='line_1_2' title="bbox 821 645 2470 787; baseline -0.004 -32"><span class='ocrx_word' id='word_1_7' title='bbox 821 651 1459 757; x_wconf 79' lang='lat' dir='ltr'>NlcoLAl</span> <span class='ocrx_word' id='word_1_8' title='bbox 1537 645 2470 787; x_wconf 80' lang='lat' dir='ltr'><strong>DESJARDINS</strong></span> 
     </span>
     <span class='ocr_line' id='line_1_3' title="bbox 1306 858 1982 936; baseline -0.001 0"><span class='ocrx_word' id='word_1_9' title='bbox 1306 858 1982 936; x_wconf 90' lang='lat' dir='ltr'><strong>PRAEFATIO.</strong></span> 
     </span>
    </p>
   </div>
   <div class='ocr_carea' id='block_1_3' title="bbox 1259 1040 2032 1074">
    <p class='ocr_par' dir='ltr' id='par_1_3' title="bbox 1259 1040 2032 1074">
     <span class='ocr_line' id='line_1_4' title="bbox 1259 1040 2032 1074; baseline 0 3714"><span class='ocrx_word' id='word_1_10' title='bbox 1259 1040 2032 1074; x_wconf 95' lang='lat' dir='ltr'> </span> 
     </span>
    </p>
   </div>
   <div class='ocr_carea' id='block_1_4' title="bbox 531 1164 2747 4248">
    <p class='ocr_par' dir='ltr' id='par_1_4' title="bbox 583 1164 2698 1637">
     <span class='ocr_line' id='line_1_5' title="bbox 590 1164 2695 1308; baseline -0.001 -25"><span class='ocrx_word' id='word_1_11' title='bbox 590 1164 754 1283; x_wconf 65' lang='lat' dir='ltr'>Dr:</span> <span class='ocrx_word' id='word_1_12' title='bbox 814 1213 975 1301; x_wconf 88' lang='lat' dir='ltr'>ista,</span> <span class='ocrx_word' id='word_1_13' title='bbox 1019 1210 1236 1308; x_wconf 83' lang='lat' dir='ltr'>quam</span> <span class='ocrx_word' id='word_1_14' title='bbox 1287 1210 1829 1295; x_wconf 82' lang='lat' dir='ltr'><strong>adornavimus,</strong></span> <span class='ocrx_word' id='word_1_15' title='bbox 1877 1211 2242 1280; x_wconf 87' lang='lat' dir='ltr'>Ciceronis</span> <span class='ocrx_word' id='word_1_16' title='bbox 2291 1214 2695 1281; x_wconf 88' lang='lat' dir='ltr'>orationum</span> 
     </span>
     <span class='ocr_line' id='line_1_6' title="bbox 585 1316 2698 1416; baseline 0 -25"><span class='ocrx_word' id='word_1_17' title='bbox 585 1320 939 1407; x_wconf 83' lang='lat' dir='ltr'><strong>editione,</strong></span> <span class='ocrx_word' id='word_1_18' title='bbox 983 1334 1198 1416; x_wconf 85' lang='lat' dir='ltr'>atque</span> <span class='ocrx_word' id='word_1_19' title='bbox 1232 1318 1321 1390; x_wconf 86' lang='lat' dir='ltr'>de</span> <span class='ocrx_word' id='word_1_20' title='bbox 1362 1320 1519 1416; x_wconf 92' lang='lat' dir='ltr'>ipso</span> <span class='ocrx_word' id='word_1_21' title='bbox 1551 1320 1894 1401; x_wconf 84' lang='lat' dir='ltr'>Cicerone</span> <span class='ocrx_word' id='word_1_22' title='bbox 1938 1320 1998 1388; x_wconf 90' lang='lat' dir='ltr'>si</span> <span class='ocrx_word' id='word_1_23' title='bbox 2039 1316 2524 1415; x_wconf 82' lang='lat' dir='ltr'>praefaremur,</span> <span class='ocrx_word' id='word_1_24' title='bbox 2563 1345 2698 1391; x_wconf 91' lang='lat' dir='ltr'>nos</span> 
     </span>
     <span class='ocr_line' id='line_1_7' title="bbox 583 1426 2690 1527; baseline -0 -28"><span class='ocrx_word' id='word_1_25' title='bbox 583 1453 875 1526; x_wconf 84' lang='lat' dir='ltr'>operam</span> <span class='ocrx_word' id='word_1_26' title='bbox 918 1429 1277 1527; x_wconf 84' lang='lat' dir='ltr'>plerisque</span> <span class='ocrx_word' id='word_1_27' title='bbox 1320 1429 1714 1525; x_wconf 86' lang='lat' dir='ltr'>legentium</span> <span class='ocrx_word' id='word_1_28' title='bbox 1767 1451 1917 1497; x_wconf 89' lang='lat' dir='ltr'>non</span> <span class='ocrx_word' id='word_1_29' title='bbox 1971 1426 2445 1522; x_wconf 83' lang='lat' dir='ltr'>injucundam</span> <span class='ocrx_word' id='word_1_30' title='bbox 2491 1453 2690 1499; x_wconf 86' lang='lat' dir='ltr'>sum-</span> 
     </span>
     <span class='ocr_line' id='line_1_8' title="bbox 586 1539 2156 1637; baseline 0.001 -28"><span class='ocrx_word' id='word_1_31' title='bbox 586 1554 838 1636; x_wconf 88' lang='lat' dir='ltr'>pturos</span> <span class='ocrx_word' id='word_1_32' title='bbox 874 1564 1027 1610; x_wconf 91' lang='lat' dir='ltr'>esse</span> <span class='ocrx_word' id='word_1_33' title='bbox 1060 1539 1498 1637; x_wconf 85' lang='lat' dir='ltr'>putavimus.</span> <span class='ocrx_word' id='word_1_34' title='bbox 2151 1600 2156 1611; x_wconf 84' lang='lat'>.</span> 
     </span>
    </p>

    <p class='ocr_par' dir='ltr' id='par_1_5' title="bbox 531 1644 2747 4248">
     <span class='ocr_line' id='line_1_9' title="bbox 683 1644 2697 1743; baseline -0.001 -26"><span class='ocrx_word' id='word_1_35' title='bbox 683 1652 851 1718; x_wconf 88' lang='lat' dir='ltr'><strong>Post</strong></span> <span class='ocrx_word' id='word_1_36' title='bbox 873 1647 1257 1718; x_wconf 81' lang='lat' dir='ltr'>exhaustos</span> <span class='ocrx_word' id='word_1_37' title='bbox 1283 1647 1467 1716; x_wconf 90' lang='lat' dir='ltr'>circa</span> <span class='ocrx_word' id='word_1_38' title='bbox 1495 1644 1679 1716; x_wconf 91' lang='lat' dir='ltr'>hanc</span> <span class='ocrx_word' id='word_1_39' title='bbox 1701 1646 2065 1716; x_wconf 79' lang='lat' dir='ltr'>Ciceronis</span> <span class='ocrx_word' id='word_1_40' title='bbox 2094 1669 2396 1742; x_wconf 90' lang='lat' dir='ltr'>operum</span> <span class='ocrx_word' id='word_1_41' title='bbox 2422 1661 2697 1743; x_wconf 89' lang='lat' dir='ltr'>partem</span> 
     </span>
     <span class='ocr_line' id='line_1_10' title="bbox 587 1750 2699 1852; baseline 0 -28"><span class='ocrx_word' id='word_1_42' title='bbox 587 1769 698 1825; x_wconf 88' lang='lat' dir='ltr'>tot</span> <span class='ocrx_word' id='word_1_43' title='bbox 730 1750 1112 1828; x_wconf 84' lang='lat' dir='ltr'>illustrium</span> <span class='ocrx_word' id='word_1_44' title='bbox 1153 1758 1226 1829; x_wconf 89' lang='lat' dir='ltr'>in</span> <span class='ocrx_word' id='word_1_45' title='bbox 1269 1753 1642 1852; x_wconf 80' lang='lat' dir='ltr'>republica</span> <span class='ocrx_word' id='word_1_46' title='bbox 1677 1755 1984 1826; x_wconf 89' lang='lat' dir='ltr'>literaria</span> <span class='ocrx_word' id='word_1_47' title='bbox 2027 1756 2343 1825; x_wconf 89' lang='lat' dir='ltr'>virorum</span> <span class='ocrx_word' id='word_1_48' title='bbox 2375 1753 2656 1825; x_wconf 89' lang='lat' dir='ltr'>labores</span> <span class='ocrx_word' id='word_1_49' title='bbox 2680 1809 2699 1839; x_wconf 90' lang='lat'>,</span> 
     </span>
     <span class='ocr_line' id='line_1_11' title="bbox 588 1861 2697 1960; baseline -0.001 -26"><span class='ocrx_word' id='word_1_50' title='bbox 588 1881 833 1945; x_wconf 89' lang='lat' dir='ltr'>noster</span> <span class='ocrx_word' id='word_1_51' title='bbox 868 1869 999 1938; x_wconf 91' lang='lat' dir='ltr'>iste</span> <span class='ocrx_word' id='word_1_52' title='bbox 1035 1864 1241 1935; x_wconf 88' lang='lat' dir='ltr'>labor</span> <span class='ocrx_word' id='word_1_53' title='bbox 1269 1866 1327 1935; x_wconf 85' lang='lat' dir='ltr'>si</span> <span class='ocrx_word' id='word_1_54' title='bbox 1364 1864 1606 1934; x_wconf 90' lang='lat' dir='ltr'>multis</span> <span class='ocrx_word' id='word_1_55' title='bbox 1635 1875 2200 1960; x_wconf 80' lang='lat' dir='ltr'>supervacaneus</span> <span class='ocrx_word' id='word_1_56' title='bbox 2244 1887 2395 1933; x_wconf 88' lang='lat' dir='ltr'>esse</span> <span class='ocrx_word' id='word_1_57' title='bbox 2422 1861 2697 1933; x_wconf 84' lang='lat' dir='ltr'>videbi·</span> 
     </span>
     <span class='ocr_line' id='line_1_12' title="bbox 586 1964 2702 2069; baseline -0.001 -26"><span class='ocrx_word' id='word_1_58' title='bbox 586 1964 730 2058; x_wconf 86' lang='lat' dir='ltr'>tur,</span> <span class='ocrx_word' id='word_1_59' title='bbox 761 1998 911 2043; x_wconf 89' lang='lat' dir='ltr'>non</span> <span class='ocrx_word' id='word_1_60' title='bbox 951 1976 1084 2043; x_wconf 88' lang='lat' dir='ltr'>erit</span> <span class='ocrx_word' id='word_1_61' title='bbox 1126 1972 1324 2069; x_wconf 91' lang='lat' dir='ltr'>quod</span> <span class='ocrx_word' id='word_1_62' title='bbox 1366 1974 1712 2042; x_wconf 90' lang='lat' dir='ltr'>miremur</span> <span class='ocrx_word' id='word_1_63' title='bbox 1747 2000 1762 2041; x_wconf 77' lang='grc' dir='ltr'><strong><em>ε</em></strong></span> <span class='ocrx_word' id='word_1_64' title='bbox 1805 1977 2073 2069; x_wconf 87' lang='lat' dir='ltr'>quippe</span> <span class='ocrx_word' id='word_1_65' title='bbox 2116 1973 2244 2068; x_wconf 89' lang='lat' dir='ltr'>qui</span> <span class='ocrx_word' id='word_1_66' title='bbox 2282 1972 2458 2040; x_wconf 94' lang='lat' dir='ltr'>nihil</span> <span class='ocrx_word' id='word_1_67' title='bbox 2500 1971 2702 2068; x_wconf 77' lang='lat' dir='ltr'>quod</span> 
     </span>
     <span class='ocr_line' id='line_1_13' title="bbox 580 2079 2700 2178; baseline -0 -27"><span class='ocrx_word' id='word_1_68' title='bbox 580 2082 728 2176; x_wconf 83' lang='lat' dir='ltr'>jam</span> <span class='ocrx_word' id='word_1_69' title='bbox 769 2081 1187 2178; x_wconf 79' lang='lat' dir='ltr'>praedictum</span> <span class='ocrx_word' id='word_1_70' title='bbox 1228 2107 1382 2151; x_wconf 91' lang='lat' dir='ltr'>non</span> <span class='ocrx_word' id='word_1_71' title='bbox 1416 2079 1663 2168; x_wconf 87' lang='lat' dir='ltr'>fuerit,</span> <span class='ocrx_word' id='word_1_72' title='bbox 1704 2080 1845 2150; x_wconf 90' lang='lat' dir='ltr'>dici</span> <span class='ocrx_word' id='word_1_73' title='bbox 1881 2095 2005 2151; x_wconf 88' lang='lat' dir='ltr'>aut</span> <span class='ocrx_word' id='word_1_74' title='bbox 2033 2082 2419 2177; x_wconf 86' lang='lat' dir='ltr'>excogitari</span> <span class='ocrx_word' id='word_1_75' title='bbox 2456 2105 2700 2178; x_wconf 90' lang='lat' dir='ltr'>posse,</span> 
     </span>
     <span class='ocr_line' id='line_1_14' title="bbox 586 2189 2700 2287; baseline 0 -28"><span class='ocrx_word' id='word_1_76' title='bbox 586 2214 736 2286; x_wconf 90' lang='lat' dir='ltr'>quo</span> <span class='ocrx_word' id='word_1_77' title='bbox 786 2189 1122 2259; x_wconf 84' lang='lat' dir='ltr'>nitidiora</span> <span class='ocrx_word' id='word_1_78' title='bbox 1155 2204 1239 2261; x_wconf 87' lang='lat' dir='ltr'>et.</span> <span class='ocrx_word' id='word_1_79' title='bbox 1262 2189 1721 2287; x_wconf 84' lang='lat' dir='ltr'>explicatiora</span> <span class='ocrx_word' id='word_1_80' title='bbox 1751 2190 1896 2259; x_wconf 89' lang='lat' dir='ltr'>sint</span> <span class='ocrx_word' id='word_1_81' title='bbox 1935 2191 2064 2259; x_wconf 87' lang='lat' dir='ltr'>ista</span> <span class='ocrx_word' id='word_1_82' title='bbox 2098 2190 2463 2259; x_wconf 85' lang='lat' dir='ltr'>volumina</span> <span class='ocrx_word' id='word_1_83' title='bbox 2488 2244 2507 2275; x_wconf 91' lang='lat'>,</span> <span class='ocrx_word' id='word_1_84' title='bbox 2550 2194 2700 2259; x_wconf 86' lang='lat' dir='ltr'>exi-</span> 
     </span>
     <span class='ocr_line' id='line_1_15' title="bbox 589 2296 2699 2394; baseline -0.001 -25"><span class='ocrx_word' id='word_1_85' title='bbox 589 2298 1004 2369; x_wconf 89' lang='lat' dir='ltr'>stimabunt.</span> <span class='ocrx_word' id='word_1_86' title='bbox 1047 2297 1489 2369; x_wconf 84' lang='lat' dir='ltr'>Fatebuntur</span> <span class='ocrx_word' id='word_1_87' title='bbox 1526 2322 1608 2369; x_wconf 90' lang='lat' dir='ltr'>ea</span> <span class='ocrx_word' id='word_1_88' title='bbox 1649 2297 1942 2394; x_wconf 90' lang='lat' dir='ltr'>quidem</span> <span class='ocrx_word' id='word_1_89' title='bbox 1986 2296 2324 2394; x_wconf 90' lang='lat' dir='ltr'>vepribus</span> <span class='ocrx_word' id='word_1_90' title='bbox 2366 2297 2540 2367; x_wconf 92' lang='lat' dir='ltr'>olim</span> <span class='ocrx_word' id='word_1_91' title='bbox 2578 2322 2699 2367; x_wconf 91' lang='lat' dir='ltr'>co·</span> 
     </span>
     <span class='ocr_line' id='line_1_16' title="bbox 531 2406 2747 2505; baseline 0 -27"><span class='ocrx_word' id='word_1_92' title='bbox 531 2425 539 2432; x_wconf 82' lang='lat'><strong><em>&#39;</em></strong></span> <span class='ocrx_word' id='word_1_93' title='bbox 589 2408 988 2497; x_wconf 89' lang='lat' dir='ltr'>horruisse;</span> <span class='ocrx_word' id='word_1_94' title='bbox 1018 2424 1091 2480; x_wconf 88' lang='lat' dir='ltr'>at</span> <span class='ocrx_word' id='word_1_95' title='bbox 1125 2433 1320 2479; x_wconf 90' lang='lat' dir='ltr'>nunc</span> <span class='ocrx_word' id='word_1_96' title='bbox 1346 2408 1621 2496; x_wconf 83' lang='lat' dir='ltr'>assidua</span> <span class='ocrx_word' id='word_1_97' title='bbox 1648 2407 2099 2478; x_wconf 85' lang='lat' dir='ltr'>eruditorum</span> <span class='ocrx_word' id='word_1_98' title='bbox 2129 2406 2506 2477; x_wconf 89' lang='lat' dir='ltr'>hominum</span> <span class='ocrx_word' id='word_1_99' title='bbox 2532 2432 2702 2478; x_wconf 89' lang='lat' dir='ltr'>cura</span> <span class='ocrx_word' id='word_1_100' title='bbox 2743 2501 2747 2505; x_wconf 16' lang='grc' dir='ltr'><strong>Δ</strong></span> 
     </span>
     <span class='ocr_line' id='line_1_17' title="bbox 590 2516 2702 2613; baseline -0 -25"><span class='ocrx_word' id='word_1_101' title='bbox 590 2532 664 2588; x_wconf 90' lang='lat' dir='ltr'>et</span> <span class='ocrx_word' id='word_1_102' title='bbox 712 2517 948 2588; x_wconf 90' lang='lat' dir='ltr'>studio</span> <span class='ocrx_word' id='word_1_103' title='bbox 1000 2516 1334 2589; x_wconf 85' lang='lat' dir='ltr'>effectum</span> <span class='ocrx_word' id='word_1_104' title='bbox 1389 2541 1540 2588; x_wconf 90' lang='lat' dir='ltr'>esse</span> <span class='ocrx_word' id='word_1_105' title='bbox 1601 2516 2084 2601; x_wconf 89' lang='lat' dir='ltr'>contendent,</span> <span class='ocrx_word' id='word_1_106' title='bbox 2132 2529 2215 2585; x_wconf 90' lang='lat' dir='ltr'>ut</span> <span class='ocrx_word' id='word_1_107' title='bbox 2273 2532 2702 2613; x_wconf 86' lang='lat' dir='ltr'>perpurgata</span> 
     </span>
     <span class='ocr_line' id='line_1_18' title="bbox 587 2625 2701 2723; baseline -0 -25"><span class='ocrx_word' id='word_1_108' title='bbox 587 2626 927 2698; x_wconf 85' lang='lat' dir='ltr'>beneficae</span> <span class='ocrx_word' id='word_1_109' title='bbox 975 2651 1230 2697; x_wconf 88' lang='lat' dir='ltr'>manus</span> <span class='ocrx_word' id='word_1_110' title='bbox 1283 2650 1497 2723; x_wconf 90' lang='lat' dir='ltr'>opem</span> <span class='ocrx_word' id='word_1_111' title='bbox 1547 2626 1733 2722; x_wconf 78' lang='lat' dir='ltr'>ultra</span> <span class='ocrx_word' id='word_1_112' title='bbox 1797 2651 1946 2697; x_wconf 90' lang='lat' dir='ltr'>non</span> <span class='ocrx_word' id='word_1_113' title='bbox 1989 2625 2432 2722; x_wconf 83' lang='lat' dir='ltr'>‘implorent3</span> <span class='ocrx_word' id='word_1_114' title='bbox 2487 2626 2701 2697; x_wconf 92' lang='lat' dir='ltr'>licere</span> 
     </span>
     <span class='ocr_line' id='line_1_19' title="bbox 585 2734 2702 2833; baseline -0.001 -26"><span class='ocrx_word' id='word_1_115' title='bbox 585 2737 731 2830; x_wconf 89' lang='lat' dir='ltr'>jam</span> <span class='ocrx_word' id='word_1_116' title='bbox 769 2734 1127 2814; x_wconf 87' lang='lat' dir='ltr'>inoffenso</span> <span class='ocrx_word' id='word_1_117' title='bbox 1166 2735 1349 2833; x_wconf 91' lang='lat' dir='ltr'>pede</span> <span class='ocrx_word' id='word_1_118' title='bbox 1387 2759 1515 2832; x_wconf 91' lang='lat' dir='ltr'>per</span> <span class='ocrx_word' id='word_1_119' title='bbox 1552 2736 1864 2831; x_wconf 88' lang='lat' dir='ltr'>singulas</span> <span class='ocrx_word' id='word_1_120' title='bbox 1900 2738 2260 2805; x_wconf 90' lang='lat' dir='ltr'>orationes</span> <span class='ocrx_word' id='word_1_121' title='bbox 2300 2734 2702 2807; x_wconf 89' lang='lat' dir='ltr'>decurrere.</span> 
     </span>
     <span class='ocr_line' id='line_1_20' title="bbox 591 2842 2701 2943; baseline -0 -28"><span class='ocrx_word' id='word_1_122' title='bbox 591 2850 772 2916; x_wconf 90' lang='lat' dir='ltr'>Sane</span> <span class='ocrx_word' id='word_1_123' title='bbox 791 2845 1084 2943; x_wconf 92' lang='lat' dir='ltr'>quidem</span> <span class='ocrx_word' id='word_1_124' title='bbox 1110 2842 1243 2914; x_wconf 90' lang='lat' dir='ltr'>fuit</span> <span class='ocrx_word' id='word_1_125' title='bbox 1266 2852 1812 2941; x_wconf 65' lang='lat' dir='ltr'>ternpus3quum</span> <span class='ocrx_word' id='word_1_126' title='bbox 1834 2860 1907 2915; x_wconf 92' lang='lat' dir='ltr'>et</span> <span class='ocrx_word' id='word_1_127' title='bbox 1929 2868 2063 2940; x_wconf 85' lang='lat' dir='ltr'>ego</span> <span class='ocrx_word' id='word_1_128' title='bbox 2092 2846 2165 2912; x_wconf 87' lang='lat' dir='ltr'>in</span> <span class='ocrx_word' id='word_1_129' title='bbox 2195 2843 2470 2930; x_wconf 90' lang='lat' dir='ltr'>eadem,</span> <span class='ocrx_word' id='word_1_130' title='bbox 2486 2870 2701 2942; x_wconf 88' lang='lat' dir='ltr'>quam</span> 
     </span>
     <span class='ocr_line' id='line_1_21' title="bbox 590 2952 2700 3054; baseline 0 -31"><span class='ocrx_word' id='word_1_131' title='bbox 590 2953 768 3023; x_wconf 88' lang='lat' dir='ltr'>mihi</span> <span class='ocrx_word' id='word_1_132' title='bbox 791 2955 1152 3051; x_wconf 90' lang='lat' dir='ltr'>opinionis</span> <span class='ocrx_word' id='word_1_133' title='bbox 1172 2978 1414 3024; x_wconf 89' lang='lat' dir='ltr'>errore</span> <span class='ocrx_word' id='word_1_134' title='bbox 1433 2952 1803 3054; x_wconf 85' lang='lat' dir='ltr'>finxeram,</span> <span class='ocrx_word' id='word_1_135' title='bbox 1821 2954 2339 3023; x_wconf 80' lang='lat' dir='ltr'>existimatione</span> <span class='ocrx_word' id='word_1_136' title='bbox 2362 2977 2700 3023; x_wconf 87' lang='lat' dir='ltr'>versarer.</span> 
     </span>
     <span class='ocr_line' id='line_1_22' title="bbox 589 3061 2702 3159; baseline -0.001 -26"><span class='ocrx_word' id='word_1_137' title='bbox 589 3066 860 3133; x_wconf 87' lang='lat' dir='ltr'>Verum</span> <span class='ocrx_word' id='word_1_138' title='bbox 888 3062 974 3134; x_wconf 92' lang='lat' dir='ltr'>ad</span> <span class='ocrx_word' id='word_1_139' title='bbox 1007 3062 1132 3132; x_wconf 90' lang='lat' dir='ltr'>has</span> <span class='ocrx_word' id='word_1_140' title='bbox 1158 3064 1344 3158; x_wconf 89' lang='lat' dir='ltr'>ipsas</span> <span class='ocrx_word' id='word_1_141' title='bbox 1377 3064 1736 3132; x_wconf 86' lang='lat' dir='ltr'>orationes</span> <span class='ocrx_word' id='word_1_142' title='bbox 1763 3061 2099 3157; x_wconf 88' lang='lat' dir='ltr'>legendas</span> <span class='ocrx_word' id='word_1_143' title='bbox 2133 3087 2356 3159; x_wconf 89' lang='lat' dir='ltr'>quum</span> <span class='ocrx_word' id='word_1_144' title='bbox 2389 3062 2702 3156; x_wconf 91' lang='lat' dir='ltr'>primum</span> 
     </span>
     <span class='ocr_line' id='line_1_23' title="bbox 591 3168 2706 3270; baseline -0.001 -27"><span class='ocrx_word' id='word_1_145' title='bbox 591 3173 912 3243; x_wconf 87' lang='lat' dir='ltr'>animum</span> <span class='ocrx_word' id='word_1_146' title='bbox 948 3171 1229 3270; x_wconf 88' lang='lat' dir='ltr'>appuli,</span> <span class='ocrx_word' id='word_1_147' title='bbox 1262 3185 1564 3267; x_wconf 89' lang='lat' dir='ltr'>quantas</span> <span class='ocrx_word' id='word_1_148' title='bbox 1596 3169 1699 3240; x_wconf 90' lang='lat' dir='ltr'>ibi</span> <span class='ocrx_word' id='word_1_149' title='bbox 1740 3185 1911 3240; x_wconf 89' lang='lat' dir='ltr'>tunc</span> <span class='ocrx_word' id='word_1_150' title='bbox 1954 3171 2099 3241; x_wconf 87' lang='lat' dir='ltr'>sive</span> <span class='ocrx_word' id='word_1_151' title='bbox 2142 3174 2213 3239; x_wconf 91' lang='lat' dir='ltr'>in</span> <span class='ocrx_word' id='word_1_152' title='bbox 2251 3168 2468 3239; x_wconf 84' lang='lat' dir='ltr'>rebus</span> <span class='ocrx_word' id='word_1_153' title='bbox 2499 3170 2706 3240; x_wconf 88' lang='lat' dir='ltr'>intel-</span> 
     </span>
     <span class='ocr_line' id='line_1_24' title="bbox 585 3276 2701 3378; baseline 0 -28"><span class='ocrx_word' id='word_1_154' title='bbox 585 3280 912 3378; x_wconf 77' lang='lat' dir='ltr'>ligendiS,</span> <span class='ocrx_word' id='word_1_155' title='bbox 929 3282 1073 3352; x_wconf 85' lang='lat' dir='ltr'>sive</span> <span class='ocrx_word' id='word_1_156' title='bbox 1101 3281 1177 3349; x_wconf 94' lang='lat' dir='ltr'>in</span> <span class='ocrx_word' id='word_1_157' title='bbox 1214 3279 1710 3377; x_wconf 87' lang='lat' dir='ltr'>perspicienda</span> <span class='ocrx_word' id='word_1_158' title='bbox 1749 3277 2142 3350; x_wconf 89' lang='lat' dir='ltr'>verborum</span> <span class='ocrx_word' id='word_1_159' title='bbox 2180 3281 2284 3363; x_wconf 87' lang='lat' dir='ltr'>vi,</span> <span class='ocrx_word' id='word_1_160' title='bbox 2324 3276 2701 3351; x_wconf 87' lang='lat' dir='ltr'>difficulta-</span> 
     </span>
     <span class='ocr_line' id='line_1_25' title="bbox 590 3387 2704 3486; baseline -0.002 -25"><span class='ocrx_word' id='word_1_161' title='bbox 590 3404 699 3461; x_wconf 84' lang='lat' dir='ltr'>tes</span> <span class='ocrx_word' id='word_1_162' title='bbox 724 3390 905 3477; x_wconf 87' lang='lat' dir='ltr'>vidi;</span> <span class='ocrx_word' id='word_1_163' title='bbox 941 3414 1116 3486; x_wconf 90' lang='lat' dir='ltr'>quas</span> <span class='ocrx_word' id='word_1_164' title='bbox 1149 3413 1385 3486; x_wconf 89' lang='lat' dir='ltr'>neque</span> <span class='ocrx_word' id='word_1_165' title='bbox 1422 3413 1585 3458; x_wconf 91' lang='lat' dir='ltr'>meo</span> <span class='ocrx_word' id='word_1_166' title='bbox 1622 3403 1847 3460; x_wconf 87' lang='lat' dir='ltr'>marte</span> <span class='ocrx_word' id='word_1_167' title='bbox 1875 3387 2223 3472; x_wconf 91' lang='lat' dir='ltr'>enodare,</span> <span class='ocrx_word' id='word_1_168' title='bbox 2256 3411 2497 3483; x_wconf 90' lang='lat' dir='ltr'>neque</span> <span class='ocrx_word' id='word_1_169' title='bbox 2535 3389 2704 3459; x_wconf 91' lang='lat' dir='ltr'>alio-</span> 
     </span>
     <span class='ocr_line' id='line_1_26' title="bbox 591 3493 2702 3594; baseline -0.001 -25"><span class='ocrx_word' id='word_1_170' title='bbox 591 3523 792 3586; x_wconf 89' lang='lat' dir='ltr'>rum,</span> <span class='ocrx_word' id='word_1_171' title='bbox 850 3522 1036 3594; x_wconf 89' lang='lat' dir='ltr'>quos</span> <span class='ocrx_word' id='word_1_172' title='bbox 1077 3493 1265 3568; x_wconf 87' lang='lat' dir='ltr'>mihi</span> <span class='ocrx_word' id='word_1_173' title='bbox 1303 3497 1623 3568; x_wconf 89' lang='lat' dir='ltr'>subsidio</span> <span class='ocrx_word' id='word_1_174' title='bbox 1681 3518 2292 3593; x_wconf 84' lang='lat' dir='ltr'>comparaveram,</span> <span class='ocrx_word' id='word_1_175' title='bbox 2335 3494 2702 3582; x_wconf 87' lang='lat' dir='ltr'>laboribus</span> 
     </span>
     <span class='ocr_line' id='line_1_27' title="bbox 592 3601 2702 3705; baseline -0.002 -28"><span class='ocrx_word' id='word_1_176' title='bbox 592 3606 931 3705; x_wconf 84' lang='lat' dir='ltr'>expedire</span> <span class='ocrx_word' id='word_1_177' title='bbox 978 3604 1299 3705; x_wconf 84' lang='lat' dir='ltr'>possem!</span> <span class='ocrx_word' id='word_1_178' title='bbox 1358 3607 1554 3697; x_wconf 87' lang='lat' dir='ltr'>Quin</span> <span class='ocrx_word' id='word_1_179' title='bbox 1609 3605 1777 3675; x_wconf 86' lang='lat' dir='ltr'>inde</span> <span class='ocrx_word' id='word_1_180' title='bbox 1827 3602 2042 3690; x_wconf 90' lang='lat' dir='ltr'>mihi,</span> <span class='ocrx_word' id='word_1_181' title='bbox 2105 3601 2300 3673; x_wconf 89' lang='lat' dir='ltr'>unde</span> <span class='ocrx_word' id='word_1_182' title='bbox 2359 3604 2702 3674; x_wconf 83' lang='lat' dir='ltr'>auxilium</span> 
     </span>
     <span class='ocr_line' id='line_1_28' title="bbox 592 3711 2703 3814; baseline -0.003 -27"><span class='ocrx_word' id='word_1_183' title='bbox 592 3740 1077 3814; x_wconf 86' lang='lat' dir='ltr'>speraveram,</span> <span class='ocrx_word' id='word_1_184' title='bbox 1121 3738 1350 3786; x_wconf 88' lang='lat' dir='ltr'>novus</span> <span class='ocrx_word' id='word_1_185' title='bbox 1393 3713 1772 3785; x_wconf 86' lang='lat' dir='ltr'>accedebat</span> <span class='ocrx_word' id='word_1_186' title='bbox 1805 3711 2028 3782; x_wconf 89' lang='lat' dir='ltr'>labor.</span> <span class='ocrx_word' id='word_1_187' title='bbox 2075 3713 2284 3781; x_wconf 65' lang='lat' dir='ltr'>&#39;Nunc</span> <span class='ocrx_word' id='word_1_188' title='bbox 2329 3714 2550 3797; x_wconf 91' lang='lat' dir='ltr'>enim,</span> <span class='ocrx_word' id='word_1_189' title='bbox 2591 3713 2703 3780; x_wconf 91' lang='lat' dir='ltr'>in-</span> 
     </span>
     <span class='ocr_line' id='line_1_29' title="bbox 593 3819 2703 3920; baseline -0.002 -26"><span class='ocrx_word' id='word_1_190' title='bbox 593 3822 1025 3920; x_wconf 88' lang='lat' dir='ltr'>terpretibus</span> <span class='ocrx_word' id='word_1_191' title='bbox 1042 3822 1116 3892; x_wconf 90' lang='lat' dir='ltr'>in</span> <span class='ocrx_word' id='word_1_192' title='bbox 1133 3845 1409 3894; x_wconf 85' lang='lat' dir='ltr'>summa</span> <span class='ocrx_word' id='word_1_193' title='bbox 1423 3823 1762 3893; x_wconf 86' lang='lat' dir='ltr'>varietate</span> <span class='ocrx_word' id='word_1_194' title='bbox 1785 3822 2145 3917; x_wconf 88' lang='lat' dir='ltr'>opinionis</span> <span class='ocrx_word' id='word_1_195' title='bbox 2171 3834 2241 3890; x_wconf 89' lang='lat' dir='ltr'>et</span> <span class='ocrx_word' id='word_1_196' title='bbox 2264 3819 2703 3890; x_wconf 88' lang='lat' dir='ltr'>dissensione</span> 
     </span>
     <span class='ocr_line' id='line_1_30' title="bbox 595 3926 2707 4028; baseline -0.003 -24"><span class='ocrx_word' id='word_1_197' title='bbox 595 3934 961 4004; x_wconf 80' lang='lat' dir='ltr'>sententiae</span> <span class='ocrx_word' id='word_1_198' title='bbox 993 3934 1424 4019; x_wconf 87' lang='lat' dir='ltr'>constitutis,</span> <span class='ocrx_word' id='word_1_199' title='bbox 1450 3928 1922 4028; x_wconf 76' lang='lat' dir='ltr'>quaerendum</span> <span class='ocrx_word' id='word_1_200' title='bbox 1958 3926 2094 3998; x_wconf 88' lang='lat' dir='ltr'>fuit</span> <span class='ocrx_word' id='word_1_201' title='bbox 2125 3950 2434 4024; x_wconf 90' lang='lat' dir='ltr'>quorum</span> <span class='ocrx_word' id='word_1_202' title='bbox 2466 3931 2707 4023; x_wconf 89' lang='lat' dir='ltr'>potior</span> 
     </span>
     <span class='ocr_line' id='line_1_31' title="bbox 596 4035 2704 4138; baseline -0.002 -27"><span class='ocrx_word' id='word_1_203' title='bbox 596 4054 778 4111; x_wconf 84' lang='lat' dir='ltr'>esset</span> <span class='ocrx_word' id='word_1_204' title='bbox 812 4040 1348 4138; x_wconf 86' lang='lat' dir='ltr'>interpretatio:</span> <span class='ocrx_word' id='word_1_205' title='bbox 1386 4064 1586 4110; x_wconf 89' lang='lat' dir='ltr'>nunc</span> <span class='ocrx_word' id='word_1_206' title='bbox 1620 4036 2224 4133; x_wconf 85' lang='lat' dir='ltr'>investigandum,</span> <span class='ocrx_word' id='word_1_207' title='bbox 2266 4035 2465 4131; x_wconf 92' lang='lat' dir='ltr'>quod</span> <span class='ocrx_word' id='word_1_208' title='bbox 2503 4036 2593 4105; x_wconf 90' lang='lat' dir='ltr'>ab</span> <span class='ocrx_word' id='word_1_209' title='bbox 2621 4038 2704 4106; x_wconf 90' lang='lat' dir='ltr'>iis</span> 
     </span>
     <span class='ocr_line' id='line_1_32' title="bbox 597 4148 2704 4248; baseline -0.002 -29"><span class='ocrx_word' id='word_1_210' title='bbox 597 4163 721 4219; x_wconf 86' lang='lat' dir='ltr'>aut</span> <span class='ocrx_word' id='word_1_211' title='bbox 750 4150 1102 4235; x_wconf 88' lang='lat' dir='ltr'>cousu1t0,</span> <span class='ocrx_word' id='word_1_212' title='bbox 1129 4163 1251 4219; x_wconf 88' lang='lat' dir='ltr'>aut</span> <span class='ocrx_word' id='word_1_213' title='bbox 1268 4151 1566 4235; x_wconf 87' lang='lat' dir='ltr'>incuria,</span> <span class='ocrx_word' id='word_1_214' title='bbox 1588 4148 1701 4220; x_wconf 84' lang='lat' dir='ltr'>vel</span> <span class='ocrx_word' id='word_1_215' title='bbox 1720 4148 2422 4245; x_wconf 75' lang='lat' dir='ltr'>praeternnssum,vel</span> <span class='ocrx_word' id='word_1_216' title='bbox 2452 4154 2704 4248; x_wconf 82' lang='lat' dir='ltr'>parum</span> 
     </span>
    </p>
   </div>
  </div>
 </body>
</html>
