3044 4788
671 372 814 444 256
1315 373 1411 440 Μ.
1453 374 1543 438 ·T.
1601 373 2166 458 CICERONIS

669 495 937 568 insidiae
961 491 1018 538 ¹³
1052 517 1182 590 per
1214 492 1507 563 eosdem
1540 491 1876 578 homines
1908 509 2443 591 comparantur.
2479 500 2662 589 Qum
2698 526 2818 572 res

669 606 943 703 primo,
993 602 1306 698 judices,
1357 602 1698 698 pertenui
1754 601 1970 672 nobis
2019 619 2447 701 argumento
2505 608 2814 682 indicio-

668 741 815 812 que
839 720 900 768 14
942 710 1298 811 patefacta
1341 724 1452 781 est
1484 738 1498 778 ε
1546 725 1713 808 post
1749 726 2002 808 aperto
2037 715 2465 812 suspicionis
2504 717 2813 789 introitu

667 827 761 898 ad
788 827 1032 898 omnia
1060 825 1312 893 intima
1339 823 1648 892 istorum
1686 821 1987 893 consilia
2014 824 2169 895 sine
2195 824 2347 895 ullo
2379 851 2621 898 errore
2654 854 2818 926 per-

668 939 1024 1009 venimus.

765 1049 916 1115 VII.
940 1047 1122 1115 Nam
1146 1057 1230 1112 ut
1250 1045 1676 1114 Hortensius
1695 1097 1715 1130 ,
1746 1043 2002 1114 consul
2030 1042 2471 1142 designatuS,
2510 1046 2814 1119 domum

668 1152 1156 1225 reducebatur
1222 1177 1262 1224 e
1321 1178 1620 1251 camp0,
1677 1177 1844 1224 cum
1911 1158 2220 1227 maxima
2271 1155 2677 1254 frequentia
2729 1186 2817 1232 ac

670 1263 1167 1335 multitudine¹
1193 1292 1209 1334 :
1232 1261 1314 1334 fit
1343 1261 1633 1334 obviam
1668 1286 1838 1333 casu
1868 1264 1934 1335 ei
1962 1264 2411 1336 multitudini
2430 1270 2815 1356 C.Curio²;

670 1400 892 1471 quem
922 1399 1057 1472 ego
1077 1372 1451 1444 hominem
1468 1426 1488 1459 ,
1514 1370 1812 1442 honoris
1843 1373 2088 1469 potius
2117 1398 2338 1470 quam
2358 1377 2817 1445 contumeliae

669 1509 919 1573 causa,
948 1485 1404 1555 nominatum
1430 1480 1622 1551 volo.
1652 1483 1936 1551 Etenim
1966 1506 2050 1553 ea
2075 1482 2309 1554 dicam
2327 1537 2346 1569 ‚
2373 1508 2535 1580 quae
2567 1483 2721 1572 ille,
2752 1490 2815 1555 si

671 1593 1226 1668 commemorari
1251 1590 1650 1682 noluisset,
1683 1615 1833 1661 non
1877 1605 2080 1661 tanto
2121 1593 2200 1663 in
2229 1607 2632 1680 conventu,
2669 1607 2817 1662 tam

669 1720 917 1806 aperte
951 1704 1339 1802 palamque
1377 1699 1710 1770 dixisset:
1758 1724 1920 1796 quae
1962 1715 2206 1772 tamen
2242 1725 2285 1772 a
2312 1719 2427 1772 me
2461 1702 2817 1800 pedeten-

671 1814 837 1888 tim3
876 1829 1235 1908 cauteque
1267 1808 1637 1898 dicentur-3
1672 1823 1756 1880 ut
1790 1825 1863 1881 et
1896 1813 2224 1882 amicitiae
2264 1826 2562 1899 nostrae,
2603 1829 2676 1883 et
2715 1812 2817 1882 di-

666 1926 956 2025 gnitatis
999 1921 1192 1991 illius
1245 1918 1486 1989 habita
1529 1921 1712 1990 ratio
1756 1945 1910 1991 esse
1956 1920 2416 2018 intelligatur.
2464 1923 2678 1993 Videt
2720 1922 2815 1993 ad

666 2045 906 2135 ipsum
926 2036 956 2084 ⁴
983 2030 1338 2121 fornicem
1366 2027 1761 2100 Fabianum
1797 2031 1872 2100 in
1901 2028 2472 2119 turbaVerrem3
2501 2033 2818 2129 appellat

669 2145 1040 2216 hominem
1063 2193 1082 2226 ,
1106 2152 1179 2210 et
1206 2140 1272 2209 ei
1298 2163 1473 2210 voce
1512 2141 1824 2209 maxima
1851 2139 2252 2236 gratulatur
2274 2137 2336 2227 ⁵3
2358 2144 2493 2240 ipsi
2517 2148 2818 2213 Horten-

668 2256 811 2338 siO,
844 2250 973 2346 qui
1000 2247 1252 2320 consul
1289 2263 1442 2318 erat
1466 2247 1737 2334 factus,
1773 2253 2213 2348 propinquis
2249 2254 2815 2350 necessariisque

670 2360 827 2456 ejus
846 2355 901 2448 ⁶,
961 2357 1088 2456 qui
1122 2371 1279 2429 tum
1317 2355 1648 2444 aderant,
1698 2357 2010 2430 verbum
2054 2360 2340 2432 nullum
2381 2360 2589 2448 facit3
2646 2388 2813 2435 cum

668 2473 810 2543 hoc
838 2471 1202 2558 consistit,
1237 2470 1437 2540 hunc
1471 2468 1944 2565 amplexatur,
1967 2469 2167 2541 hunc
2191 2469 2406 2566 jubet
2447 2475 2602 2544 sine
2641 2499 2812 2546 cura

668 2606 869 2654 esse:
908 2579 1363 2667 «Renuntio,
1417 2577 1696 2674 inquit,
1754 2575 1924 2666 tibi,
1978 2593 2050 2651 te
2093 2578 2462 2653 hodiernis
2506 2587 2814 2656 comitiis

664 2723 700 2757 «
736 2716 887 2763 esse
932 2688 1351 2760 absolutum
1381 2719 1437 2756 n.
1494 2686 1716 2778 Quod
1754 2713 1988 2785 quum
2031 2702 2179 2759 tam
2218 2691 2427 2761 multi
2476 2692 2812 2766 homines

671 2799 1158 2871 honestissimi
1195 2795 1611 2885 audissent,
1661 2801 1902 2869 statim
1952 2796 2043 2868 ad
2092 2824 2208 2871 me
2249 2799 2576 2873 defertur
2611 2832 2626 2875 ε
2666 2809 2813 2875 imo

744 3023 823 3072 13.
844 3018 1063 3070 Insidiae.
1081 3022 1155 3069 De
1178 3015 1455 3070 differendo
1478 3020 1693 3082 judicio.
1785 3032 2094 3070 constructus
2112 3039 2141 3070 a
2168 3022 2317 3072 Fabio
2337 3041 2537 3073 censore
2564 3028 2652 3093 (Δ.
2677 3028 2739 3078 U.
2758 3030 2816 3078 C.

667 3102 797 3151 Vide
816 3103 955 3167 plura
980 3101 1043 3149 sd
1075 3116 1186 3164 cap.
1210 3117 1259 3151 a.
1785 3103 1941 3170 645),
1992 3104 2078 3166 qui
2097 3137 2112 3162 ,
2166 3102 2371 3151 devictis
2420 3106 2778 3172 Allobrogibus
2796 3142 2813 3166 ‚

744 3190 827 3239 14.
859 3181 985 3239 Alii,
1013 3180 1387 3243 «judicioque».
1406 3180 1458 3226 J.
1475 3180 1539 3226 V.
1564 3181 1620 3226 1..
1784 3180 2132 3245 Allobrogicus
2182 3192 2255 3229 est
2303 3187 2680 3246 cognominatus
2700 3222 2715 3246 ,
2763 3198 2814 3235 ut

738 3265 852 3311 vn.
888 3278 929 3309 1.
958 3261 1038 3308 Sic
1065 3260 1191 3323 plur.
1213 3257 1360 3307 codd.
1383 3268 1432 3304 et
1452 3268 1553 3304 vet.
1578 3256 1692 3306 edd.
1785 3261 1952 3309 videre
1996 3271 2070 3308 est
2111 3262 2245 3324 apud
2272 3263 2517 3312 Velleinm
2539 3302 2556 3327 ‚
2593 3270 2642 3314 11
2659 3301 2674 3325 ‚
2722 3282 2813 3317 xo:

668 3346 868 3392 Gruter.
899 3351 1062 3388 antem
1090 3353 1203 3386 cum
1235 3337 1356 3385 Pan.
1390 3345 1441 3385 et
1457 3336 1590 3384 Vict.
1626 3353 1695 3384 «a
1785 3340 1980 3388 «Fabio
2005 3339 2161 3387 Paulli
2189 3344 2362 3405 nepoti
2392 3360 2455 3390 ex
2488 3346 2694 3394 victoria
2730 3363 2814 3395 co-

669 3418 983 3469 multitudine
1003 3439 1045 3464 ι.
1785 3434 1997 3483 gnomen
2026 3419 2349 3485 Allobrogico
2375 3423 2590 3472 inditum
2605 3449 2647 3476 -.
2676 3427 2816 3475 Adde

742 3515 789 3548 ι.
813 3499 864 3547 C.
886 3496 1046 3546 Cur-io.
1067 3495 1346 3544 Consularis
1360 3506 1409 3542 et
1424 3490 1694 3560 triumphs·
1786 3501 1910 3548 Plin.
1940 3500 2169 3546 xxxm
2183 3533 2201 3559 ,
2238 3517 2266 3548 2
2286 3532 2302 3560 ‚
2354 3503 2436 3553 50.
2466 3505 2580 3555 Val.
2613 3508 2816 3554 Maxim.

665 3579 727 3626 lis
750 3578 844 3634 vir,
872 3586 1010 3639 pater
1028 3576 1087 3625 C.
1107 3575 1338 3623 Curionis
1359 3573 1696 3623 violentissimi
1785 3570 1857 3619 VI
1874 3606 1891 3633 ,
1917 3592 1969 3639 9,

667 3657 801 3705 illius
832 3653 1018 3702 tribuni
1046 3652 1202 3716 plebis
1219 3687 1234 3711 ,
1256 3667 1403 3716 quem
1424 3654 1586 3703 Caesar
1612 3653 1698 3701 de·
1862 3656 1909 3704 5.
1943 3656 2150 3708 Addunt
2194 3661 2335 3709 multi
2379 3662 2662 3713 victoriam.
2697 3668 2818 3728 Quae

669 3739 910 3785 sensorem
941 3742 1074 3780 tanta
1098 3733 1303 3796 pecunia
1335 3733 1540 3796 paravit.
1573 3736 1694 3781 Sue·
1785 3749 1887 3782 vox
1924 3739 2233 3786 commodius
2258 3741 2394 3788 abest
2421 3758 2448 3788 a
2483 3743 2554 3807 pl.
2588 3746 2729 3793 MSS.
2763 3748 2795 3793 J
2803 3781 2815 3793 .

670 3827 776 3863 ton.
797 3814 849 3860 in
866 3814 898 3860 J
903 3810 968 3860 ul.
989 3826 1098 3873 cap.
1119 3826 1202 3874 ²9·
1785 3816 1850 3862 V.
1873 3818 2281 3866 L.-—Praesertim
2312 3836 2468 3883 quum
2495 3823 2667 3885 paullo
2695 3824 2818 3871 infra

742 3897 792 3943 3.
811 3890 1129 3939 Pedeeemim.
1158 3890 1427 3938 Prudenter
1449 3904 1461 3937 ε
1487 3907 1550 3938 ne
1575 3891 1696 3939 odio
1786 3894 1850 3941 sit
1879 3897 2200 3945 «tenuatim.
2216 3932 2228 3943 .
2274 3909 2322 3946 te
2348 3899 2629 3950 absolutum
2653 3918 2704 3964 »ς
2741 3904 2818 3951 sri-

667 3985 753 4023 sut
771 3975 842 4021 ira
861 3968 1099 4033 impulsus
1121 3968 1306 4017 videar.
1786 3973 1948 4037 gidius
1966 3986 2090 4024 esset
2105 3998 2151 4024 ιι.

742 4061 790 4110 4.
827 4048 1090 4099 tomicem.
1118 4050 1303 4097 Arcum
1327 4049 1690 4113 triumphalem.
1857 4054 1910 4102 6.
1936 4054 2075 4119 Ejus.
2096 4056 2382 4119 Hortensii,
2419 4074 2521 4107 non
2549 4061 2609 4111 C.
2624 4062 2815 4120 Verris,

668 4133 847 4185 Fornix
899 4128 1134 4179 Fabianus
1183 4140 1283 4177 erat
1330 4133 1383 4177 in
1428 4132 1571 4180 Sacra
1619 4130 1692 4178 vin
1784 4144 1841 4180 nt
1866 4144 2005 4197 putat
2032 4137 2241 4183 Hotom-
