3044 4788
635 445 744 513 IN
794 442 1229 512 VERREM
1281 446 1663 529 AcT.11‚
1713 446 1910 513 LIB.
1952 447 2007 511 1.
2243 438 2384 512 325

259 569 416 663 ejus
465 567 740 639 ratione
794 564 1029 661 aliqua
1069 578 1195 635 aut
1233 563 1455 636 modo
1502 563 2088 636 continebantur.
2144 566 2383 653 Quam

262 677 507 749 multis
552 678 767 748 istum
812 675 1171 772 ingenuis,
1230 699 1446 770 quam
1491 674 1740 746 multis
1780 674 2129 745 matribus
2177 673 2383 744 fami-

262 787 422 872 lias,
454 788 527 855 in
556 785 672 855 illa
700 799 885 854 tetra
914 798 1132 880 atque
1164 785 1448 882 impura
1482 784 1836 883 legatione
1854 838 1873 871 ,
1901 785 2045 853 vim
2067 785 2385 861 attulisse

262 894 717 966 existimatis?
746 915 981 987 ecquo
1017 894 1093 962 in
1137 894 1410 991 oppido
1446 894 1709 992 pedem
1747 896 2028 989 posuit,
2071 892 2199 963 ubi
2237 919 2389 964 non

259 1005 512 1102 plura²
556 1019 977 1101 stuprorum
1020 1002 1601 1099 flagitiorumque
1630 1027 1963 1090 suorum,
2001 1026 2219 1099 quam
2265 1003 2390 1074 ad-

259 1128 519 1183 ventus
556 1113 670 1183 sui
721 1114 1017 1209 vestigia
1066 1113 1480 1210 reliquerit?
1522 1112 1662 1184 Sed
1716 1137 1851 1210 ego
1909 1114 2187 1200 omnia,
2232 1138 2390 1210 quae

261 1223 510 1327 negari
539 1236 918 1320 poterunt,
955 1227 1532 1321 praetermittam;
1566 1223 1777 1294 etiam
1815 1222 2003 1310 haec,
2039 1218 2199 1319 quae
2240 1247 2392 1295 cer-

265 1334 531 1404 tissima
563 1347 732 1403 sunt
768 1349 842 1404 et
880 1333 1302 1438 clarissima,
1346 1333 1786 1430 relinquam:
1825 1356 2056 1403 unum
2091 1331 2391 1429 aliquod

264 1440 357 1513 de
388 1441 678 1513 nefariis
700 1444 900 1514 istius
932 1441 1134 1514 factis
1153 1441 1448 1539 eligam;
1486 1466 1638 1539 quo
1662 1442 1937 1515 facilius
1964 1441 2055 1514 ad
2087 1444 2392 1513 Siciliam

267 1552 541 1649 possim
593 1550 1012 1648 aliquando,
1067 1576 1229 1652 quae
1263 1551 1457 1622 mihi·
1491 1553 1634 1624 hoc
1677 1554 1918 1626 oneris
1974 1554 2389 1650 negotiique

268 1659 654 1757 imposuit,
714 1662 1112 1758 pervenire.
1176 1661 1548 1760 Oppidum
1613 1677 1721 1734 est
1778 1664 1853 1732 in
1922 1662 2391 1759 Hellesponto

267 1775 739 1868 Lampsacum
760 1826 780 1859 ,
807 1771 1124 1866 judices,
1155 1772 1231 1841 in
1271 1773 1519 1869 primis
1555 1774 1731 1844 Asiae
1765 1773 2155 1870 provinciae
2177 1769 2203 1821 ³
2244 1773 2392 1842 cla-

270 1904 432 1950 rum
475 1896 549 1951 et
581 1880 870 1952 nobile:
917 1881 1245 1953 homines
1280 1898 1521 1954 autem
1559 1884 1695 1979 ipsi
1727 1887 2192 1981 Lampsaceni
2231 1898 2386 1953 tum

269 2013 547 2062 summe
566 1994 642 2061 in
667 2015 921 2065 omnes
940 1994 1129 2064 cives
1150 2016 1488 2064 romanos
1506 1990 1833 2079 officiosi,
1864 2007 2021 2065 tum
2051 2007 2394 2089 praeterea

271 2104 575 2171 maxime
632 2100 858 2173 sedati
911 2117 986 2173 et
1043 2103 1310 2198 quieti,
1356 2125 1586 2199 prope
1644 2117 1905 2199 praeter
1963 2115 2241 2172 ceteros
2302 2100 2394 2171 ad

270 2215 672 2282 summum⁴
727 2214 1144 2283 Graecorum
1191 2212 1419 2283 otium
1464 2212 1746 2307 potiuS,
1783 2235 2000 2307 quam
2040 2210 2129 2280 ad
2177 2210 2395 2280 ullam

271 2325 416 2392 vim
435 2320 465 2366 ⁵
491 2338 617 2394 aut
642 2322 1037 2394 tumultum
1065 2320 1608 2394 accommodati.
1635 2320 1931 2408 Accidit,
1948 2345 2176 2418 quum
2197 2321 2327 2391 iste
2355 2344 2396 2390 a

273 2436 401 2504 Cn.
432 2431 803 2504 Dolabella
840 2432 1327 2531 efflagitasset,
1363 2446 1446 2502 ut
1501 2455 1580 2502 se
1629 2430 1718 2500 ad
1772 2453 2016 2525 regem
2059 2433 2392 2501 Nicome-

273 2540 441 2611 dem
458 2537 516 2626 6,
550 2564 934 2638 regemque
954 2543 1272 2613 Sadalam
1298 2543 1648 2628 mitteret,
1681 2564 2060 2637 quumque
2090 2537 2226 2609 iter
2257 2540 2394 2609 hoc

276 2649 416 2723 sibi
461 2652 684 2749 magis
736 2652 825 2722 ad
866 2669 1220 2749 quaestum
1276 2676 1519 2737 suum,
1573 2675 1789 2748 quarn
1845 2649 1933 2719 ad
1985 2647 2399 2746 reipublicae

278 2775 562 2859 tempus
587 2761 1205 2833 accommodatum
1242 2761 1820 2859 depoposcisset;
1861 2772 1942 2829 ut
1979 2757 2103 2828 illo
2139 2758 2395 2826 itinere

280 2873 558 2942 veniret
582 2875 1050 2968 Lampsacum
1073 2926 1092 2959 ,
1133 2895 1298 2943 cum
1339 2895 1593 2968 magna
1629 2869 2024 2940 calamitate
2062 2882 2133 2939 et
2167 2890 2394 2964 prope
2480 2919 2492 2937 .

356 3152 408 3186 a.
465 3137 570 3184 Non
609 3137 774 3201 plura.
826 3137 1060 3186 Paneion
1111 3136 1297 3200 legatus

282 3219 457 3264 Verres
512 3216 772 3264 adveniens
826 3216 1007 3280 pedum
1067 3231 1264 3264 snorum
1279 3250 1294 3276 ,

1454 3136 1504 3182 6.
1550 3133 1878 3181 Nicomedem.
1917 3132 2165 3196 Bithyniae
2209 3144 2400 3193 regem,

1384 3214 1498 3276 qni,
1529 3228 1682 3276 quum
1716 3222 1843 3259 esset
1878 3211 1982 3258 sine
2022 3210 2218 3268 liberis,
2246 3223 2403 3271 popu·

282 3312 429 3359 quam
452 3296 688 3345 sartorum
710 3307 760 3344 et
786 3296 1077 3360 flagitiorum
1097 3295 1297 3359 vestigia

280 3374 494 3439 reliquit.
1072 3430 1076 3434 .
1144 3361 1152 3368 ’

356 3456 402 3502 3.
420 3453 554 3502 Asioe
569 3452 850 3518 provincias.
869 3457 994 3517 Quae
1020 3452 1250 3501 definitur
1271 3469 1298 3498 a

282 3534 622 3597 septemtrione
638 3533 887 3597 Bithynia,
906 3533 968 3579 ab
988 3547 1165 3580 occasu
1184 3533 1300 3579 Pro-

284 3612 486 3676 pontide
512 3622 561 3660 et
588 3615 751 3674 AEgaeo
782 3611 980 3675 pelago,
1028 3628 1054 3658 s
1097 3610 1298 3658 meridie

283 3692 457 3756 Lycia,
479 3690 540 3738 sb
568 3692 756 3738 oriente
782 3690 1084 3754 Pamphylia.

356 3778 404 3825 4.
440 3770 525 3817 Ad
553 3785 805 3815 summum.
842 3769 1003 3816 Otiosi
1040 3769 1200 3826 enim,
1243 3784 1300 3815 ac

285 3848 474 3896 desides
494 3858 598 3894 tum
615 3847 773 3895 Graeei
791 3862 960 3894 omnes
982 3846 1300 3895 habebantur.

357 3928 407 3976 5.
433 3927 521 3974 Ad
550 3926 699 3973 ullam
728 3926 849 3973 vim.
881 3929 992 3974 Hoc
1018 3924 1130 3972 ideo
1155 3924 1302 3985 dicit,

285 4016 340 4053 ut
376 4005 519 4070 eulpa
552 4005 787 4052 tumultus
821 4005 873 4050 in
899 4007 1100 4050 Verrem
1135 4007 1302 4051 conci-

287 4086 374 4132 tati
394 4119 408 4144 ,
457 4101 561 4133 non
606 4086 659 4133 in
675 4086 1081 4148 'Lampsacenos,
1125 4081 1210 4130 sed
1254 4084 1304 4131 in

289 4165 448 4228 ipsum
466 4168 666 4212 Verrem
695 4165 987 4211 conseratur.

1385 3292 1486 3339 lum
1529 3307 1653 3340 rom.
1700 3300 1987 3338 testamento
2028 3288 2225 3351 reliquit
2267 3286 2404 3334 hete-

1387 3370 1514 3419 dem.
1548 3369 1765 3418 Decessit
1805 3379 1963 3417 nutem
2007 3365 2298 3415 Nicomedes
2340 3381 2403 3412 ex

1388 3455 1666 3518 Eutrop.VI
1684 3486 1699 3512 ,
1723 3455 1755 3500 6
1770 3485 1787 3513 ,
1810 3454 1867 3500 1..
1883 3448 2086 3498 Lucullo
2105 3459 2153 3496 et
2167 3448 2243 3496 M.
2257 3448 2404 3495 Cotta

1384 3548 1510 3581 coss.
1557 3533 1789 3581 sexennio
1837 3541 1949 3594 post
1987 3529 2150 3576 Verris
2202 3525 2405 3589 legatio·

1385 3628 1512 3660 nem.
1559 3637 1631 3648 --
1673 3611 1927 3658 Sadalam.
1959 3606 2177 3655 Thraciae
2219 3620 2409 3668 regem,

1386 3691 1569 3739 socium
1597 3691 1770 3755 populi
1798 3706 1919 3737 rom.
1943 3687 2089 3735 alium
2125 3686 2186 3733 sb
2223 3700 2283 3732 eo
2323 3685 2409 3730 Sn-

1387 3770 1493 3817 dsls
1519 3785 1662 3833 quem
1695 3771 1913 3817 nominat
1948 3768 2106 3816 Caesar
2144 3764 2266 3812 Bell.
2295 3763 2405 3812 Civ.

1390 3852 1488 3911 111,
1515 3859 1562 3905 a.
1584 3851 1657 3897 De
1681 3849 1852 3913 populi
1872 3864 1995 3896 rom.
2023 3862 2133 3893 cnm
2159 3843 2256 3891 illis
2281 3841 2407 3904 regi-

1389 3928 1480 3976 bus
1505 3929 1714 3977 amicitia
1745 3926 1857 3975 vide
1883 3925 2166 3982 Liv.va,
2205 3931 2295 3979 42,
2324 3920 2405 3967 de-

1390 4023 1486 4069 que
1527 4008 1632 4068 ejus
1679 4009 1821 4070 regim
1877 4005 2067 4053 familiae
2121 4000 2408 4063 antiquitate

1391 4086 1539 4135 ovid.
1580 4086 1640 4133 de
1680 4089 1823 4134 Pont.
1858 4087 1932 4140 11,
1962 4095 2023 4144 9:
2064 4081 2233 4128 conset
2266 4078 2408 4126 etiam

1391 4165 1545 4211 ‘raom
1567 4163 1745 4212 Annal.
1768 4164 1839 4221 ιι,
1857 4151 1951 4216 '64-
