3044 4788
658 385 837 463 ,512
1476 380 2041 449 EXCURSUS

785 508 955 570 Sunt
985 504 1098 591 qui
1128 503 1327 566 velint
1357 500 1694 563 cohortem
1730 497 2089 586 praetoriam
2125 496 2463 560 militarem
2499 495 2865 584 peditibus

699 615 912 679 solum
935 610 1331 689 constitisse;
1360 628 1633 691 eamque
1664 604 1744 667 ab
1773 604 1959 667 initio
1990 604 2131 690 ipso
2158 626 2378 667 rerum
2406 626 2864 666 romanarum

701 721 1063 784 institutam
1127 715 1343 778 fuisse.
1393 712 1559 774 Sane
1613 711 1749 789 ejus
1814 710 2058 772 mentio
2121 708 2252 788 jam
2319 733 2358 771 a
2420 711 2862 797 temporibus

699 827 772 892 P.
809 822 1125 890 Postumii
1178 818 1506 883 dictatoris
1558 817 1838 881 occurrit
1875 814 2052 902 apud
2097 815 2389 896 Livium,
2433 816 2545 878 his
2580 817 2857 878 verbis:

701 928 1014 996 «Cohorti
1052 948 1212 1006 suae,
1238 946 1433 1011 quam
1468 921 1780 986 delectam
1813 944 2080 985 manum
2114 920 2391 1009 praesidii
2434 944 2642 984 causa
2685 924 2856 985 εἰναι

700 1061 767 1102 se
812 1032 1122 1111 habebat,
1164 1029 1272 1093 dat
1326 1029 1606 1118 signum.
1659 1028 1908 1091 Cohors
1962 1026 2289 1090 dictatoris
2343 1044 2490 1089 tum
2549 1028 2850 1114 primum

699 1140 988 1232 praelium
1028 1135 1234 1198 iniit».
1272 1134 1407 1197 Liv.
1444 1134 1544 1214 Π,
1580 1155 1679 1195 2ο.
1717 1132 1831 1196 His
1861 1131 2107 1212 verbis,
2142 1131 2437 1194 «Cohors
2461 1130 2849 1211 dictatoris,

702 1265 863 1311 etc.»
899 1243 1214 1307 docemur
1258 1264 1283 1303 1
1294 1237 1698 1303 ‘'cohortem
1734 1237 1960 1299 illam
1937 1259 2068 1316 Jam
2107 1253 2256 1299 ante
2300 1235 2636 1298 Postumii
2684 1254 2850 1299 tem-

700 1374 859 1441 pora
893 1349 1091 1412 fuisse
1128 1346 1520 1425 institutam,
1572 1341 1640 1405 2⁰
1671 1366 1810 1406 eam
1855 1365 2030 1423 non,
2078 1342 2202 1404 nisi
2236 1364 2444 1429 quum
2485 1344 2845 1405 necessitas

698 1436 985 1576 cogeret,
1034 1473 1391 1542 pugnasse3
1424 1467 1619 1536 atque
1642 1465 1791 1512 ante
1828 1448 2233 1512 Postumium
2270 1471 2646 1533 numquam
2682 1471 2843 1536 prae-

697 1565 859 1627 lium
896 1561 1130 1624 iniisse.
1181 1556 1623 1621 Nihilominus
1658 1552 1835 1618 istud
1868 1555 2181 1642 praetoriae
2231 1552 2527 1617 cohortis
2581 1555 2845 1618 institu-

704 1686 841 1733 tum
888 1667 1117 1729 Festus
1174 1663 1371 1726 refert
1405 1658 1483 1723 ad
1534 1660 1606 1722 P.
1632 1658 1998 1747 Scipionem
2033 1659 2407 1722 Africanum
2435 1682 2451 1722 :
2483 1660 2844 1723 «Praetoria

702 1774 935 1838 cohors
980 1785 1078 1834 est
1125 1766 1328 1847 dicta,
1363 1766 1619 1852 inquit,
1663 1764 1846 1851 quod
1883 1788 1920 1827 a
1955 1779 2228 1852 praetore
2265 1788 2397 1829 non
2434 1763 2839 1829 discedebat.

700 1880 912 1967 Scipio
953 1878 1125 1939 enim
1160 1875 1498 1938 Africanus
1546 1871 1791 1958 primus
1835 1868 2258 1933 fortissimum
2290 1894 2632 1958 quemque
2668 1872 2841 1935 dele-

701 1988 819 2075 git,
859 1983 970 2070 qui
1008 1979 1088 2044 ab
1128 1980 1266 2066 ipso
1304 1979 1370 2040 in
1418 1975 1588 2041 bello
1639 1998 1774 2040 non
1812 1973 2204 2055 discederet,
2244 1992 2309 2038 et
2337 1993 2560 2040 cetero
2599 1978 2841 2041 militiae

701 2109 968 2153 munere
1024 2098 1307 2162 vacaret,
1384 2097 1448 2144 et
1522 2080 1889 2167 sesquiplex
1955 2079 2351 2167 stipendium
2437 2082 2768 2169 acciperet
2797 2115 2840 2144 -.

703 2198 862 2257 Uter
897 2190 1096 2277 igitur
1132 2185 1538 2250 audiendus?
1564 2184 1903 2268 Liviusne,
1942 2209 2023 2249 an
2063 2186 2337 2250 Festus?
2371 2186 2708 2251 Neutrum
2739 2213 2840 2251 cr·

696 2298 857 2362 roris
888 2314 1146 2382 argues,
1189 2291 1242 2355 si
1274 2290 1565 2377 Lipsium
1598 2290 1912 2354 audieris:
1947 2290 2127 2354 «Jam
2168 2288 2430 2376 quidem
2455 2339 2474 2370 ,
2514 2292 2770 2378 inquit,
2805 2317 2840 2354 a

702 2401 1018 2468 Postumii
1052 2397 1457 2487 temporibus
1493 2394 1621 2459 fuit
1656 2396 1890 2460 cohors
1940 2396 2267 2483 praetoria,
2319 2393 2433 2459 sed
2471 2420 2625 2461 raro
2659 2422 2840 2461 usur·

700 2528 883 2600 pata:
917 2507 1042 2571 fuit
1074 2528 1110 2568 e
1140 2503 1518 2568 voluntariis
1553 2505 1856 2583 fortasse,
1894 2517 2008 2564 aut
2042 2502 2108 2564 in
2143 2503 2336 2564 unius
2370 2525 2614 2591 pugnae
2642 2528 2835 2568 even-

702 2615 842 2681 tum
872 2615 1091 2702 captis,
1132 2615 1216 2676 At
1248 2609 1493 2697 Scipio,
1530 2626 1607 2671 ut
1637 2607 1957 2671 ordinaria
1988 2624 2180 2688 esset,
2212 2625 2286 2671 ut
2319 2631 2676 2672 munerum
2713 2611 2832 2673 mi-

702 2725 850 2787 litiae
883 2719 1286 2784 vacationem
1308 2763 1325 2796 ,
1361 2731 1425 2778 et
1458 2711 1851 2803 stipendium
1884 2713 2157 2800 amplius
2189 2710 2489 2795 haberet,
2518 2716 2834 2793 institui13

703 2852 777 2892 ac
812 2821 1087 2913 proinde
1118 2821 1254 2900 ejus
1291 2837 1520 2883 auctor
1550 2843 1587 2882 a
1609 2821 1799 2881 Festo
1835 2818 2094 2882 habitus
2129 2834 2227 2882 est
2243 2851 2288 2883 υ.
2317 2819 2491 2905 Lips.
2524 2819 2612 2883 de
2644 2821 2831 2885 Milit.

708 2936 806 3011 11,
842 2937 903 3008 4.
935 2931 1139 2993 Porro
1178 2927 1553 2990 institutum
1585 2923 1746 2987 illud
1779 2923 1949 2988 idem
1977 2923 2228 3013 Lipsius
2262 2925 2683 2990 referendum
2722 2953 2834 3016 pu-

710 3055 799 3102 tat
826 3034 905 3100 ad
932 3031 1306 3098 Africanum
1336 3032 1656 3094 minorem
1675 3076 1694 3110 ,
1727 3050 1843 3093 seu
1871 3030 2378 3112 Numantinum,
2422 3024 2486 3093 1⁰
2508 3033 2664 3118 quia
2694 3034 2830 3096 silet

706 3145 788 3209 de
823 3143 932 3206 illo
963 3137 1310 3227 Polybius3
1347 3135 1531 3223 quod
1575 3150 1961 3223 argumento
2008 3151 2133 3212 est,
2183 3134 2343 3198 illud
2388 3159 2524 3199 aevo
2574 3138 2827 3216 majoris

707 3248 987 3318 Africani
1023 3247 1089 3308 in
1125 3266 1248 3308 usu
1282 3265 1415 3306 non
1451 3241 1685 3322 fuisse3
1737 3242 1807 3304 2⁰
1839 3242 2215 3304 auctoritate
2253 3241 2486 3306 ductus
2525 3245 2823 3331 Appiani,

709 3358 819 3445 qui
860 3353 1257 3418 Ibericorum
1293 3369 1437 3435 pag.
1469 3344 1628 3426 516,
1666 3345 1888 3410 scribit
1929 3344 2446 3410 «Numantinum
2476 3348 2741 3412 clientes
2766 3367 2824 3412 et

708 3463 950 3525 amicos
982 3481 1059 3521 ex
1102 3455 1276 3518 Urbe
1310 3451 1607 3516 eduxisse
1650 3449 1731 3514 ad
1769 3451 2193 3538 quingentos,
2243 3475 2410 3538 quos
2448 3454 2514 3515 in
2553 3470 2819 3517 turmam

708 3585 905 3629 unam
941 3561 1230 3626 redactos
1262 3557 1532 3621 vocabat
1560 3567 1701 3634 φίλων
1734 3567 1861 3636 ἴλην,
1886 3558 1927 3619 i.
1951 3579 2005 3619 e.
2031 3557 2368 3621 cohortem
2402 3559 2756 3621 amicorum
2777 3591 2818 3622 ι.

708 3671 1023 3736 Cohortes
1063 3666 1397 3754 praetoriae
1452 3664 1677 3744 Marii,
1733 3662 2002 3744 Petreii,
2053 3665 2354 3740 Antonii,
2416 3665 2714 3730 Sallustio
2761 3682 2818 3728 et

706 3773 1053 3842 Plutarcho
1110 3785 1575 3834 memorantur.
1622 3771 1830 3832 Caesar
1887 3770 2131 3833 nullam
2193 3768 2448 3833 videtur
2507 3770 2809 3835 habuisse.

710 3883 999 3950 Ducibus
1027 3880 1180 3943 olim
1221 3877 1483 3965 singulae
1504 3926 1521 3958 ,
1569 3891 1791 3962 postea
1822 3875 1971 3940 duci
2007 3878 2122 3942 uni
2149 3876 2364 3965 plures
2394 3878 2696 3942 cohortes
2722 3878 2811 3942 ad·

706 3993 853 4056 ditae
896 4003 1065 4050 sunt.
1118 3983 1487 4047 Praetoriani
1541 3979 1804 4062 milites,
1853 3982 1994 4070 gall.
2049 3981 2114 4046 la
2153 3984 2358 4069 gardo
2393 3981 2806 4070 pre'torcknne,

704 4095 997 4185 exemplo
1042 4091 1436 4182 praetorianae
1475 4087 1760 4152 cohortis
1813 4088 1892 4152 ad
1935 4089 2306 4175 principum
2345 4090 2606 4154 tutelam
2642 4089 2810 4153 insti·
