3044 4788
640 386 830 473 ’464
1337 388 1434 457 Μ.
1485 389 1562 454 Τ.
1619 389 2176 459 CICERONIS

677 526 749 581 te
777 523 1061 609 gratum
1090 511 1166 578 in
1189 506 1395 593 (1003,
1422 509 1480 579 si
1509 508 1650 579 hoc
1684 508 1962 580 donum
1998 512 2261 582 Veneri
2293 538 2438 583 non
2478 512 2578 585 de
2613 516 2854 589 Sthe-

678 624 782 691 nii
818 618 1032 690 bonis
1068 617 1419 702 dedisseS‚
1454 615 1580 689 sed
1617 618 1707 689 de
1750 623 1932 691 tuis:
1965 620 2169 718 quod
2197 620 2429 694 facere
2461 623 2810 698 debuisti
2833 684 2852 713 ‚

676 731 1070 830 praesertim
1111 753 1340 826 quum
1382 728 1515 798 tibi
1559 728 1685 800 illo
1728 732 1886 828 ipso
1926 756 2126 803 anno
2167 757 2208 803 a
2251 733 2666 807 Chelidone
2717 764 2853 809 ve·

680 845 900 914 nisset
945 839 1325 912 hereditas.

774 954 907 1023 Hic
947 977 1116 1048 eg0,
1162 953 1219 1019 si
1263 948 1453 1019 hanc
1497 974 1785 1021 causam
1827 977 1979 1022 non
2022 957 2352 1024 omnium
2404 955 2842 1042 Siculorum

675 1078 935 1163 rogatu
977 1066 1445 1159 recepissem3
1475 1064 1533 1131 si
1565 1060 1706 1134 hoc
1732 1087 1773 1133 a
1799 1088 1918 1135 me
1945 1069 2264 1136 muneris
2290 1091 2443 1136 non
2481 1070 2842 1141 universa

675 1175 1046 1273 provincia
1082 1174 1569 1270 poposcisset3
1623 1175 1680 1242 si
1737 1197 1853 1243 me
1896 1177 2181 1245 animus
2226 1190 2443 1272 atque
2491 1200 2709 1248 amor
2757 1183 2838 1249 in

677 1282 1201 1382 rempublicam
1219 1337 1238 1368 ‚
1264 1283 1839 1379 existimatioque
1877 1280 2156 1354 offensa
2183 1288 2411 1355 nostri
2432 1286 2724 1359 ordinis
2749 1315 2834 1360 ac

670 1394 1107 1492 judiciorum
1149 1418 1298 1463 non
1335 1391 1476 1462 hoc
1521 1390 1754 1463 facere
1801 1397 2189 1491 coegisset,
2225 1409 2442 1491 atque
2483 1396 2644 1468 haec
2683 1425 2830 1470 una

675 1532 888 1579 causa
902 1501 1387 1600 fuisset‚quod
1404 1505 1717 1573 amicum
1733 1518 1952 1600 atque
1969 1503 2329 1602 hospitem
2346 1530 2596 1576 meum
2620 1509 2828 1580 Sthe-

675 1622 879 1689 nium
901 1673 921 1705 ‚
950 1640 1172 1712 quem
1209 1614 1295 1683 in'
1313 1628 1672 1710 quaestura
1705 1638 1861 1683 mea
1889 1616 2344 1711 singulariter
2369 1614 2826 1703 dilexissem,

675 1728 765 1800 de
790 1752 939 1825 quo
968 1727 1243 1823 optime
1272 1726 1816 1812 existimassem,
1837 1750 2057 1822 quem
2079 1727 2155 1795 in
2175 1728 2548 1823 provincia
2572 1732 2824 1800 existi-

674 1840 1011 1911 mationis
1055 1860 1232 1907 meae
1275 1833 1882 1905 studiosissimum
1940 1834 2642 1936 cupidissimumque
2699 1865 2823 1911 co·

672 1972 1039 2048 gnossem,
1067 1961 1212 2016 tam
1241 1944 1652 2034 crudeliter,
1683 1946 2019 2017 scelerate
2037 1999 2055 2033 ‚
2076 1945 2491 2043 nefarieque
2527 1964 2823 2020 tractas-

673 2087 783 2133 ses
823 2086 840 2130 :
881 2068 1166 2128 tamen⁷
1238 2053 1451 2153 digna
1512 2079 1758 2139 causa,
1830 2080 1959 2126 cur
2022 2056 2437 2127 inimicitias
2495 2056 2819 2130 hominis

671 2166 1186 2267 improbissimi
1231 2168 1671 2261 susciperem
1703 2220 1723 2253 ‚
1760 2181 1844 2236 ut
1885 2165 2190 2263 hospitis
2227 2166 2533 2238 salutem
2578 2166 2812 2240 fortu-

671 2301 947 2374 nasque
969 2272 1456 2345 defenderem.
1489 2279 1843 2346 Fecerunt
1871 2276 2014 2346 hoc
2042 2277 2253 2346 multi
2277 2277 2479 2375 apud
2502 2281 2814 2373 majores

672 2405 993 2461 nostros:
1030 2386 1200 2458 fecit
1236 2388 1452 2458 etiam
1482 2412 1721 2485 nuper
1751 2386 1974 2458 homo
2003 2387 2469 2475 clarissimu5‚
2493 2391 2628 2461 Cn.
2664 2393 2814 2461 Do·

672 2503 951 2587 mitiuS,
980 2501 1108 2595 qui
1136 2502 1233 2569 M.
1265 2496 1628 2586 Silanum,
1661 2498 2112 2568 consularem
2151 2501 2422 2584 virum,
2454 2503 2812 2571 accusavit

666 2625 968 2710 propter
1000 2610 1423 2705 Egritomari
1443 2602 1473 2652 ⁸
1501 2609 1952 2705 Transalpini
1984 2607 2291 2705 hospitis
2316 2609 2642 2703 injurias.
2675 2616 2808 2682 Pu-

666 2739 890 2794 tarem
918 2745 1031 2790 me
1062 2716 1444 2805 idoneum,
1472 2720 1603 2816 qui
1640 2716 2052 2816 exemplum
2092 2743 2435 2816 sequerer
2479 2718 2805 2791 humani-

664 2837 828 2902 tatis
845 2845 1061 2925 atque
1077 2825 1322 2915 officii,
1337 2852 1972 2926 proponeremque
1988 2853 2190 2927 spem
2208 2833 2383 2899 meis
2397 2829 2806 2927 hospitibus

665 2967 748 3013 ac
786 2940 1233 3024 necessariis,
1280 2964 1430 3036 quo
1462 2940 1802 3008 tutiorem
1831 2942 2052 3010 vitam
2090 2963 2243 3010 sese
2279 2964 2443 3010 meo
2473 2940 2804 3037 praesidio

664 3053 987 3120 victuros
1032 3072 1184 3119 esse
1239 3047 1782 3119 arbitrarentur.
1837 3051 2087 3140 Quum
2140 3075 2310 3121 vero
2352 3053 2428 3120 in
2475 3075 2804 3123 commu-

664 3159 879 3231 nibus
916 3159 1196 3253 injuriis
1233 3162 1454 3230 totius
1487 3161 1877 3257 provinciae
1923 3162 2194 3232 Sthenii
2246 3186 2546 3258 quoque
2597 3188 2804 3234 causa

661 3273 1142 3358 contineatur,
1173 3269 1531 3365 multique
1572 3294 1724 3340 uno
1753 3285 2083 3369 tempore
2116 3295 2157 3340 a
2189 3294 2307 3339 me
2345 3270 2669 3368 hospites
2696 3286 2801 3341 at·-

661 3409 804 3479 que
829 3383 1038 3451 amici
1067 3378 1357 3477 publice
1395 3380 1877 3479 privatimque
1915 3378 2435 3452 defendantur:
2472 3380 2798 3477 profecto

661 3493 892 3561 vereri
922 3514 1072 3559 non
1102 3486 1359 3574 debe0‚
1386 3513 1479 3559 ne
1508 3493 1673 3586 quis
1706 3490 1875 3579 hoe,
1905 3488 2106 3587 quod
2130 3488 2345 3579 faci0‚
2374 3515 2527 3560 non
2555 3494 2795 3562 existi·

662 3614 810 3670 met
848 3622 965 3668 me
1011 3601 1272 3671 summi
1311 3596 1536 3670 officii
1572 3604 1850 3673 ratione
1889 3601 2285 3701 impulsum
2324 3615 2795 3698 coactumque

662 3709 1079 3804 suscepisse.

730 3976 775 4019 7.
807 3955 1029 4003 Graevinn
1060 3963 1110 4000 et
1141 3954 1244 4011 nm,
1283 3963 1486 4002 «tamen
1524 3956 1672 4020 digua
1759 3968 1908 4014 tur-3
1943 3960 2080 4022 quod
2121 3961 2319 4009 Gruter.
2364 3959 2427 4008 ab
2471 3959 2792 4025 interpretum

655 4053 795 4086 eausa
838 4045 995 4095 esset,
1043 4049 1133 4081 cur
1156 4055 1196 4081 n.
1238 4032 1403 4082 Codd.
1440 4035 1581 4081 Fabr.
1622 4046 1671 4082 et
1757 4038 1957 4101 ingenio
1984 4039 2265 4104 profectum
2293 4050 2453 4102 putat.
2478 4040 2616 4090 J.v.
2637 4044 2689 4088 1..

647 4114 840 4167 Metell.
883 4125 1079 4163 «tamen
1120 4113 1260 4179 digna
1304 4128 1447 4162 causa
1487 4112 1671 4162 videre-
1831 4120 1878 4166 8.
1904 4118 2228 4184 Egricomari.
2259 4117 2377 4166 Vid.
2406 4118 2578 4167 Divin.
2604 4134 2687 4167 ao.
