3044 4788
734 438 871 539 524
1509 456 2073 524 Excunsus

815 576 1107 639 Potestas
1145 575 1620 663 cognitionem,
1658 591 1724 638 et
1754 575 2163 639 curationem
2196 576 2536 661 complexa
2577 593 2711 641 est.

813 682 1117 772 Cognitio
1157 698 1272 745 aut
1307 681 1670 747 domestica.
1701 683 1855 759 fuit,
1888 697 2003 746 aut
2048 680 2398 770 popularis.
2457 683 2888 765 Domestica,

723 790 892 853 intra
921 789 1329 876 praetorium,
1364 803 1428 852 et
1455 788 1524 852 in
1559 788 1897 869 cubiculo,
1924 788 2200 875 querelis
2234 788 2754 875 provincialium
2785 814 2887 853 au·

721 893 1006 975 diendis,
1033 893 1418 957 admittente
1451 893 1850 958 cubiculario
1870 943 1889 976 ,
1914 909 2010 984 qst
2037 909 2422 980 consumpta
2451 916 2468 955 ε
2506 896 2884 982 popuhn‘s,

722 1000 788 1062 in
811 999 1062 1062 basilica
1081 1047 1098 1079 ‚
1125 1013 1318 1086 atque
1341 999 1403 1063 in
1435 999 1774 1076 tribunali,
1810 999 2035 1062 scribis
2054 1047 2071 1081 ‚
2103 998 2419 1079 accensis»,
2451 1002 2882 1086 praeoonibus

720 1119 786 1168 et
815 1103 1149 1169 lictoribus
1192 1105 1672 1193 apparentibus.
1724 1105 2082 1192 Utriusque
2125 1102 2421 1167 meminit
2467 1105 2753 1184 Cicero,
2801 1106 2880 1169 ad

721 1211 803 1292 Q.
831 1208 935 1271 Fr.
972 1210 1002 1271 Ι
1027 1258 1046 1291 ,
1095 1210 1280 1297 epist.
1320 1234 1374 1276 1.
1426 1214 1787 1300 Utramque
1823 1229 2045 1275 autem
2078 1227 2465 1299 potestatem
2501 1234 2648 1274 nou
2687 1229 2878 1293 ante,

720 1338 914 1403 quam
952 1317 1352 1404 proriuciam
1403 1341 1586 1381 suam
1634 1318 2026 1406 attigissent,
2083 1339 2295 1403 neque
2328 1316 2529 1396 alibi,
2566 1340 2776 1403 quam
2812 1321 2876 1380 in

716 1422 1049 1510 provincia
1094 1447 1206 1487 sua
1241 1447 1536 1488 exercere
1566 1440 1890 1513 poterant.
1924 1423 2180 1511 Ulpian.
2218 1423 2465 1510 Digest.
2509 1422 2632 1487 lib.
2669 1424 2743 1506 Ι,
2776 1426 2872 1488 tit.

725 1528 839 1610 16,
876 1528 919 1591 l.
958 1552 1002 1591 1.
2311 1612 2316 1617 ⁴

803 1634 892 1696 Ut
924 1651 1142 1699 autem
1186 1651 1464 1724 potestas
1502 1658 1576 1700 ea
1615 1634 1963 1700 commode
2010 1648 2435 1713 exerceretur,
2479 1633 2869 1698 institutum

640 1790 643 1797 .
713 1754 849 1802 erat
878 1755 952 1802 ut
983 1757 1185 1803 certas
1217 1741 1282 1803 in
1312 1757 1524 1828 partes
1542 1790 1560 1821 ‚
1594 1763 1711 1804 seu
1748 1739 2049 1804 dioeceses
2080 1738 2103 1825 [
2131 1738 2273 1827 gall.
2299 1755 2535 1801 res-sort
2553 1787 2574 1818 ,
2597 1738 2871 1802 ‹itendue

713 1844 796 1907 de
811 1845 1260 1933 juridiction]
1293 1847 1637 1935 provinciae
1656 1845 2118 1927 dividerentur,
2137 1860 2332 1931 atque
2360 1845 2427 1907 in
2452 1845 2535 1907 iis
2563 1847 2870 1932 partibus

714 1966 931 2014 essent
962 1950 1235 2039 oppida,
1268 1952 1335 2015 in
1377 1953 1616 2040 quibus
1645 1954 1752 2032 jus
1787 1951 2028 2017 diceret
2062 1952 2466 2041 magistratus
2502 1972 2863 2029 romanus,

717 2056 997 2119 evocatis
1049 2079 1128 2127 eo
1184 2058 1497 2120 nimirum
1558 2057 2088 2145 provincialibus,
2151 2055 2265 2142 qui
2310 2056 2451 2135 ejus
2502 2052 2862 2120 dioecoeeos

714 2175 947 2223 essent.
980 2159 1161 2245 [Gall.
1186 2167 1296 2248 qui
1315 2161 1553 2226 e'taieut
1588 2163 1666 2225 de
1695 2187 1764 2227 ce
1793 2163 2059 2250 rossam]
2085 2160 2340 2249 Oppida
2370 2161 2466 2223 sic
2495 2164 2859 2226 constituta

704 2264 840 2344 juri
874 2264 1163 2329 dicundo
1185 2267 1253 2329 in
1287 2269 1637 2355 provinciis
1658 2318 1675 2351 ,
1706 2270 1842 2333 fora
1863 2317 1880 2349 ‚
1905 2291 2023 2332 seu
2055 2283 2415 2331 conventus
2445 2265 2855 2332 dicebantur.

710 2369 877 2435 Plin.
912 2371 1037 2454 111,
1092 2396 1148 2454 1,
1189 2371 1538 2454 «juridicos
1587 2391 2025 2456 conventus-3
2064 2389 2130 2438 et
2150 2372 2230 2455 V,
2271 2373 2388 2454 28,
2419 2373 2858 2454 «jurisdictio-

710 2498 892 2557 nes»,
925 2494 991 2541 et
1021 2501 1157 2567 cap.
1189 2503 1322 2567 seq.
1350 2497 1749 2544 «conventus
1775 2512 1830 2562 ι,
1867 2480 2161 2567 appellat.
2197 2480 2478 2558 Forum,
2526 2502 2649 2543 seu
2697 2504 2856 2544 con-

706 2598 975 2646 ventum
1019 2608 1208 2673 agere
1253 2609 1484 2673 praeses
1532 2585 1901 2666 dicebatur,
1948 2607 2156 2672 quum
2211 2585 2277 2647 in
2326 2607 2463 2648 uno
2509 2585 2740 2671 aliquo
2780 2608 2855 2648 ex

708 2687 809 2752 his
852 2689 1107 2778 oppidis
1136 2692 1243 2771 jus
1277 2689 1550 2756 dicebat.

799 2793 902 2856 Ad
947 2812 1345 2859 conventum
1390 2798 1813 2885 provinciales
1861 2798 2298 2862 evocabantur
2346 2794 2563 2860 edicto
2593 2845 2613 2878 ‚
2671 2797 2849 2884 quod

708 2918 940 2983 praeses
983 2922 1099 2987 per
1143 2903 1361 2966 omnia
1415 2903 1688 2991 oppida,
1735 2927 1878 2991 quae
1916 2905 2037 2967 illis
2071 2902 2500 2967 conventibus
2533 2904 2848 2967 attributa

705 3018 934 3082 erant,
989 3020 1101 3067 aut
1155 3007 1343 3070 etiam
1403 3031 1520 3096 per
1559 3024 1759 3071 totam
1818 3008 2257 3096 provinciam,
2315 3007 2420 3072 die
2470 3024 2652 3071 certa
2703 3009 2849 3072 foro

704 3107 957 3194 agendo
990 3113 1337 3177 constituta
1359 3163 1377 3194 ,
1412 3114 1839 3203 proponebat.
1874 3117 2082 3178 Caesar
2113 3112 2193 3177 de
2218 3116 2285 3178 B.
2320 3114 2458 3176 Civ.
2484 3114 2546 3176 11
2573 3162 2596 3196 ‚
2637 3137 2740 3199 ¹9·

797 3214 912 3277 His
945 3215 1032 3279 ita
1067 3219 1472 3300 constitum,
1506 3236 1619 3283 aut
1650 3242 1786 3284 uno
1818 3222 1884 3284 in
1909 3217 2152 3307 oppido
2189 3220 2406 3306 plures
2442 3236 2843 3300 conventus,

706 3335 820 3382 aut
849 3321 916 3383 in
954 3322 1223 3418 singulis
1260 3324 1548 3413 singulos
1594 3327 1857 3414 agebat,
1903 3342 2100 3411 atque
2137 3347 2365 3388 omnes
2398 3326 2838 3411 percurrebat.

706 3423 1165 3491 Verumtamen
1202 3430 1491 3518 singulos
1526 3448 1883 3495 conventus
1915 3430 2112 3517 vulgo
2136 3453 2172 3492 a
2196 3445 2471 3517 praetore
2505 3430 2845 3517 perlustra·

704 3544 805 3592 tos
842 3531 1042 3597 fuisse
1076 3536 1409 3617 existimo,
1446 3535 1626 3623 quod
1653 3537 1721 3601 id
1755 3538 1880 3601 fuit
1906 3535 1987 3599 ad
2022 3536 2371 3623 provinciae
2416 3536 2705 3600 rationes
2740 3561 2839 3600 ac-

705 3634 1200 3702 commodatius.
1226 3641 1448 3722 Quum
1485 3657 1703 3704 autem
1734 3639 2164 3705 conventibus
2198 3638 2480 3720 indictis»,
2511 3657 2577 3704 et
2612 3664 2842 3705 convo-

704 3737 859 3800 catis
883 3787 901 3818 ,
934 3759 1242 3826 praetores
1279 3744 1396 3806 alia
1433 3744 1645 3828 domi,
1688 3747 1808 3810 alia
1840 3748 1906 3809 in
1943 3748 2091 3809 foro
2137 3761 2642 3833 cognoscerent3
2703 3769 2839 3833 quae

707 3840 887 3907 domi
926 3847 1482 3935 transigebantur,
1534 3874 1606 3914 ea
1659 3851 1793 3916 fere
1831 3875 1947 3940 per
1982 3851 2332 3940 diplomata
2371 3852 2619 3914 annulo
2670 3851 2831 3915 obsi-

706 3965 900 4037 gnata
934 3949 1452 4039 perficiebantur.
1479 3958 1614 4022 Cic.
1648 3958 1715 4020 in
1752 3958 1880 4022 Pis.
1910 3958 2166 4046 passim.
2205 3956 2367 4038 Quae
2402 3979 2558 4020 vero
2599 3957 2667 4018 in
2698 3957 2831 4019 foro

704 4057 962 4144 cognita
993 4075 1190 4140 sunt,
1221 4082 1294 4123 ea
1328 4078 1529 4126 totam
1565 4061 2084 4148 jurisdictionem
2123 4062 2458 4148 complexa
2503 4077 2683 4125 sunt.
2726 4061 2830 4123 lu·

710 4161 997 4230 risdictio
1029 4184 1245 4232 autem
1294 4169 1454 4233 nihil
1490 4166 1665 4234 aliud
1703 4168 1870 4250 fuit,
1928 4192 2121 4256 quam
2169 4183 2451 4255 potestas
2496 4168 2663 4247 juris
2706 4167 2828 4245 ejus
