3044 4788
581 424 687 492 IN
732 424 1152 495 VERREM
1207 426 1414 495 ACT.
1472 428 1825 510 11‚1.113.
1881 427 1980 495 ΙΙ
2207 425 2346 511 485

216 543 661 639 relinquam,
693 559 776 615 ut
818 544 998 615 mihi
1038 560 1119 617 tu
1156 545 1335 617 illud
1370 547 1764 633 concedas,
1805 548 2008 643 quod
2049 547 2179 619 tibi
2218 549 2353 619 ho-

219 654 708 726 nestissimum
745 671 888 743 est,
927 671 1241 728 aratores
1277 654 1410 727 tibi
1444 656 1536 728 ad
1564 671 1873 731 statuam
1906 659 2206 730 honoris
2247 662 2354 731 tui

222 788 472 852 causa,
507 763 882 837 voluntate
919 791 1090 855 sua,
1135 766 1547 839 contulisse.
1591 771 1700 839 Da
1746 769 1924 840 mihi
1963 768 2160 840 hoc:
2204 771 2354 866 jam

219 873 354 945 tibi
374 876 755 946 maximam
777 891 1052 973 partem
1075 876 1509 951 defensionis
1533 877 2137 976 praecideris.Non
2157 881 2350 952 enim
2453 880 2456 883 ’

219 984 525 1081 poteris,
556 998 872 1055 aratores
909 984 1043 1056 tibi
1080 990 1301 1058 iratos
1338 1012 1492 1060 esse
1517 999 1539 1030 ¹
1585 1003 1803 1085 atque
1834 991 2204 1079 inimicos,
2244 989 2352 1060 di-

218 1118 404 1173 cere.
455 1098 518 1164 O
561 1118 849 1166 causam
882 1095 1317 1191 singularem
1349 1095 1363 1167 !
1410 1121 1456 1167 o
1492 1095 1990 1170 defensionem
2019 1100 2353 1172 miseram

218 1229 303 1275 ac
329 1201 726 1302 perditam!
756 1202 952 1275 nolle
980 1202 1120 1274 hoc
1139 1214 1169 1247 ²
1203 1210 1530 1303 accipere
1560 1230 1763 1277 reum
1793 1206 1886 1278 ab
1911 1222 2357 1295 accusatore,

218 1330 295 1385 et
330 1339 500 1384 eum
547 1338 795 1401 reum,
853 1316 979 1410 qui
1026 1328 1291 1411 praetor
1335 1317 1411 1386 in
1454 1316 1693 1387 Sicilia
1740 1315 1994 1403 fuerit,
2040 1333 2355 1389 aratores

217 1425 289 1495 ei
314 1438 626 1496 statuam
646 1448 775 1494 sua
804 1418 1174 1495 voluntate
1202 1428 1533 1496 statuisse
1553 1453 1572 1514 3
1593 1440 1909 1500 aratores
1934 1426 2025 1500 de
2052 1453 2140 1500 eo
2170 1426 2356 1499 bene

218 1535 672 1621 existimare,
699 1533 968 1607 amicos
999 1557 1187 1621 esse,
1233 1533 1509 1605 salvum
1547 1560 1701 1607 esse
1738 1534 2037 1633 cupere!
2067 1537 2359 1621 Metuit,

218 1669 320 1719 ne
351 1643 492 1715 hoc
517 1667 647 1715 vos
675 1644 1100 1715 existimetis
1132 1671 1147 1714 :
1179 1642 1522 1716 obruitur
1551 1647 1745 1716 enim
1778 1660 2141 1717 aratorum
2180 1649 2366 1718 testi-

220 1756 508 1826 moniis.
555 1759 734 1827 Utar
775 1779 901 1841 eo,
949 1753 1154 1851 quod
1210 1754 1423 1825 datur
1451 1752 1480 1798 ³
1515 1782 1530 1824 z
1582 1771 1775 1828 certe
1829 1756 1968 1827 hoc
2010 1760 2107 1827 ita
2150 1755 2359 1828 vobis

210 1864 724 1961 judicandum‘*
763 1879 911 1951 est,
954 1888 1080 1935 eos
1106 1917 1126 1951 ,
1168 1866 1298 1961 qui
1342 1868 1459 1935 isti
1504 1866 1973 1936 inimicissimi
2015 1878 2222 1952 sunt,
2279 1878 2360 1935 ut

220 1978 381 2074 ipse
426 1976 821 2047 existimari
857 1974 1054 2061 vult,
1097 1974 1189 2046 ad
1225 1977 1433 2061 istius
1473 1974 1795 2047 honores
1836 1989 2054 2071 atque
2102 1999 2359 2047 monu-

219 2099 470 2157 menta
504 2088 882 2183 pecuniam
920 2110 1070 2155 non
1109 2084 1482 2157 voluntate
1526 2111 1655 2156 sua
1686 2085 2096 2157 contulisse.
2129 2090 2359 2183 Atque

220 2209 310 2266 ut
348 2194 492 2267 hoc
535 2210 769 2267 totum
820 2193 1155 2266 facillime
1204 2196 1506 2294 intelligi
1566 2198 2116 2293 possit‚xquem
2160 2197 2359 2268 voles

222 2330 478 2377 eorum
510 2308 801 2377 testium
824 2360 843 2391 ,
871 2329 1059 2405 quos
1093 2303 1541 2404 produxerO,
1561 2308 1689 2404 qui
1732 2332 1822 2378 ex
1857 2307 2092 2379 Sicilia
2142 2321 2358 2380 testes

222 2420 403 2504 sint,
423 2421 570 2489 sive
590 2432 906 2514 togatum
932 2414 961 2460 ⁵
979 2417 1176 2501 velis»,
1206 2420 1351 2489 sive
1370 2417 1722 2505 Siculum,
1741 2431 1995 2512 rogato
2016 2472 2037 2505 ‚
2058 2433 2132 2489 et
2151 2442 2318 2490 eum
2339 2474 2358 2506 ,

223 2528 356 2624 qui
388 2525 521 2597 tibi
545 2527 1076 2599 inimicissimus
1105 2550 1258 2598 esse
1289 2525 1679 2613 videbitur,
1700 2528 1828 2624 qui
1857 2550 1936 2598 se
1969 2526 2357 2624 spoliatum

226 2661 271 2705 a
304 2651 376 2706 te
413 2630 649 2705 dicet⁶
673 2660 692 2721 ;
717 2634 978 2759 ecquid
1006 2660 1139 2707 suo
1177 2637 1474 2708 nomine
1500 2638 1576 2705 in
1605 2650 1805 2706 tuam
1842 2650 2150 2710 statuam
2189 2661 2360 2708 con-

226 2746 520 2816 tulerit:
556 2746 920 2816 neminem
957 2747 1304 2842 reperies,
1330 2747 1459 2845 qui
1485 2760 1758 2843 neget.
1797 2746 2066 2816 etenim
2106 2770 2359 2822 omnes

224 2856 606 2936 dederunt.
631 2856 1093 2951 Quemquam
1121 2857 1341 2953 igitur
1359 2871 1574 2954 putas
1603 2853 2145 2943 dubitaturum,
2179 2857 2357 2953 quin

228 2969 324 3052 is,
349 2992 570 3093 quem
604 2966 1172 3040 inimicissimum
1204 2964 1337 3037 tibi
1373 2991 1526 3040 esse
1561 2977 1936 3062 oporteat,
1959 2965 2088 3061 qui
2129 2963 2257 3038 abs
2288 2980 2359 3040 te

228 3078 677 3173 gravissimas
718 3075 1016 3171 injurias
1052 3078 1447 3173 acceperit,
1488 3075 1873 3173 pecuniam
1924 3089 2174 3147 statuae
2226 3101 2359 3147 no-

300 3289 456 3337 an.
503 3303 546 3336 ι.
595 3287 703 3335 mi
744 3287 897 3336 iratos
937 3302 1057 3336 esse.
1104 3285 1252 3354 Liber

229 3366 417 3416 Metell.
440 3366 531 3416 eibi
553 3365 762 3416 boantis
777 3400 795 3425 ,
824 3367 957 3417 unde
980 3365 1122 3431 fingit
1146 3368 1250 3428 Gn·

230 3444 381 3499 lidm.
400 3444 593 3495 besteis.

302 3540 356 3573 a.
379 3524 525 3573 Nolle
548 3523 657 3575 Ιιοσ.
687 3526 733 3571 0
763 3523 1061 3588 ‹le-perman
1087 3525 1250 3584 litem,

233 3607 402 3666 inqu·
432 3619 543 3651 rens
572 3604 1007 3668 eamejicitquaeei
1034 3605 1255 3653 abneca-

233 3692 392 3736 utore
414 3683 789 3733 conceduntur?

303 3761 361 3810 3.
390 3761 539 3828 Quod
555 3761 716 3810 datur.
737 3760 888 3823 Quod
905 3777 935 3808 a
952 3764 1105 3810 Verre
1132 3761 1253 3810 mihi

231 3840 550 3900 conceditur,
599 3851 813 3888 aratores
865 3849 998 3888 metu
1055 3852 1255 3890 coneto·

235 3921 377 3968 Verri
425 3930 629 3970 statuam
680 3918 916 3982 posuiue.
972 3921 1081 3966 Hoc
1124 3919 1255 3978 enim

235 3997 462 4048 coneedit
476 4035 493 4062 ,
520 4013 672 4063 quum
695 3997 821 4046 illud
845 3996 1065 4061 accipere
1089 4008 1253 4062 negat.

235 4077 362 4127 Nam
411 4078 695 4127 alterutrum
741 4091 909 4125 verum
957 4077 1020 4124 sit
1066 4093 1256 4125 necesse

239 4170 340 4219 eet,
373 4169 455 4207 aut
479 4175 563 4207 sua
592 4169 792 4223 sponte,
819 4169 1063 4214 aratores,
1099 4168 1181 4205 aut
1210 4159 1255 4204 vi

1337 3298 1536 3336 coactos
1569 3287 1825 3351 pecuniam
1858 3285 1923 3336 ad
1952 3295 2163 3335 statuam
2185 3296 2363 3335 contn-

1337 3366 1467 3414 lisze.

1413 3454 1461 3501 4.
1502 3445 1648 3493 Vobis
1681 3443 2033 3509 judicandum.
2078 3442 2209 3493 mad
2250 3453 2366 3493 ω’·

1338 3523 1481 3572 vobis
1498 3522 1859 3575 decernendum
1883 3533 2017 3588 patet
2038 3559 2054 3585 ,
2081 3525 2187 3585 eim
2209 3524 2369 3573 inimi·

1339 3618 1426 3651 coo
1460 3602 1720 3667 pecuniam
1749 3602 1936 3666 invito·
1978 3601 2268 3656 contulisse.
2297 3631 2367 3641 —

1344 3681 1442 3744 Qui
1462 3698 1540 3729 .e.2·
1575 3680 1744 3732 Sicilia
1775 3691 1915 3729 testes
1945 3681 2061 3730 sine.
2087 3681 2201 3732 8011.
2234 3681 2366 3732 delet

1341 3771 1398 3810 nt
1418 3755 1670 3825 glossema.
1689 3762 1722 3812 J
1725 3795 1740 3809 .
1758 3760 1823 3809 V.
1845 3763 1904 3812 1..

1415 3841 1462 3889 5.
1494 3843 1748 3905 Togatam.
1787 3841 1930 3892 cives
1957 3856 2185 3889 romanos
2219 3842 2271 3888 in
2300 3840 2369 3892 si-

1341 3919 1453 3968 cilia
1462 3936 1562 3968 rem
1573 3920 1936 3969 frumentariam
1945 3930 2032 3969 ant
2038 3920 2367 3984 pecuniariam

1342 4010 1623 4047 exercentes
1638 4033 1653 4058 ,
1677 4014 1804 4063 qnos
1822 4000 1991 4064 paullo
2011 3999 2137 4046 infra
2154 4011 2373 4049 macons

1342 4096 1399 4128 ac
1425 4078 1755 4144 negotiatores
1782 4078 2013 4142 appellnt.

1415 4159 1464 4207 6.
1483 4157 1635 4220 vulg.
1663 4156 1802 4206 dieze.
1828 4160 1877 4207 J.
1892 4161 1955 4207 V.
1978 4157 2032 4204 1..
