<?xml version="1.0" encoding="UTF-8"?>
<!DOCTYPE html PUBLIC "-//W3C//DTD XHTML 1.0 Transitional//EN"
    "http://www.w3.org/TR/xhtml1/DTD/xhtml1-transitional.dtd">
<html xmlns="http://www.w3.org/1999/xhtml" xml:lang="en" lang="en">
 <head>
  <title>
</title>
<meta http-equiv="Content-Type" content="text/html;charset=utf-8" />
  <meta name='ocr-system' content='tesseract 3.04.00' />
  <meta name='ocr-capabilities' content='ocr_page ocr_carea ocr_par ocr_line ocrx_word'/>
</head>
<body>
  <div class='ocr_page' id='page_1' title='image "./mtciceronisquae09lemagoog/mtciceronisquae09lemagoog_0239.png"; bbox 0 0 3044 4788; ppageno 0'>
   <div class='ocr_carea' id='block_1_1' title="bbox 716 417 2511 517">
    <p class='ocr_par' dir='ltr' id='par_1_1' title="bbox 716 417 2511 517">
     <span class='ocr_line' id='line_1_1' title="bbox 716 417 2511 517; baseline 0.001 -29"><span class='ocrx_word' id='word_1_1' title='bbox 716 420 825 488; x_wconf 80' lang='lat' dir='ltr'><strong>IN</strong></span> <span class='ocrx_word' id='word_1_2' title='bbox 874 419 963 506; x_wconf 89' lang='lat' dir='ltr'><strong>Q.</strong></span> <span class='ocrx_word' id='word_1_3' title='bbox 1016 417 1547 487; x_wconf 86' lang='lat' dir='ltr'>CAECILIUM</span> <span class='ocrx_word' id='word_1_4' title='bbox 1596 418 2174 488; x_wconf 85' lang='lat' dir='ltr'><strong>DIVINATIO.</strong></span> <span class='ocrx_word' id='word_1_5' title='bbox 2376 445 2511 517; x_wconf 86' lang='lat'><strong>¹99</strong></span> 
     </span>
    </p>
   </div>
   <div class='ocr_carea' id='block_1_2' title="bbox 382 535 2546 2953">
    <p class='ocr_par' dir='ltr' id='par_1_2' title="bbox 382 535 2519 1079">
     <span class='ocr_line' id='line_1_2' title="bbox 382 535 2514 638; baseline 0 -25"><span class='ocrx_word' id='word_1_6' title='bbox 382 539 667 613; x_wconf 91' lang='lat' dir='ltr'><strong>conaris</strong></span> <span class='ocrx_word' id='word_1_7' title='bbox 693 537 1060 609; x_wconf 77' lang='lat' dir='ltr'><strong>evertere?</strong></span> <span class='ocrx_word' id='word_1_8' title='bbox 1087 560 1217 607; x_wconf 90' lang='lat' dir='ltr'><strong>cur</strong></span> <span class='ocrx_word' id='word_1_9' title='bbox 1244 535 1356 607; x_wconf 91' lang='lat' dir='ltr'><strong>his</strong></span> <span class='ocrx_word' id='word_1_10' title='bbox 1385 561 1538 606; x_wconf 91' lang='lat' dir='ltr'><strong>non</strong></span> <span class='ocrx_word' id='word_1_11' title='bbox 1565 536 1791 608; x_wconf 90' lang='lat' dir='ltr'><strong>modo</strong></span> <span class='ocrx_word' id='word_1_12' title='bbox 1820 540 2308 638; x_wconf 88' lang='lat' dir='ltr'><strong>persequendi</strong></span> <span class='ocrx_word' id='word_1_13' title='bbox 2333 542 2514 636; x_wconf 86' lang='lat' dir='ltr'><strong>juris</strong></span> 
     </span>
     <span class='ocr_line' id='line_1_3' title="bbox 383 645 2514 749; baseline 0 -26"><span class='ocrx_word' id='word_1_14' title='bbox 383 655 493 723; x_wconf 90' lang='lat' dir='ltr'><strong>sui</strong></span> <span class='ocrx_word' id='word_1_15' title='bbox 511 704 531 739; x_wconf 89' lang='lat'><strong>,</strong></span> <span class='ocrx_word' id='word_1_16' title='bbox 561 648 691 721; x_wconf 92' lang='lat' dir='ltr'><strong>sed</strong></span> <span class='ocrx_word' id='word_1_17' title='bbox 723 649 939 720; x_wconf 87' lang='lat' dir='ltr'><strong>etiam</strong></span> <span class='ocrx_word' id='word_1_18' title='bbox 974 645 1432 745; x_wconf 83' lang='lat' dir='ltr'><strong>deplorandae</strong></span> <span class='ocrx_word' id='word_1_19' title='bbox 1458 646 1878 719; x_wconf 85' lang='lat' dir='ltr'><strong>calamitatis</strong></span> <span class='ocrx_word' id='word_1_20' title='bbox 1906 649 2160 722; x_wconf 87' lang='lat' dir='ltr'>adimis</span> <span class='ocrx_word' id='word_1_21' title='bbox 2199 666 2514 749; x_wconf 84' lang='lat' dir='ltr'><strong>potesta-</strong></span> 
     </span>
     <span class='ocr_line' id='line_1_4' title="bbox 383 756 2518 859; baseline 0.001 -26"><span class='ocrx_word' id='word_1_22' title='bbox 383 760 579 833; x_wconf 77' lang='lat' dir='ltr'><strong>tem?</strong></span> <span class='ocrx_word' id='word_1_23' title='bbox 606 762 791 832; x_wconf 86' lang='lat' dir='ltr'><strong>Nam</strong></span> <span class='ocrx_word' id='word_1_24' title='bbox 809 760 864 846; x_wconf 73' lang='lat'><strong>4,</strong></span> <span class='ocrx_word' id='word_1_25' title='bbox 897 773 970 830; x_wconf 90' lang='lat' dir='ltr'><strong>te</strong></span> <span class='ocrx_word' id='word_1_26' title='bbox 995 772 1237 830; x_wconf 88' lang='lat' dir='ltr'><strong>actore</strong></span> <span class='ocrx_word' id='word_1_27' title='bbox 1257 811 1277 845; x_wconf 97' lang='lat'><strong>,</strong></span> <span class='ocrx_word' id='word_1_28' title='bbox 1304 781 1525 854; x_wconf 85' lang='lat' dir='ltr'><strong>quem</strong></span> <span class='ocrx_word' id='word_1_29' title='bbox 1552 782 1805 829; x_wconf 90' lang='lat' dir='ltr'><strong>eorum</strong></span> <span class='ocrx_word' id='word_1_30' title='bbox 1833 756 2236 831; x_wconf 79' lang='lat' dir='ltr'><strong>affuturum</strong></span> <span class='ocrx_word' id='word_1_31' title='bbox 2272 777 2480 859; x_wconf 89' lang='lat' dir='ltr'><strong>putas</strong></span> <span class='ocrx_word' id='word_1_32' title='bbox 2499 819 2518 853; x_wconf 90' lang='lat'><strong>,</strong></span> 
     </span>
     <span class='ocr_line' id='line_1_5' title="bbox 384 861 2519 970; baseline 0 -28"><span class='ocrx_word' id='word_1_33' title='bbox 384 895 572 969; x_wconf 86' lang='lat' dir='ltr'><strong>quos</strong></span> <span class='ocrx_word' id='word_1_34' title='bbox 612 868 951 967; x_wconf 85' lang='lat' dir='ltr'><strong>intelligis</strong></span> <span class='ocrx_word' id='word_1_35' title='bbox 973 923 992 956; x_wconf 91' lang='lat'><strong>,</strong></span> <span class='ocrx_word' id='word_1_36' title='bbox 1028 894 1182 940; x_wconf 90' lang='lat' dir='ltr'><strong>non</strong></span> <span class='ocrx_word' id='word_1_37' title='bbox 1227 882 1314 938; x_wconf 91' lang='lat' dir='ltr'><strong>ut</strong></span> <span class='ocrx_word' id='word_1_38' title='bbox 1350 892 1480 965; x_wconf 87' lang='lat' dir='ltr'><strong>per</strong></span> <span class='ocrx_word' id='word_1_39' title='bbox 1530 881 1603 939; x_wconf 89' lang='lat' dir='ltr'><strong>te</strong></span> <span class='ocrx_word' id='word_1_40' title='bbox 1640 868 1898 956; x_wconf 88' lang='lat' dir='ltr'><strong>alium,</strong></span> <span class='ocrx_word' id='word_1_41' title='bbox 1941 869 2069 941; x_wconf 92' lang='lat' dir='ltr'><strong>sed</strong></span> <span class='ocrx_word' id='word_1_42' title='bbox 2105 861 2187 942; x_wconf 85' lang='lat' dir='ltr'><strong>ut</strong></span> <span class='ocrx_word' id='word_1_43' title='bbox 2222 896 2355 970; x_wconf 88' lang='lat' dir='ltr'><strong>per</strong></span> <span class='ocrx_word' id='word_1_44' title='bbox 2389 874 2519 944; x_wconf 89' lang='lat' dir='ltr'><strong>ali-</strong></span> 
     </span>
     <span class='ocr_line' id='line_1_6' title="bbox 385 976 1954 1079; baseline -0.001 -28"><span class='ocrx_word' id='word_1_45' title='bbox 385 1005 610 1079; x_wconf 89' lang='lat' dir='ltr'><strong>quem</strong></span> <span class='ocrx_word' id='word_1_46' title='bbox 643 994 716 1052; x_wconf 89' lang='lat' dir='ltr'><strong>te</strong></span> <span class='ocrx_word' id='word_1_47' title='bbox 752 980 993 1078; x_wconf 88' lang='lat' dir='ltr'><strong>ipsum</strong></span> <span class='ocrx_word' id='word_1_48' title='bbox 1030 978 1497 1067; x_wconf 87' lang='lat' dir='ltr'>ulciscantur,</span> <span class='ocrx_word' id='word_1_49' title='bbox 1531 976 1954 1050; x_wconf 81' lang='lat' dir='ltr'><strong>laborare5?</strong></span> 
     </span>
    </p>

    <p class='ocr_par' dir='ltr' id='par_1_3' title="bbox 386 1089 2546 2953">
     <span class='ocr_line' id='line_1_7' title="bbox 483 1089 2521 1177; baseline 0.003 -16"><span class='ocrx_word' id='word_1_50' title='bbox 483 1094 640 1161; x_wconf 88' lang='lat' dir='ltr'><strong>VII.</strong></span> <span class='ocrx_word' id='word_1_51' title='bbox 687 1094 780 1160; x_wconf 80' lang='lat' dir='ltr'><strong>At</strong></span> <span class='ocrx_word' id='word_1_52' title='bbox 818 1093 1012 1161; x_wconf 89' lang='lat' dir='ltr'><strong>enim</strong></span> <span class='ocrx_word' id='word_1_53' title='bbox 1045 1089 1319 1161; x_wconf 85' lang='lat' dir='ltr'><strong>solum¹</strong></span> <span class='ocrx_word' id='word_1_54' title='bbox 1365 1090 1441 1159; x_wconf 90' lang='lat' dir='ltr'><strong>id</strong></span> <span class='ocrx_word' id='word_1_55' title='bbox 1485 1104 1637 1177; x_wconf 89' lang='lat' dir='ltr'><strong>est,</strong></span> <span class='ocrx_word' id='word_1_56' title='bbox 1681 1106 1766 1161; x_wconf 92' lang='lat' dir='ltr'><strong>ut</strong></span> <span class='ocrx_word' id='word_1_57' title='bbox 1799 1116 1918 1162; x_wconf 89' lang='lat' dir='ltr'><strong>me</strong></span> <span class='ocrx_word' id='word_1_58' title='bbox 1958 1092 2177 1163; x_wconf 88' lang='lat' dir='ltr'><strong>Siculi</strong></span> <span class='ocrx_word' id='word_1_59' title='bbox 2212 1097 2521 1168; x_wconf 81' lang='lat' dir='ltr'>maxime</span> 
     </span>
     <span class='ocr_line' id='line_1_8' title="bbox 386 1198 2524 1305; baseline 0.005 -36"><span class='ocrx_word' id='word_1_60' title='bbox 386 1199 608 1271; x_wconf 87' lang='lat' dir='ltr'><strong>velint</strong></span> <span class='ocrx_word' id='word_1_61' title='bbox 656 1228 671 1270; x_wconf 74' lang='grc' dir='ltr'>ε</span> <span class='ocrx_word' id='word_1_62' title='bbox 730 1201 1037 1272; x_wconf 88' lang='lat' dir='ltr'><strong>alterum</strong></span> <span class='ocrx_word' id='word_1_63' title='bbox 1083 1198 1290 1284; x_wconf 89' lang='lat' dir='ltr'><strong>illud,</strong></span> <span class='ocrx_word' id='word_1_64' title='bbox 1340 1199 1603 1289; x_wconf 91' lang='lat' dir='ltr'><strong>cred0,</strong></span> <span class='ocrx_word' id='word_1_65' title='bbox 1657 1200 2052 1273; x_wconf 88' lang='lat' dir='ltr'><strong>obscurum</strong></span> <span class='ocrx_word' id='word_1_66' title='bbox 2105 1219 2248 1293; x_wconf 88' lang='lat' dir='ltr'><strong>est,</strong></span> <span class='ocrx_word' id='word_1_67' title='bbox 2282 1230 2326 1277; x_wconf 94' lang='lat' dir='ltr'><strong>a</strong></span> <span class='ocrx_word' id='word_1_68' title='bbox 2372 1232 2524 1305; x_wconf 89' lang='lat' dir='ltr'><strong>quo</strong></span> 
     </span>
     <span class='ocr_line' id='line_1_9' title="bbox 387 1311 2524 1412; baseline 0.002 -30"><span class='ocrx_word' id='word_1_69' title='bbox 387 1316 646 1383; x_wconf 83' lang='lat' dir='ltr'><strong>Verres</strong></span> <span class='ocrx_word' id='word_1_70' title='bbox 676 1313 975 1383; x_wconf 88' lang='lat' dir='ltr'><strong>minime</strong></span> <span class='ocrx_word' id='word_1_71' title='bbox 999 1334 1077 1382; x_wconf 89' lang='lat' dir='ltr'><strong>se</strong></span> <span class='ocrx_word' id='word_1_72' title='bbox 1110 1315 1425 1383; x_wconf 90' lang='lat' dir='ltr'><strong>accusari</strong></span> <span class='ocrx_word' id='word_1_73' title='bbox 1462 1311 1658 1383; x_wconf 84' lang='lat' dir='ltr'><strong>velit.</strong></span> <span class='ocrx_word' id='word_1_74' title='bbox 1692 1313 1957 1409; x_wconf 84' lang='lat' dir='ltr'>Ecquis</span> <span class='ocrx_word' id='word_1_75' title='bbox 1994 1338 2344 1412; x_wconf 88' lang='lat' dir='ltr'><strong>umquam</strong></span> <span class='ocrx_word' id='word_1_76' title='bbox 2378 1331 2524 1387; x_wconf 91' lang='lat' dir='ltr'><strong>tam</strong></span> 
     </span>
     <span class='ocr_line' id='line_1_10' title="bbox 390 1421 2530 1519; baseline 0.001 -27"><span class='ocrx_word' id='word_1_77' title='bbox 390 1421 628 1519; x_wconf 87' lang='lat' dir='ltr'><strong>palam</strong></span> <span class='ocrx_word' id='word_1_78' title='bbox 660 1421 752 1495; x_wconf 89' lang='lat' dir='ltr'><strong>de</strong></span> <span class='ocrx_word' id='word_1_79' title='bbox 784 1421 1064 1493; x_wconf 91' lang='lat' dir='ltr'><strong>honore</strong></span> <span class='ocrx_word' id='word_1_80' title='bbox 1084 1475 1103 1509; x_wconf 98' lang='lat'><strong>,</strong></span> <span class='ocrx_word' id='word_1_81' title='bbox 1132 1436 1279 1492; x_wconf 90' lang='lat' dir='ltr'><strong>tam</strong></span> <span class='ocrx_word' id='word_1_82' title='bbox 1308 1421 1786 1493; x_wconf 83' lang='lat' dir='ltr'><strong>vehementer</strong></span> <span class='ocrx_word' id='word_1_83' title='bbox 1819 1422 1911 1494; x_wconf 89' lang='lat' dir='ltr'><strong>de</strong></span> <span class='ocrx_word' id='word_1_84' title='bbox 1945 1423 2172 1495; x_wconf 88' lang='lat' dir='ltr'><strong>salute</strong></span> <span class='ocrx_word' id='word_1_85' title='bbox 2201 1448 2328 1496; x_wconf 91' lang='lat' dir='ltr'><strong>sua</strong></span> <span class='ocrx_word' id='word_1_86' title='bbox 2357 1450 2530 1498; x_wconf 92' lang='lat' dir='ltr'><strong>con-</strong></span> 
     </span>
     <span class='ocr_line' id='line_1_11' title="bbox 395 1531 2529 1629; baseline 0 -25"><span class='ocrx_word' id='word_1_87' title='bbox 395 1532 659 1618; x_wconf 81' lang='lat' dir='ltr'>tendit,</span> <span class='ocrx_word' id='word_1_88' title='bbox 692 1557 911 1629; x_wconf 89' lang='lat' dir='ltr'><strong>quam</strong></span> <span class='ocrx_word' id='word_1_89' title='bbox 947 1531 1098 1619; x_wconf 90' lang='lat' dir='ltr'><strong>ille,</strong></span> <span class='ocrx_word' id='word_1_90' title='bbox 1136 1546 1356 1629; x_wconf 90' lang='lat' dir='ltr'><strong>atque</strong></span> <span class='ocrx_word' id='word_1_91' title='bbox 1397 1531 1591 1603; x_wconf 86' lang='lat' dir='ltr'><strong>illius</strong></span> <span class='ocrx_word' id='word_1_92' title='bbox 1618 1533 1868 1618; x_wconf 88' lang='lat' dir='ltr'><strong>amici,</strong></span> <span class='ocrx_word' id='word_1_93' title='bbox 1904 1546 1988 1602; x_wconf 90' lang='lat' dir='ltr'><strong>ut</strong></span> <span class='ocrx_word' id='word_1_94' title='bbox 2024 1557 2117 1604; x_wconf 90' lang='lat' dir='ltr'><strong>ne</strong></span> <span class='ocrx_word' id='word_1_95' title='bbox 2155 1533 2307 1605; x_wconf 86' lang='lat' dir='ltr'><strong>haec</strong></span> <span class='ocrx_word' id='word_1_96' title='bbox 2351 1536 2529 1606; x_wconf 91' lang='lat' dir='ltr'><strong>mihi</strong></span> 
     </span>
     <span class='ocr_line' id='line_1_12' title="bbox 394 1640 2532 1739; baseline 0.001 -26"><span class='ocrx_word' id='word_1_97' title='bbox 394 1640 657 1713; x_wconf 90' lang='lat' dir='ltr'><strong>delatio</strong></span> <span class='ocrx_word' id='word_1_98' title='bbox 699 1641 955 1714; x_wconf 82' lang='lat' dir='ltr'><strong>detur?</strong></span> <span class='ocrx_word' id='word_1_99' title='bbox 1004 1647 1190 1714; x_wconf 89' lang='lat' dir='ltr'><strong>Sunt</strong></span> <span class='ocrx_word' id='word_1_100' title='bbox 1241 1641 1500 1728; x_wconf 92' lang='lat' dir='ltr'><strong>multa,</strong></span> <span class='ocrx_word' id='word_1_101' title='bbox 1540 1665 1704 1739; x_wconf 80' lang='lat' dir='ltr'><strong>quae</strong></span> <span class='ocrx_word' id='word_1_102' title='bbox 1735 1646 2001 1712; x_wconf 80' lang='lat' dir='ltr'><strong>Verres</strong></span> <span class='ocrx_word' id='word_1_103' title='bbox 2041 1642 2117 1711; x_wconf 87' lang='lat' dir='ltr'><strong>in</strong></span> <span class='ocrx_word' id='word_1_104' title='bbox 2160 1654 2331 1713; x_wconf 75' lang='lat' dir='ltr'><strong>me’</strong></span> <span class='ocrx_word' id='word_1_105' title='bbox 2377 1668 2532 1716; x_wconf 90' lang='lat' dir='ltr'><strong>esse</strong></span> 
     </span>
     <span class='ocr_line' id='line_1_13' title="bbox 394 1750 2532 1850; baseline 0.001 -28"><span class='ocrx_word' id='word_1_106' title='bbox 394 1751 808 1840; x_wconf 85' lang='lat' dir='ltr'><strong>arbitratur,</strong></span> <span class='ocrx_word' id='word_1_107' title='bbox 859 1777 1022 1850; x_wconf 85' lang='lat' dir='ltr'><strong>quae</strong></span> <span class='ocrx_word' id='word_1_108' title='bbox 1066 1756 1198 1824; x_wconf 89' lang='lat' dir='ltr'><strong>scit</strong></span> <span class='ocrx_word' id='word_1_109' title='bbox 1238 1754 1315 1822; x_wconf 88' lang='lat' dir='ltr'><strong>in</strong></span> <span class='ocrx_word' id='word_1_110' title='bbox 1354 1765 1455 1837; x_wconf 89' lang='lat' dir='ltr'><strong>te,</strong></span> <span class='ocrx_word' id='word_1_111' title='bbox 1510 1753 1599 1841; x_wconf 91' lang='lat' dir='ltr'><strong>Q.</strong></span> <span class='ocrx_word' id='word_1_112' title='bbox 1628 1750 1893 1840; x_wconf 84' lang='lat' dir='ltr'><strong>Caecili,</strong></span> <span class='ocrx_word' id='word_1_113' title='bbox 1940 1777 2092 1824; x_wconf 91' lang='lat' dir='ltr'><strong>non</strong></span> <span class='ocrx_word' id='word_1_114' title='bbox 2133 1778 2332 1825; x_wconf 89' lang='lat' dir='ltr'><strong>esse:</strong></span> <span class='ocrx_word' id='word_1_115' title='bbox 2372 1779 2532 1850; x_wconf 86' lang='lat' dir='ltr'><strong>quae</strong></span> 
     </span>
     <span class='ocr_line' id='line_1_14' title="bbox 396 1862 2529 1960; baseline 0.001 -28"><span class='ocrx_word' id='word_1_116' title='bbox 396 1862 800 1956; x_wconf 87' lang='lat' dir='ltr'><strong>cujusmodi</strong></span> <span class='ocrx_word' id='word_1_117' title='bbox 825 1867 900 1933; x_wconf 93' lang='lat' dir='ltr'><strong>in</strong></span> <span class='ocrx_word' id='word_1_118' title='bbox 928 1878 1243 1959; x_wconf 88' lang='lat' dir='ltr'><strong>utroque</strong></span> <span class='ocrx_word' id='word_1_119' title='bbox 1281 1875 1614 1933; x_wconf 86' lang='lat' dir='ltr'><strong>nostrum</strong></span> <span class='ocrx_word' id='word_1_120' title='bbox 1636 1863 1785 1932; x_wconf 88' lang='lat' dir='ltr'><strong>sint</strong></span> <span class='ocrx_word' id='word_1_121' title='bbox 1805 1916 1826 1952; x_wconf 88' lang='lat'><strong>,</strong></span> <span class='ocrx_word' id='word_1_122' title='bbox 1854 1862 2100 1960; x_wconf 86' lang='lat' dir='ltr'><strong>paullo</strong></span> <span class='ocrx_word' id='word_1_123' title='bbox 2137 1879 2302 1960; x_wconf 88' lang='lat' dir='ltr'><strong>post</strong></span> <span class='ocrx_word' id='word_1_124' title='bbox 2330 1888 2529 1934; x_wconf 90' lang='lat' dir='ltr'><strong>com·</strong></span> 
     </span>
     <span class='ocr_line' id='line_1_15' title="bbox 395 1971 2532 2070; baseline 0.001 -28"><span class='ocrx_word' id='word_1_125' title='bbox 395 1971 837 2043; x_wconf 79' lang='lat' dir='ltr'><strong>memorabo,</strong></span> <span class='ocrx_word' id='word_1_126' title='bbox 883 1976 1095 2044; x_wconf 90' lang='lat' dir='ltr'><strong>Nunc</strong></span> <span class='ocrx_word' id='word_1_127' title='bbox 1139 1986 1421 2043; x_wconf 91' lang='lat' dir='ltr'><strong>tantum</strong></span> <span class='ocrx_word' id='word_1_128' title='bbox 1477 1972 1553 2043; x_wconf 88' lang='lat' dir='ltr'><strong>id</strong></span> <span class='ocrx_word' id='word_1_129' title='bbox 1590 1971 1861 2060; x_wconf 89' lang='lat' dir='ltr'><strong>dicam,</strong></span> <span class='ocrx_word' id='word_1_130' title='bbox 1906 1973 2110 2070; x_wconf 89' lang='lat' dir='ltr'><strong>quod</strong></span> <span class='ocrx_word' id='word_1_131' title='bbox 2153 1975 2408 2045; x_wconf 90' lang='lat' dir='ltr'><strong>tacitus</strong></span> <span class='ocrx_word' id='word_1_132' title='bbox 2449 1989 2532 2045; x_wconf 90' lang='lat' dir='ltr'><strong>tu</strong></span> 
     </span>
     <span class='ocr_line' id='line_1_16' title="bbox 394 2082 2532 2182; baseline 0.001 -29"><span class='ocrx_word' id='word_1_133' title='bbox 394 2082 574 2153; x_wconf 87' lang='lat' dir='ltr'><strong>mihi</strong></span> <span class='ocrx_word' id='word_1_134' title='bbox 615 2084 1049 2154; x_wconf 88' lang='lat' dir='ltr'><strong>assentiare:</strong></span> <span class='ocrx_word' id='word_1_135' title='bbox 1086 2082 1361 2153; x_wconf 90' lang='lat' dir='ltr'><strong>nullam</strong></span> <span class='ocrx_word' id='word_1_136' title='bbox 1405 2107 1563 2154; x_wconf 88' lang='lat' dir='ltr'><strong>rem</strong></span> <span class='ocrx_word' id='word_1_137' title='bbox 1619 2087 1695 2154; x_wconf 89' lang='lat' dir='ltr'><strong>in</strong></span> <span class='ocrx_word' id='word_1_138' title='bbox 1738 2107 1855 2153; x_wconf 87' lang='lat' dir='ltr'><strong>me</strong></span> <span class='ocrx_word' id='word_1_139' title='bbox 1901 2109 2095 2172; x_wconf 87' lang='lat' dir='ltr'><strong>esse,</strong></span> <span class='ocrx_word' id='word_1_140' title='bbox 2149 2110 2368 2182; x_wconf 89' lang='lat' dir='ltr'><strong>quam</strong></span> <span class='ocrx_word' id='word_1_141' title='bbox 2413 2086 2532 2157; x_wconf 83' lang='lat' dir='ltr'><strong>ille</strong></span> 
     </span>
     <span class='ocr_line' id='line_1_17' title="bbox 396 2193 2533 2292; baseline 0.001 -27"><span class='ocrx_word' id='word_1_142' title='bbox 396 2207 853 2282; x_wconf 71' lang='lat' dir='ltr'><strong>contemnat,</strong></span> <span class='ocrx_word' id='word_1_143' title='bbox 911 2193 1184 2263; x_wconf 88' lang='lat' dir='ltr'><strong>nullam</strong></span> <span class='ocrx_word' id='word_1_144' title='bbox 1221 2194 1298 2263; x_wconf 91' lang='lat' dir='ltr'><strong>in</strong></span> <span class='ocrx_word' id='word_1_145' title='bbox 1338 2207 1447 2281; x_wconf 90' lang='lat' dir='ltr'><strong>te,</strong></span> <span class='ocrx_word' id='word_1_146' title='bbox 1492 2218 1714 2290; x_wconf 90' lang='lat' dir='ltr'><strong>quam</strong></span> <span class='ocrx_word' id='word_1_147' title='bbox 1752 2198 2234 2291; x_wconf 87' lang='lat' dir='ltr'><strong>pertimescat.</strong></span> <span class='ocrx_word' id='word_1_148' title='bbox 2276 2199 2533 2292; x_wconf 90' lang='lat' dir='ltr'><strong>Itaque</strong></span> 
     </span>
     <span class='ocr_line' id='line_1_18' title="bbox 395 2300 2533 2405; baseline 0.001 -32"><span class='ocrx_word' id='word_1_149' title='bbox 395 2327 698 2400; x_wconf 87' lang='lat' dir='ltr'><strong>magnus</strong></span> <span class='ocrx_word' id='word_1_150' title='bbox 716 2303 836 2374; x_wconf 90' lang='lat' dir='ltr'><strong>ille</strong></span> <span class='ocrx_word' id='word_1_151' title='bbox 861 2300 1245 2375; x_wconf 79' lang='lat' dir='ltr'><strong>defensor³</strong></span> <span class='ocrx_word' id='word_1_152' title='bbox 1273 2318 1346 2373; x_wconf 91' lang='lat' dir='ltr'><strong>et</strong></span> <span class='ocrx_word' id='word_1_153' title='bbox 1369 2306 1640 2375; x_wconf 91' lang='lat' dir='ltr'><strong>amicus</strong></span> <span class='ocrx_word' id='word_1_154' title='bbox 1666 2304 1820 2399; x_wconf 86' lang='lat' dir='ltr'><strong>ejus</strong></span> <span class='ocrx_word' id='word_1_155' title='bbox 1841 2303 1976 2373; x_wconf 88' lang='lat' dir='ltr'><strong>tibi</strong></span> <span class='ocrx_word' id='word_1_156' title='bbox 2001 2302 2457 2403; x_wconf 86' lang='lat' dir='ltr'><strong>[Hortensius</strong></span> <span class='ocrx_word' id='word_1_157' title='bbox 2474 2303 2533 2405; x_wconf 72' lang='lat'><strong>4]</strong></span> 
     </span>
     <span class='ocr_line' id='line_1_19' title="bbox 397 2412 2539 2513; baseline 0.002 -30"><span class='ocrx_word' id='word_1_158' title='bbox 397 2412 855 2511; x_wconf 85' lang='lat' dir='ltr'><strong>suffragatur,</strong></span> <span class='ocrx_word' id='word_1_159' title='bbox 888 2440 1005 2486; x_wconf 91' lang='lat' dir='ltr'><strong>me</strong></span> <span class='ocrx_word' id='word_1_160' title='bbox 1043 2429 1455 2512; x_wconf 80' lang='lat' dir='ltr'><strong>oppugnat3</strong></span> <span class='ocrx_word' id='word_1_161' title='bbox 1485 2428 1737 2512; x_wconf 87' lang='lat' dir='ltr'><strong>aperte</strong></span> <span class='ocrx_word' id='word_1_162' title='bbox 1774 2413 1867 2485; x_wconf 91' lang='lat' dir='ltr'><strong>ab</strong></span> <span class='ocrx_word' id='word_1_163' title='bbox 1901 2413 2268 2509; x_wconf 87' lang='lat' dir='ltr'><strong>judicibus</strong></span> <span class='ocrx_word' id='word_1_164' title='bbox 2313 2418 2539 2513; x_wconf 90' lang='lat' dir='ltr'><strong>petit,</strong></span> 
     </span>
     <span class='ocr_line' id='line_1_20' title="bbox 401 2521 2541 2622; baseline 0 -27"><span class='ocrx_word' id='word_1_165' title='bbox 401 2538 488 2595; x_wconf 91' lang='lat' dir='ltr'><strong>ut</strong></span> <span class='ocrx_word' id='word_1_166' title='bbox 525 2539 607 2594; x_wconf 90' lang='lat' dir='ltr'><strong>tu</strong></span> <span class='ocrx_word' id='word_1_167' title='bbox 643 2524 825 2594; x_wconf 82' lang='lat' dir='ltr'><strong>mihi</strong></span> <span class='ocrx_word' id='word_1_168' title='bbox 861 2539 1348 2622; x_wconf 82' lang='lat' dir='ltr'><strong>anteponare3</strong></span> <span class='ocrx_word' id='word_1_169' title='bbox 1387 2539 1462 2595; x_wconf 87' lang='lat' dir='ltr'><strong>et</strong></span> <span class='ocrx_word' id='word_1_170' title='bbox 1491 2528 1624 2612; x_wconf 89' lang='lat' dir='ltr'><strong>ait,</strong></span> <span class='ocrx_word' id='word_1_171' title='bbox 1681 2523 1823 2594; x_wconf 90' lang='lat' dir='ltr'><strong>hoc</strong></span> <span class='ocrx_word' id='word_1_172' title='bbox 1859 2547 1936 2594; x_wconf 85' lang='lat' dir='ltr'><strong>se</strong></span> <span class='ocrx_word' id='word_1_173' title='bbox 1986 2521 2292 2594; x_wconf 85' lang='lat' dir='ltr'><strong>honeste</strong></span> <span class='ocrx_word' id='word_1_174' title='bbox 2315 2578 2336 2611; x_wconf 93' lang='lat'><strong>,</strong></span> <span class='ocrx_word' id='word_1_175' title='bbox 2387 2530 2541 2596; x_wconf 89' lang='lat' dir='ltr'><strong>sine</strong></span> 
     </span>
     <span class='ocr_line' id='line_1_21' title="bbox 403 2632 2535 2721; baseline 0 -17"><span class='ocrx_word' id='word_1_176' title='bbox 403 2634 546 2704; x_wconf 86' lang='lat' dir='ltr'><strong>ulla</strong></span> <span class='ocrx_word' id='word_1_177' title='bbox 571 2633 874 2721; x_wconf 86' lang='lat' dir='ltr'><strong>invidia,</strong></span> <span class='ocrx_word' id='word_1_178' title='bbox 910 2658 992 2704; x_wconf 93' lang='lat' dir='ltr'><strong>ac</strong></span> <span class='ocrx_word' id='word_1_179' title='bbox 1028 2636 1182 2706; x_wconf 89' lang='lat' dir='ltr'><strong>sine</strong></span> <span class='ocrx_word' id='word_1_180' title='bbox 1210 2634 1359 2706; x_wconf 88' lang='lat' dir='ltr'><strong>ulla</strong></span> <span class='ocrx_word' id='word_1_181' title='bbox 1383 2632 1787 2706; x_wconf 89' lang='lat' dir='ltr'><strong>offensione</strong></span> <span class='ocrx_word' id='word_1_182' title='bbox 1813 2632 2275 2706; x_wconf 90' lang='lat' dir='ltr'><strong>contendere.</strong></span> <span class='ocrx_word' id='word_1_183' title='bbox 2315 2664 2349 2699; x_wconf 86' lang='grc'>«</span> <span class='ocrx_word' id='word_1_184' title='bbox 2370 2640 2535 2710; x_wconf 89' lang='lat' dir='ltr'><strong>Non</strong></span> 
     </span>
     <span class='ocr_line' id='line_1_22' title="bbox 405 2743 2546 2842; baseline 0.004 -33"><span class='ocrx_word' id='word_1_185' title='bbox 405 2775 439 2809; x_wconf 74' lang='grc' dir='ltr'>α</span> <span class='ocrx_word' id='word_1_186' title='bbox 467 2746 697 2831; x_wconf 82' lang='lat' dir='ltr'><strong>enim,</strong></span> <span class='ocrx_word' id='word_1_187' title='bbox 750 2745 1025 2842; x_wconf 88' lang='lat' dir='ltr'><strong>inquit,</strong></span> <span class='ocrx_word' id='word_1_188' title='bbox 1065 2745 1246 2816; x_wconf 81' lang='lat' dir='ltr'><strong>illud</strong></span> <span class='ocrx_word' id='word_1_189' title='bbox 1291 2760 1504 2842; x_wconf 89' lang='lat' dir='ltr'><strong>pet0,</strong></span> <span class='ocrx_word' id='word_1_190' title='bbox 1545 2744 1745 2841; x_wconf 86' lang='lat' dir='ltr'><strong>quod</strong></span> <span class='ocrx_word' id='word_1_191' title='bbox 1784 2743 2015 2830; x_wconf 90' lang='lat' dir='ltr'><strong>sole0‚</strong></span> <span class='ocrx_word' id='word_1_192' title='bbox 2049 2768 2275 2840; x_wconf 90' lang='lat' dir='ltr'><strong>quum</strong></span> <span class='ocrx_word' id='word_1_193' title='bbox 2327 2745 2546 2817; x_wconf 85' lang='lat' dir='ltr'><strong>vehe-</strong></span> 
     </span>
     <span class='ocr_line' id='line_1_23' title="bbox 406 2848 2544 2953; baseline 0.003 -34"><span class='ocrx_word' id='word_1_194' title='bbox 406 2883 443 2919; x_wconf 84' lang='lat'>«</span> <span class='ocrx_word' id='word_1_195' title='bbox 468 2850 830 2926; x_wconf 81' lang='lat' dir='ltr'><strong>mentius⁵</strong></span> <span class='ocrx_word' id='word_1_196' title='bbox 864 2853 1248 2943; x_wconf 86' lang='lat' dir='ltr'><strong>contendi,</strong></span> <span class='ocrx_word' id='word_1_197' title='bbox 1294 2848 1721 2953; x_wconf 87' lang='lat' dir='ltr'><strong>impetrare,</strong></span> <span class='ocrx_word' id='word_1_198' title='bbox 1765 2876 1936 2924; x_wconf 89' lang='lat' dir='ltr'><strong>reus</strong></span> <span class='ocrx_word' id='word_1_199' title='bbox 1980 2867 2068 2923; x_wconf 90' lang='lat' dir='ltr'><strong>ut</strong></span> <span class='ocrx_word' id='word_1_200' title='bbox 2100 2852 2544 2942; x_wconf 77' lang='lat' dir='ltr'><strong>absolvatur,</strong></span> 
     </span>
    </p>
   </div>
   <div class='ocr_carea' id='block_1_3' title="bbox 407 3034 2548 3102">
    <p class='ocr_par' dir='ltr' id='par_1_4' title="bbox 407 3034 2548 3102">
     <span class='ocr_line' id='line_1_24' title="bbox 407 3034 2548 3102; baseline 0.001 -18"><span class='ocrx_word' id='word_1_201' title='bbox 407 3037 585 3102; x_wconf 80' lang='lat' dir='ltr'><strong>quibua</strong></span> <span class='ocrx_word' id='word_1_202' title='bbox 605 3052 707 3085; x_wconf 88' lang='lat' dir='ltr'><strong>uon</strong></span> <span class='ocrx_word' id='word_1_203' title='bbox 733 3037 888 3097; x_wconf 77' lang='lat' dir='ltr'><strong>favet,</strong></span> <span class='ocrx_word' id='word_1_204' title='bbox 920 3038 1107 3101; x_wconf 82' lang='lat' dir='ltr'><strong>qnippe</strong></span> <span class='ocrx_word' id='word_1_205' title='bbox 1125 3038 1294 3086; x_wconf 76' lang='lat' dir='ltr'><strong>Verria</strong></span> <span class='ocrx_word' id='word_1_206' title='bbox 1310 3038 1432 3087; x_wconf 83' lang='lat' dir='ltr'><strong>ami-</strong></span> <span class='ocrx_word' id='word_1_207' title='bbox 1517 3040 1584 3085; x_wconf 76' lang='lat' dir='ltr'><strong>V.</strong></span> <span class='ocrx_word' id='word_1_208' title='bbox 1609 3039 1668 3084; x_wconf 92' lang='lat' dir='ltr'><strong>L.</strong></span> <span class='ocrx_word' id='word_1_209' title='bbox 1702 3062 1775 3073; x_wconf 92' lang='lat'><em>-</em></span> <span class='ocrx_word' id='word_1_210' title='bbox 1806 3034 1987 3084; x_wconf 80' lang='lat' dir='ltr'><strong>Solum.</strong></span> <span class='ocrx_word' id='word_1_211' title='bbox 2023 3038 2097 3084; x_wconf 76' lang='lat' dir='ltr'><strong>Ex</strong></span> <span class='ocrx_word' id='word_1_212' title='bbox 2128 3035 2323 3083; x_wconf 78' lang='lat' dir='ltr'><strong>duobus</strong></span> <span class='ocrx_word' id='word_1_213' title='bbox 2357 3052 2468 3101; x_wconf 75' lang='lat' dir='ltr'><strong>quae</strong></span> <span class='ocrx_word' id='word_1_214' title='bbox 2495 3039 2548 3086; x_wconf 88' lang='lat' dir='ltr'><strong>iu</strong></span> 
     </span>
    </p>
   </div>
   <div class='ocr_carea' id='block_1_4' title="bbox 408 3114 2655 3182">
    <p class='ocr_par' dir='ltr' id='par_1_5' title="bbox 408 3114 2655 3182">
     <span class='ocr_line' id='line_1_25' title="bbox 408 3114 2655 3182; baseline 0 -17"><span class='ocrx_word' id='word_1_215' title='bbox 408 3133 521 3173; x_wconf 78' lang='lat' dir='ltr'><strong>cua,</strong></span> <span class='ocrx_word' id='word_1_216' title='bbox 546 3132 705 3179; x_wconf 86' lang='lat' dir='ltr'><strong>neque</strong></span> <span class='ocrx_word' id='word_1_217' title='bbox 725 3151 740 3176; x_wconf 93' lang='lat'><strong>,</strong></span> <span class='ocrx_word' id='word_1_218' title='bbox 768 3119 810 3163; x_wconf 79' lang='lat' dir='ltr'><strong>ai</strong></span> <span class='ocrx_word' id='word_1_219' title='bbox 835 3117 1045 3165; x_wconf 81' lang='lat' dir='ltr'><strong>maxime</strong></span> <span class='ocrx_word' id='word_1_220' title='bbox 1066 3116 1204 3175; x_wconf 78' lang='lat' dir='ltr'><strong>velit,</strong></span> <span class='ocrx_word' id='word_1_221' title='bbox 1230 3127 1432 3182; x_wconf 83' lang='lat' dir='ltr'><strong>propter</strong></span> <span class='ocrx_word' id='word_1_222' title='bbox 1518 3125 1800 3164; x_wconf 71' lang='lat' dir='ltr'><strong>accusatore</strong></span> <span class='ocrx_word' id='word_1_223' title='bbox 1821 3115 2152 3177; x_wconf 84' lang='lat' dir='ltr'><strong>requiruntur,</strong></span> <span class='ocrx_word' id='word_1_224' title='bbox 2169 3114 2267 3163; x_wconf 86' lang='lat' dir='ltr'><strong>hoc</strong></span> <span class='ocrx_word' id='word_1_225' title='bbox 2291 3118 2345 3163; x_wconf 88' lang='lat' dir='ltr'><strong>iu</strong></span> <span class='ocrx_word' id='word_1_226' title='bbox 2372 3132 2449 3164; x_wconf 85' lang='lat' dir='ltr'><strong>me</strong></span> <span class='ocrx_word' id='word_1_227' title='bbox 2473 3133 2552 3164; x_wconf 80' lang='lat' dir='ltr'><strong>ao·</strong></span> <span class='ocrx_word' id='word_1_228' title='bbox 2650 3158 2655 3165; x_wconf 91' lang='lat'><strong>.</strong></span> 
     </span>
    </p>
   </div>
   <div class='ocr_carea' id='block_1_5' title="bbox 411 3194 2552 3495">
    <p class='ocr_par' dir='ltr' id='par_1_6' title="bbox 411 3194 2549 3262">
     <span class='ocr_line' id='line_1_26' title="bbox 411 3194 2549 3262; baseline 0 -18"><span class='ocrx_word' id='word_1_229' title='bbox 411 3196 694 3244; x_wconf 73' lang='lat' dir='ltr'><strong>tenuitatem</strong></span> <span class='ocrx_word' id='word_1_230' title='bbox 720 3207 944 3262; x_wconf 65' lang='lat' dir='ltr'><strong>prestare</strong></span> <span class='ocrx_word' id='word_1_231' title='bbox 964 3197 1232 3261; x_wconf 81' lang='lat' dir='ltr'><strong>quidquam</strong></span> <span class='ocrx_word' id='word_1_232' title='bbox 1256 3198 1431 3262; x_wconf 74' lang='lat' dir='ltr'><strong>possit.</strong></span> <span class='ocrx_word' id='word_1_233' title='bbox 1517 3196 1624 3244; x_wconf 73' lang='lat' dir='ltr'><strong>ium</strong></span> <span class='ocrx_word' id='word_1_234' title='bbox 1658 3204 1730 3243; x_wconf 75' lang='lat' dir='ltr'><strong>eat</strong></span> <span class='ocrx_word' id='word_1_235' title='bbox 1766 3205 1815 3242; x_wconf 86' lang='lat' dir='ltr'><strong>et</strong></span> <span class='ocrx_word' id='word_1_236' title='bbox 1843 3194 2111 3258; x_wconf 74' lang='lat' dir='ltr'><strong>singulare,</strong></span> <span class='ocrx_word' id='word_1_237' title='bbox 2136 3206 2192 3243; x_wconf 87' lang='lat' dir='ltr'><strong>ut</strong></span> <span class='ocrx_word' id='word_1_238' title='bbox 2226 3211 2304 3242; x_wconf 89' lang='lat' dir='ltr'><strong>me</strong></span> <span class='ocrx_word' id='word_1_239' title='bbox 2342 3197 2549 3244; x_wconf 84' lang='lat' dir='ltr'><strong>maxime</strong></span> 
     </span>
    </p>

    <p class='ocr_par' dir='ltr' id='par_1_7' title="bbox 411 3273 2552 3495">
     <span class='ocr_line' id='line_1_27' title="bbox 482 3273 2549 3330; baseline 0.001 -6"><span class='ocrx_word' id='word_1_240' title='bbox 482 3283 536 3330; x_wconf 74' lang='grc'><strong>4.</strong></span> <span class='ocrx_word' id='word_1_241' title='bbox 558 3276 1056 3325; x_wconf 55' lang='lat' dir='ltr'><strong>(iamEt-uenatum</strong></span> <span class='ocrx_word' id='word_1_242' title='bbox 1068 3275 1271 3323; x_wconf 83' lang='lat' dir='ltr'><strong>habeut.</strong></span> <span class='ocrx_word' id='word_1_243' title='bbox 1284 3275 1433 3324; x_wconf 82' lang='lat' dir='ltr'><strong>Male.</strong></span> <span class='ocrx_word' id='word_1_244' title='bbox 1521 3275 1677 3322; x_wconf 81' lang='lat' dir='ltr'><strong>velint</strong></span> <span class='ocrx_word' id='word_1_245' title='bbox 1719 3274 1889 3321; x_wconf 88' lang='lat' dir='ltr'><strong>Siculi.</strong></span> <span class='ocrx_word' id='word_1_246' title='bbox 1928 3274 2074 3322; x_wconf 87' lang='lat' dir='ltr'><strong>Nunc</strong></span> <span class='ocrx_word' id='word_1_247' title='bbox 2118 3284 2277 3321; x_wconf 81' lang='lat' dir='ltr'><strong>autem</strong></span> <span class='ocrx_word' id='word_1_248' title='bbox 2321 3273 2549 3326; x_wconf 71' lang='lat' dir='ltr'><strong>absoluto</strong></span> 
     </span>
     <span class='ocr_line' id='line_1_28' title="bbox 411 3351 2552 3420; baseline 0.001 -19"><span class='ocrx_word' id='word_1_249' title='bbox 411 3355 546 3402; x_wconf 81' lang='lat' dir='ltr'><strong>Nam</strong></span> <span class='ocrx_word' id='word_1_250' title='bbox 570 3355 777 3401; x_wconf 77' lang='lat' dir='ltr'><strong>refertur</strong></span> <span class='ocrx_word' id='word_1_251' title='bbox 806 3354 869 3403; x_wconf 83' lang='lat' dir='ltr'><strong>ad</strong></span> <span class='ocrx_word' id='word_1_252' title='bbox 899 3355 1121 3420; x_wconf 85' lang='lat' dir='ltr'><strong>proxime</strong></span> <span class='ocrx_word' id='word_1_253' title='bbox 1146 3353 1435 3403; x_wconf 79' lang='lat' dir='ltr'><strong>antecedeu·</strong></span> <span class='ocrx_word' id='word_1_254' title='bbox 1524 3353 1779 3402; x_wconf 71' lang='lat' dir='ltr'><strong>divisionis</strong></span> <span class='ocrx_word' id='word_1_255' title='bbox 1798 3367 1900 3399; x_wconf 88' lang='lat' dir='ltr'><strong>uuo</strong></span> <span class='ocrx_word' id='word_1_256' title='bbox 1923 3351 2169 3410; x_wconf 85' lang='lat' dir='ltr'><strong>membro,</strong></span> <span class='ocrx_word' id='word_1_257' title='bbox 2190 3362 2364 3401; x_wconf 80' lang='lat' dir='ltr'><strong>auctor</strong></span> <span class='ocrx_word' id='word_1_258' title='bbox 2384 3370 2552 3419; x_wconf 83' lang='lat' dir='ltr'><strong>aggre-</strong></span> 
     </span>
     <span class='ocr_line' id='line_1_29' title="bbox 413 3432 1904 3495; baseline -0.001 -15"><span class='ocrx_word' id='word_1_259' title='bbox 413 3433 494 3481; x_wconf 78' lang='lat' dir='ltr'><strong>tia.</strong></span> <span class='ocrx_word' id='word_1_260' title='bbox 535 3432 785 3481; x_wconf 83' lang='lat' dir='ltr'><strong>Nolebant</strong></span> <span class='ocrx_word' id='word_1_261' title='bbox 811 3434 942 3481; x_wconf 85' lang='lat' dir='ltr'><strong>enim</strong></span> <span class='ocrx_word' id='word_1_262' title='bbox 980 3434 1132 3481; x_wconf 82' lang='lat' dir='ltr'><strong>Siculi</strong></span> <span class='ocrx_word' id='word_1_263' title='bbox 1161 3435 1214 3481; x_wconf 87' lang='lat' dir='ltr'><strong>in</strong></span> <span class='ocrx_word' id='word_1_264' title='bbox 1244 3432 1436 3495; x_wconf 84' lang='lat' dir='ltr'><strong>judicio</strong></span> <span class='ocrx_word' id='word_1_265' title='bbox 1526 3433 1659 3481; x_wconf 84' lang='lat' dir='ltr'><strong>ditur</strong></span> <span class='ocrx_word' id='word_1_266' title='bbox 1684 3433 1904 3480; x_wconf 81' lang='lat' dir='ltr'><strong>alterum.</strong></span> 
     </span>
    </p>
   </div>
   <div class='ocr_carea' id='block_1_6' title="bbox 411 3508 2555 4054">
    <p class='ocr_par' dir='ltr' id='par_1_8' title="bbox 411 3508 2552 3577">
     <span class='ocr_line' id='line_1_30' title="bbox 411 3508 2552 3577; baseline 0 -17"><span class='ocrx_word' id='word_1_267' title='bbox 411 3512 609 3570; x_wconf 67' lang='lat' dir='ltr'><strong>adesse,</strong></span> <span class='ocrx_word' id='word_1_268' title='bbox 644 3523 692 3559; x_wconf 87' lang='lat' dir='ltr'><strong>et</strong></span> <span class='ocrx_word' id='word_1_269' title='bbox 727 3512 1048 3561; x_wconf 75' lang='lat' dir='ltr'><strong>calamitatem</strong></span> <span class='ocrx_word' id='word_1_270' title='bbox 1087 3530 1222 3561; x_wconf 73' lang='lat' dir='ltr'><strong>suam</strong></span> <span class='ocrx_word' id='word_1_271' title='bbox 1263 3512 1437 3577; x_wconf 85' lang='lat' dir='ltr'><strong>deplo·</strong></span> <span class='ocrx_word' id='word_1_272' title='bbox 1596 3527 1651 3561; x_wconf 77' lang='lat' dir='ltr'><strong>a.</strong></span> <span class='ocrx_word' id='word_1_273' title='bbox 1679 3514 1741 3559; x_wconf 83' lang='lat' dir='ltr'><strong>In</strong></span> <span class='ocrx_word' id='word_1_274' title='bbox 1768 3527 1863 3559; x_wconf 82' lang='lat' dir='ltr'><strong>me.</strong></span> <span class='ocrx_word' id='word_1_275' title='bbox 1894 3513 2112 3558; x_wconf 69' lang='lat' dir='ltr'><strong>Honesta</strong></span> <span class='ocrx_word' id='word_1_276' title='bbox 2152 3520 2225 3557; x_wconf 76' lang='lat' dir='ltr'><strong>eat</strong></span> <span class='ocrx_word' id='word_1_277' title='bbox 2260 3508 2552 3575; x_wconf 71' lang='lat' dir='ltr'><strong>significatio</strong></span> 
     </span>
    </p>

    <p class='ocr_par' dir='ltr' id='par_1_9' title="bbox 413 3588 2427 3658">
     <span class='ocr_line' id='line_1_31' title="bbox 413 3588 2427 3658; baseline -0 -19"><span class='ocrx_word' id='word_1_278' title='bbox 413 3608 538 3651; x_wconf 84' lang='lat' dir='ltr'><strong>rare,</strong></span> <span class='ocrx_word' id='word_1_279' title='bbox 563 3593 605 3640; x_wconf 81' lang='lat' dir='ltr'><strong>ai</strong></span> <span class='ocrx_word' id='word_1_280' title='bbox 633 3593 875 3640; x_wconf 87' lang='lat' dir='ltr'><strong>neminem</strong></span> <span class='ocrx_word' id='word_1_281' title='bbox 906 3593 1054 3640; x_wconf 85' lang='lat' dir='ltr'><strong>alium</strong></span> <span class='ocrx_word' id='word_1_282' title='bbox 1070 3628 1084 3651; x_wconf 92' lang='lat'><strong>,</strong></span> <span class='ocrx_word' id='word_1_283' title='bbox 1121 3610 1269 3658; x_wconf 85' lang='lat' dir='ltr'><strong>quam</strong></span> <span class='ocrx_word' id='word_1_284' title='bbox 1289 3592 1439 3642; x_wconf 75' lang='lat' dir='ltr'><strong>Caeci·</strong></span> <span class='ocrx_word' id='word_1_285' title='bbox 1526 3605 1627 3639; x_wconf 62' lang='lat' dir='ltr'><strong>aun</strong></span> <span class='ocrx_word' id='word_1_286' title='bbox 1647 3591 1700 3638; x_wconf 88' lang='lat' dir='ltr'><strong>in</strong></span> <span class='ocrx_word' id='word_1_287' title='bbox 1727 3588 1918 3654; x_wconf 82' lang='lat' dir='ltr'><strong>agendo</strong></span> <span class='ocrx_word' id='word_1_288' title='bbox 1944 3588 2059 3637; x_wconf 80' lang='lat' dir='ltr'><strong>fidei</strong></span> <span class='ocrx_word' id='word_1_289' title='bbox 2085 3605 2142 3636; x_wconf 85' lang='lat' dir='ltr'><strong>ac</strong></span> <span class='ocrx_word' id='word_1_290' title='bbox 2168 3590 2427 3638; x_wconf 70' lang='lat' dir='ltr'><strong>facultatis.</strong></span> 
     </span>
    </p>

    <p class='ocr_par' dir='ltr' id='par_1_10' title="bbox 413 3666 2555 3736">
     <span class='ocr_line' id='line_1_32' title="bbox 413 3666 2555 3736; baseline 0 -18"><span class='ocrx_word' id='word_1_291' title='bbox 413 3671 535 3718; x_wconf 83' lang='lat' dir='ltr'><strong>lium</strong></span> <span class='ocrx_word' id='word_1_292' title='bbox 563 3682 777 3719; x_wconf 84' lang='lat' dir='ltr'><strong>actorem</strong></span> <span class='ocrx_word' id='word_1_293' title='bbox 805 3688 961 3720; x_wconf 70' lang='lat' dir='ltr'><strong>caum</strong></span> <span class='ocrx_word' id='word_1_294' title='bbox 994 3688 1094 3720; x_wconf 63' lang='grc' dir='ltr'><strong>ωε</strong></span> <span class='ocrx_word' id='word_1_295' title='bbox 1119 3672 1295 3720; x_wconf 83' lang='lat' dir='ltr'><strong>habere</strong></span> <span class='ocrx_word' id='word_1_296' title='bbox 1322 3687 1440 3736; x_wconf 78' lang='lat' dir='ltr'><strong>poa-</strong></span> <span class='ocrx_word' id='word_1_297' title='bbox 1601 3668 1650 3720; x_wconf 84' lang='lat'><strong>3.</strong></span> <span class='ocrx_word' id='word_1_298' title='bbox 1687 3671 1899 3734; x_wconf 64' lang='lat' dir='ltr'><strong>Magnus</strong></span> <span class='ocrx_word' id='word_1_299' title='bbox 1935 3667 2017 3715; x_wconf 75' lang='lat' dir='ltr'><strong>ille</strong></span> <span class='ocrx_word' id='word_1_300' title='bbox 2049 3666 2291 3732; x_wconf 80' lang='lat' dir='ltr'><strong>defensor.</strong></span> <span class='ocrx_word' id='word_1_301' title='bbox 2325 3674 2555 3718; x_wconf 74' lang='lat' dir='ltr'><strong>Famoaua</strong></span> 
     </span>
    </p>

    <p class='ocr_par' dir='ltr' id='par_1_11' title="bbox 414 3748 2555 3895">
     <span class='ocr_line' id='line_1_33' title="bbox 414 3748 2555 3812; baseline 0 -15"><span class='ocrx_word' id='word_1_302' title='bbox 414 3760 544 3797; x_wconf 79' lang='lat' dir='ltr'><strong>aeut.</strong></span> <span class='ocrx_word' id='word_1_303' title='bbox 1526 3749 1611 3797; x_wconf 86' lang='lat' dir='ltr'><strong>ille</strong></span> <span class='ocrx_word' id='word_1_304' title='bbox 1633 3762 1885 3795; x_wconf 76' lang='lat' dir='ltr'><strong>causarum</strong></span> <span class='ocrx_word' id='word_1_305' title='bbox 1911 3758 2175 3812; x_wconf 71' lang='lat' dir='ltr'><strong>patronus,</strong></span> <span class='ocrx_word' id='word_1_306' title='bbox 2204 3750 2283 3796; x_wconf 89' lang='lat' dir='ltr'><strong>cui</strong></span> <span class='ocrx_word' id='word_1_307' title='bbox 2308 3749 2441 3797; x_wconf 84' lang='lat' dir='ltr'><strong>nulla</strong></span> <span class='ocrx_word' id='word_1_308' title='bbox 2468 3748 2555 3798; x_wconf 85' lang='lat' dir='ltr'><strong>de-</strong></span> 
     </span>
     <span class='ocr_line' id='line_1_34' title="bbox 486 3819 2350 3895; baseline 0.003 -20"><span class='ocrx_word' id='word_1_309' title='bbox 486 3828 535 3877; x_wconf 82' lang='lat'><strong>5.</strong></span> <span class='ocrx_word' id='word_1_310' title='bbox 553 3819 820 3879; x_wconf 63' lang='lat' dir='ltr'><strong>Laborat-e.</strong></span> <span class='ocrx_word' id='word_1_311' title='bbox 844 3828 1076 3892; x_wconf 79' lang='lat' dir='ltr'><strong>Aliquem</strong></span> <span class='ocrx_word' id='word_1_312' title='bbox 1097 3844 1330 3893; x_wconf 63' lang='lat' dir='ltr'><strong>querere,</strong></span> <span class='ocrx_word' id='word_1_313' title='bbox 1349 3828 1434 3893; x_wconf 81' lang='lat' dir='ltr'><strong>qui</strong></span> <span class='ocrx_word' id='word_1_314' title='bbox 1521 3830 1760 3878; x_wconf 76' lang='lat' dir='ltr'><strong>fenaiouis</strong></span> <span class='ocrx_word' id='word_1_315' title='bbox 1787 3829 1913 3877; x_wconf 83' lang='lat' dir='ltr'><strong>ratio</strong></span> <span class='ocrx_word' id='word_1_316' title='bbox 1941 3829 2138 3878; x_wconf 83' lang='lat' dir='ltr'><strong>videtur</strong></span> <span class='ocrx_word' id='word_1_317' title='bbox 2164 3831 2350 3895; x_wconf 82' lang='lat' dir='ltr'><strong>iniqua.</strong></span> 
     </span>
    </p>

    <p class='ocr_par' dir='ltr' id='par_1_12' title="bbox 413 3906 2554 4054">
     <span class='ocr_line' id='line_1_35' title="bbox 413 3906 2554 3971; baseline 0.002 -18"><span class='ocrx_word' id='word_1_318' title='bbox 413 3916 462 3954; x_wconf 84' lang='lat' dir='ltr'><strong>te</strong></span> <span class='ocrx_word' id='word_1_319' title='bbox 487 3906 706 3970; x_wconf 70' lang='lat' dir='ltr'><strong>castiget.</strong></span> <span class='ocrx_word' id='word_1_320' title='bbox 849 3920 852 3923; x_wconf 84' lang='lat'>&#39;</span> <span class='ocrx_word' id='word_1_321' title='bbox 1595 3917 1645 3964; x_wconf 70' lang='grc'><strong>4.</strong></span> <span class='ocrx_word' id='word_1_322' title='bbox 1666 3909 1819 3957; x_wconf 72' lang='lat' dir='ltr'><strong>Abest</strong></span> <span class='ocrx_word' id='word_1_323' title='bbox 1844 3924 1872 3955; x_wconf 90' lang='lat' dir='ltr'><strong>a</strong></span> <span class='ocrx_word' id='word_1_324' title='bbox 1899 3907 2036 3956; x_wconf 70' lang='lat' dir='ltr'><strong>libris</strong></span> <span class='ocrx_word' id='word_1_325' title='bbox 2063 3910 2342 3971; x_wconf 74' lang='lat' dir='ltr'><strong>nonnullis,</strong></span> <span class='ocrx_word' id='word_1_326' title='bbox 2367 3910 2554 3958; x_wconf 72' lang='lat' dir='ltr'><strong>omisit-</strong></span> 
     </span>
     <span class='ocr_line' id='line_1_36' title="bbox 482 3983 2102 4054; baseline 0.002 -22"><span class='ocrx_word' id='word_1_327' title='bbox 482 3987 602 4034; x_wconf 78' lang='lat' dir='ltr'><strong>Vn.</strong></span> <span class='ocrx_word' id='word_1_328' title='bbox 640 4001 684 4035; x_wconf 87' lang='lat'><strong>1.</strong></span> <span class='ocrx_word' id='word_1_329' title='bbox 711 3983 895 4035; x_wconf 77' lang='lat' dir='ltr'><strong>Schiitz</strong></span> <span class='ocrx_word' id='word_1_330' title='bbox 913 4020 927 4043; x_wconf 93' lang='lat'>‚</span> <span class='ocrx_word' id='word_1_331' title='bbox 962 3986 1166 4032; x_wconf 81' lang='lat' dir='ltr'><strong>Hotom.</strong></span> <span class='ocrx_word' id='word_1_332' title='bbox 1189 3997 1240 4033; x_wconf 87' lang='lat' dir='ltr'><strong>et</strong></span> <span class='ocrx_word' id='word_1_333' title='bbox 1270 3986 1437 4033; x_wconf 83' lang='lat' dir='ltr'><strong>Lamb.</strong></span> <span class='ocrx_word' id='word_1_334' title='bbox 1527 4004 1623 4054; x_wconf 90' lang='lat' dir='ltr'><strong>que</strong></span> <span class='ocrx_word' id='word_1_335' title='bbox 1643 3989 1881 4037; x_wconf 69' lang='lat' dir='ltr'><strong>Gravius.</strong></span> <span class='ocrx_word' id='word_1_336' title='bbox 1898 3990 1931 4037; x_wconf 84' lang='lat' dir='ltr'>J</span> <span class='ocrx_word' id='word_1_337' title='bbox 1936 3989 2025 4038; x_wconf 78' lang='lat' dir='ltr'><strong>.V.</strong></span> <span class='ocrx_word' id='word_1_338' title='bbox 2050 3991 2102 4037; x_wconf 89' lang='lat' dir='ltr'><strong>L.</strong></span> 
     </span>
    </p>
   </div>
   <div class='ocr_carea' id='block_1_7' title="bbox 413 4063 2559 4195">
    <p class='ocr_par' dir='ltr' id='par_1_13' title="bbox 413 4063 2559 4195">
     <span class='ocr_line' id='line_1_37' title="bbox 413 4063 2559 4129; baseline 0 -18"><span class='ocrx_word' id='word_1_339' title='bbox 413 4063 621 4112; x_wconf 75' lang='lat' dir='ltr'><strong>ducibus</strong></span> <span class='ocrx_word' id='word_1_340' title='bbox 637 4099 651 4123; x_wconf 92' lang='lat'><strong>,</strong></span> <span class='ocrx_word' id='word_1_341' title='bbox 681 4064 902 4129; x_wconf 66' lang='lat' dir='ltr'><strong>praetulit</strong></span> <span class='ocrx_word' id='word_1_342' title='bbox 925 4063 1153 4112; x_wconf 76' lang='lat' dir='ltr'><strong>solidum.</strong></span> <span class='ocrx_word' id='word_1_343' title='bbox 1174 4064 1357 4112; x_wconf 73' lang='lat' dir='ltr'><strong>Nescio</strong></span> <span class='ocrx_word' id='word_1_344' title='bbox 1376 4081 1439 4113; x_wconf 88' lang='lat' dir='ltr'><strong>an</strong></span> <span class='ocrx_word' id='word_1_345' title='bbox 1602 4069 1650 4115; x_wconf 84' lang='lat'><strong>5.</strong></span> <span class='ocrx_word' id='word_1_346' title='bbox 1675 4065 2011 4114; x_wconf 68' lang='lat' dir='ltr'><strong>Vehementius</strong></span> <span class='ocrx_word' id='word_1_347' title='bbox 2030 4067 2272 4115; x_wconf 77' lang='lat' dir='ltr'><strong>contendi.</strong></span> <span class='ocrx_word' id='word_1_348' title='bbox 2299 4066 2559 4121; x_wconf 67' lang='lat' dir='ltr'><strong>Vehemen-</strong></span> 
     </span>
     <span class='ocr_line' id='line_1_38' title="bbox 414 4142 2557 4195; baseline 0.001 -6"><span class='ocrx_word' id='word_1_349' title='bbox 414 4143 569 4191; x_wconf 79' lang='lat' dir='ltr'><strong>uimio</strong></span> <span class='ocrx_word' id='word_1_350' title='bbox 599 4160 765 4192; x_wconf 83' lang='lat' dir='ltr'><strong>amore</strong></span> <span class='ocrx_word' id='word_1_351' title='bbox 802 4144 1045 4191; x_wconf 65' lang='lat' dir='ltr'><strong>inunitam</strong></span> <span class='ocrx_word' id='word_1_352' title='bbox 1074 4142 1353 4192; x_wconf 76' lang='lat' dir='ltr'><strong>locutionis.</strong></span> <span class='ocrx_word' id='word_1_353' title='bbox 1389 4147 1423 4194; x_wconf 84' lang='lat' dir='ltr'><strong>J</strong></span> <span class='ocrx_word' id='word_1_354' title='bbox 1429 4182 1443 4195; x_wconf 89' lang='lat'><strong>.</strong></span> <span class='ocrx_word' id='word_1_355' title='bbox 1533 4145 1626 4193; x_wconf 76' lang='lat' dir='ltr'><strong>eim</strong></span> <span class='ocrx_word' id='word_1_356' title='bbox 1642 4145 1937 4192; x_wconf 78' lang='lat' dir='ltr'><strong>contendere</strong></span> <span class='ocrx_word' id='word_1_357' title='bbox 1954 4146 2005 4193; x_wconf 84' lang='lat' dir='ltr'><strong>h.</strong></span> <span class='ocrx_word' id='word_1_358' title='bbox 2028 4146 2062 4195; x_wconf 79' lang='lat' dir='ltr'><strong>l.</strong></span> <span class='ocrx_word' id='word_1_359' title='bbox 2094 4158 2145 4194; x_wconf 80' lang='lat' dir='ltr'><strong>et</strong></span> <span class='ocrx_word' id='word_1_360' title='bbox 2170 4148 2222 4194; x_wconf 88' lang='lat' dir='ltr'><strong>in</strong></span> <span class='ocrx_word' id='word_1_361' title='bbox 2243 4162 2327 4194; x_wconf 81' lang='lat' dir='ltr'><strong>ore</strong></span> <span class='ocrx_word' id='word_1_362' title='bbox 2346 4147 2557 4193; x_wconf 77' lang='lat' dir='ltr'><strong>Horten-</strong></span> 
     </span>
    </p>
   </div>
  </div>
 </body>
</html>
