3044 4788
627 441 766 514 290
1270 415 1368 482 Μ.
1418 415 1493 482 Τ.
1551 414 2111 485 C1cERoN1s

615 540 842 623 dices,
892 539 968 608 in
1019 535 1153 608 hac
1184 558 1404 606 causa
1455 557 1541 605 ea
1583 545 1749 606 res⁷
1796 538 1875 605 in
1919 535 2310 609 discrimen
2352 536 2768 611 adducitur.

615 657 808 722 Reus
845 662 955 721 est
1004 648 1200 717 enim
1242 646 1801 717 nocentissimus
1840 672 1856 716 ε
1917 648 2047 743 qui
2095 651 2154 719 si
2202 647 2770 737 condemnatur,

616 759 949 832 desinent
986 748 1369 827 homines⁸
1407 754 1687 843 dicere,
1721 754 1833 826 his
1864 755 2154 850 judiciis
2183 763 2566 857 pecuniam
2603 761 2769 859 plu-

618 873 888 939 rimum
922 888 1172 963 posse;
1201 865 1313 934 sin
1350 862 1773 952 absolvitur,
1804 864 2221 940 desinemus
2256 893 2393 940 nos
2436 869 2527 941 de
2560 870 2765 964 judi-

619 981 748 1050 ciis
800 972 1315 1048 transferendis
1367 997 1724 1047 recusare.
1793 979 2100 1049 Tametsi
2155 977 2248 1050 de
2301 979 2767 1053 absolutione

619 1092 829 1162 istius
873 1109 1116 1184 neque
1157 1088 1312 1183 ipse
1350 1085 1501 1179 jam
1545 1098 1783 1183 sperat
1808 1139 1828 1173 ,
1873 1109 2011 1157 nec
2054 1088 2374 1185 populus
2413 1114 2768 1162 romanus

620 1200 900 1269 metuit.
950 1200 1059 1267 De
1101 1193 1553 1293 impudentia
1610 1194 1990 1299 singulari,
2029 1195 2232 1294 quod
2270 1198 2512 1286 adest,
2558 1200 2768 1297 quod

617 1306 1051 1405 respondet,
1088 1320 1261 1377 sunt
1293 1308 1423 1402 qui
1459 1308 1820 1375 mirentur
1850 1332 1867 1374 :
1908 1305 2126 1393 mihi,
2156 1329 2296 1405 pro
2333 1321 2571 1380 cetera
2604 1309 2770 1405 ejus

619 1418 918 1489 audacia
973 1431 1192 1514 atque
1245 1416 1589 1503 amentia,
1645 1438 1740 1485 ne
1799 1415 1943 1487 hoc
1984 1415 2284 1514 quidem
2339 1418 2767 1491 mirandum

618 1528 924 1600 videtur.
968 1527 1199 1599 Multa
1242 1527 1439 1597 enim
1478 1540 1554 1596 et
1596 1526 1675 1595 in
1714 1524 1892 1599 deos
1929 1541 2003 1598 et
2044 1530 2121 1599 in
2161 1527 2496 1600 homines
2537 1532 2768 1629 impie

619 1639 1040 1738 nefarieque
1076 1637 1470 1724 commisit;
1518 1659 1838 1732 quorum
1872 1638 2228 1709 scelerum
2274 1644 2567 1738 poenis⁹
2611 1645 2766 1740 agi·

621 1763 839 1838 tatur,
872 1765 945 1820 et
975 1774 1019 1819 a
1050 1760 1297 1818 mente
1333 1746 1786 1844 consilioque
1823 1745 2229 1820 deducitur.

715 1863 837 1931 111.
871 1863 1120 1957 Agunt
1159 1879 1329 1927 eum
1363 1860 1807 1954 praecipitem
1837 1881 2072 1955 poenae
2107 1861 2377 1930 civium
2417 1884 2763 1932 romano-

619 1994 826 2057 rum;
865 1990 1053 2066 quos
1099 1967 1400 2063 partim¹
1443 1968 1680 2037 securi
1716 1971 2101 2064 percussit,
2157 1973 2421 2067 partim
2465 1975 2543 2042 in
2596 1975 2764 2043 vin-

622 2082 804 2152 culis
852 2077 1173 2163 necavit,
1214 2078 1476 2174 partim
1532 2076 2003 2175 implorantes
2053 2079 2216 2175 jura
2271 2080 2622 2154 libertatis
2689 2100 2766 2155 et

619 2188 925 2260 civitatis
942 2190 1021 2257 in
1039 2182 1328 2258 crucem
1347 2187 1658 2259 sustulit.
1681 2190 2000 2287 Rapiunt
2021 2214 2188 2262 eum
2204 2190 2295 2262 ad
2321 2192 2764 2291 supplicium

624 2298 723 2369 dii
754 2297 1008 2397 patrii:
1038 2296 1241 2394 quod
1276 2300 1413 2369 iste
1449 2299 1787 2369 inventus
1815 2314 1923 2370 est
1943 2354 1962 2388 ,
1999 2304 2126 2398 qui
2151 2325 2192 2372 e
2224 2301 2610 2401 complexu
2638 2327 2766 2402 pa·-

622 2425 914 2483 rentum
954 2407 1294 2507 abreptos
1325 2406 1514 2480 filios
1547 2408 1638 2479 ad
1666 2434 1923 2506 necem
1959 2410 2292 2499 duceret,
2325 2427 2398 2483 et
2426 2429 2765 2509 parentes

621 2524 935 2622 pretium
987 2543 1123 2617 pro
1165 2517 1540 2617 sepultura
1582 2517 1892 2591 liberum
1935 2536 2282 2619 posceret.
2349 2522 2763 2621 Religiones

620 2658 794 2705 vero
839 2628 1416 2724 caerimoniaeque
1469 2630 1799 2700 omnium
1852 2654 2226 2702 sacrorum
2276 2628 2760 2730 fanorumque

621 2743 933 2828 violatae,
964 2737 1487 2835 simulacraque
1511 2735 1819 2809 deorum
1839 2794 1858 2828 ,
1880 2763 2040 2835 quae
2070 2764 2219 2811 non
2249 2738 2471 2810 modo
2498 2766 2588 2812 ex
2616 2744 2760 2812 suis

626 2851 919 2949 templis
952 2846 1189 2919 ablata
1239 2861 1447 2935 sunt,
1497 2845 1625 2919 sed
1662 2850 1879 2918 etiam
1908 2848 2153 2942 jacent
2188 2853 2265 2919 in
2307 2848 2625 2920 tenebris
2666 2849 2758 2921 ab

627 2967 765 3034 isto
823 2969 1138 3031 retrusa²
1195 2971 1416 3055 atque
1456 2955 1743 3046 abdita,
1791 2963 2185 3030 consistere
2235 2961 2390 3055 ejus
2433 2961 2760 3031 animum

622 3193 752 3259 parit
779 3200 834 3238 ue
852 3199 990 3245 esset,
1006 3188 1121 3251 quin
1146 3184 1385 3251 particula
1409 3195 1465 3231 ue
1485 3182 1651 3247 paullo
1813 3187 1863 3233 8.
1889 3186 1969 3236 Sic
1986 3196 2105 3235 vett.
2134 3184 2248 3236 odd.
2279 3196 2329 3235 et
2361 3188 2488 3237 MSS
2518 3191 2761 3240 nonnulli.

626 3285 769 3334 ante,
804 3280 854 3317 et
890 3267 1052 3317 statim
1091 3265 1189 3313 alio
1239 3278 1386 3312 sensu
1426 3261 1650 3325 ponitur.
1740 3266 1893 3329 Apud
1938 3266 2160 3314 Lumbin.
2207 3277 2262 3315 ot
2305 3268 2505 3318 Gruter.
2547 3289 2575 3311 ι
2594 3284 2762 3319 omnes

625 3355 805 3400 Sensus
839 3359 947 3397 est:
978 3345 1226 3408 Denique,
1260 3353 1527 3404 utcumque
1552 3341 1649 3390 hoc
1741 3343 1902 3393 diocte
1917 3366 1964 3393 ι.

624 3431 690 3478 sit
729 3427 1023 3488 judicatum,
1060 3421 1208 3472 finem
1242 3419 1485 3481 indicium
1525 3420 1649 3470 illud
1808 3440 1859 3486 9.
1896 3422 2074 3471 Poenis.
2123 3424 2281 3472 ruffin
2338 3425 2614 3477 ultricibus.
2678 3429 2760 3477 Sic

626 3505 969 3554 controversia
1002 3502 1063 3550 de
1097 3499 1301 3561 judiciis
1346 3491 1644 3548 constituet:
1736 3502 1905 3565 paullo
1929 3514 2072 3567 pont:
2103 3523 2131 3545 α
2146 3519 2304 3567 poenae
2328 3505 2508 3554 civium
2536 3524 2762 3558 romano·

626 3600 740 3633 nam
768 3584 811 3629 si
844 3581 1103 3630 damnum
1128 3581 1335 3637 Verres,
1369 3577 1651 3627 moonoilin·
1735 3597 1918 3643 tumn,
1952 3593 2002 3630 et
2045 3583 2099 3630 in
2133 3584 2300 3633 Ptoou.
2333 3586 2417 3646 ³7,
2446 3602 2503 3634 ιο
2538 3588 2759 3653 Dom.9.

627 3665 760 3712 bitur
782 3660 1088 3718 senatoribus
1120 3657 1291 3706 nmium
1323 3655 1651 3718 existimati03
1740 3660 1814 3708 De
1834 3660 2169 3722 pulcherrimo
2200 3662 2298 3711 hoc
2331 3672 2440 3711 toto
2473 3664 2589 3714 loeo
2605 3700 2630 3725 2
2649 3683 2766 3716 con·

627 3743 706 3791 sin
730 3751 894 3789 nutem
918 3738 1210 3794 absolvitur,
1246 3751 1392 3785 nemo
1428 3752 1651 3787 recusare
1739 3738 1865 3786 serre
1910 3754 2073 3804 opero
2114 3743 2324 3805 pretinm
2367 3753 2494 3792 esset
2534 3747 2763 3810 scripum

624 3823 828 3870 honeste
851 3818 1052 3883 poterit,
1069 3832 1171 3880 quo
1192 3815 1352 3864 minus
1372 3815 1437 3864 ad
1461 3817 1652 3882 equites
1738 3817 2010 3867 elatissimis
2021 3821 2241 3869 semibus
2252 3822 2763 3874 aluums-extu.

621 3899 809 3964 judicia
826 3895 1196 3945 transferentur.
1809 3899 1900 3946 111.
1935 3914 1978 3948 ι.
2006 3899 2136 3962 Quos
2154 3900 2357 3964 pat-thu.
2385 3902 2506 3950 Haee
2532 3904 2640 3952 fuse
2666 3915 2762 3953 tra-

701 3996 752 4039 7.
784 3979 862 4025 Ea
890 3991 981 4025 m.
1015 3976 1096 4025 An
1118 3973 1304 4036 Judiet·
1330 3988 1481 4039 penos
1512 3975 1649 4023 ordi-
1738 3986 1934 4026 emitur
1949 3979 2153 4027 Vei-rin·
2174 3979 2344 4029 ultima
2364 3980 2426 4029 do
2442 3983 2606 4048 suppl.
2627 4000 2673 4033 c.
2694 3986 2759 4032 28

626 4075 739 4108 nem
793 4055 1090 4107 senatorium
1147 4069 1341 4104 mnan
1402 4054 1619 4104 debeant
1637 4090 1652 4116 ,
1738 4066 1911 4120 etsqq.

620 4155 793 4188 necne.
1810 4150 1860 4185 a.
1880 4136 2102 4187 Benna.
2131 4138 2207 4189 Ne
2231 4138 2534 4206 marilegium
2558 4151 2759 4206 pateret.
