3044 4788
616 487 754 558 230
1395 488 1958 557 EXCURSUS

607 618 724 699 tis,
757 639 900 705 quae
934 633 1117 681 erant
1143 639 1263 704 pro
1299 618 1633 680 eversione
1648 618 1880 710 ,patriae
1914 614 2375 702 consequuti».
2408 611 2629 680 Patres
2660 636 2745 681 ne

607 721 1025 788 extorsissent
1054 719 1416 809 provincias
1449 720 1703 802 Pisoni,
1746 737 1811 784 et
1842 718 2161 800 Gabinin,
2198 717 2251 780 si
2288 717 2454 780 ultra
2491 739 2742 783 annum

609 850 745 892 non
777 841 1232 915 prorogassent
1262 825 1650 913 imperium?
1676 826 1728 889 si
1761 824 2027 913 quidem
2055 846 2171 912 per
2201 821 2596 887 adversarios
2627 844 2744 885 ne-

607 933 876 996 cessaria
908 948 1045 996 erat
1086 933 1510 1020 prorogatio:
1539 964 1566 989 α
1588 933 1967 1019 Numquam
2004 928 2392 995 succedetur
2424 929 2580 1009 illis,
2600 928 2740 998 nisi

607 1060 814 1125 quum
861 1061 935 1102 ea
982 1039 1121 1126 lege
1157 1040 1506 1119 referetur,
1559 1061 1686 1125 qua
1739 1036 2052 1102 intercedi
2104 1035 2185 1100 de
2219 1035 2564 1124 provinciis
2602 1057 2741 1097 non

602 1142 891 1222 licebit»:
921 1144 1086 1207 infra
1118 1161 1344 1208 contra
1375 1167 1522 1225 eOS,
1561 1144 1675 1232 qui
1707 1157 2127 1224 censuerant,
2164 1142 2432 1204 alteram
2464 1140 2740 1204 Galliam

604 1271 755 1312 cum
789 1247 969 1336 Syria
991 1247 1463 1314 decernendam
1485 1271 1661 1313 esse:
1691 1279 1717 1304 ι
1736 1251 2035 1313 Attamen
2062 1247 2161 1311 his
2187 1245 2523 1310 sententiis
2540 1293 2559 1325 ,
2585 1244 2744 1308 Piso

603 1354 672 1416 in
710 1354 1038 1441 provincia
1071 1356 1477 1443 permanebit
1490 1387 1537 1419 n.
1562 1355 1932 1441 Utrumque
1962 1354 2196 1417 falsum
2230 1368 2327 1416 est
2347 1399 2364 1432 ‚
2414 1351 2469 1414 si
2506 1373 2744 1440 proro-

603 1460 927 1548 gationem
958 1459 1408 1543 admittamus3
1449 1483 1598 1523 nam
1641 1460 1791 1524 licet
1820 1460 1890 1522 in
1931 1457 2357 1523 decernendis
2391 1455 2740 1544 provinciis

604 1564 779 1630 aliud
810 1565 1136 1632 statuisset
1177 1582 1470 1645 senatus,
1512 1580 1767 1652 poterat
1798 1563 2221 1628 nihilominus
2265 1563 2492 1626 Cicero
2527 1563 2736 1650 impe·

605 1668 741 1750 dire
774 1670 1108 1737 decretum
1145 1671 1227 1735 de
1268 1669 1685 1759 prorogando
1733 1670 2007 1757 imperio
2056 1670 2279 1734 Pisoni
2321 1684 2386 1732 et
2424 1668 2737 1740 Gabinio,

606 1777 661 1839 si
695 1780 1122 1841 necessarium
1169 1776 1329 1840 illud
1379 1793 1512 1840 erat
1553 1776 1633 1840 ad
1671 1777 1835 1857 hoc,
1868 1793 1943 1840 ut
1975 1777 2064 1840 illi
2097 1775 2459 1864 provincias
2504 1774 2739 1837 retine-

611 1898 823 1947 rent...
845 1884 1066 1946 Sexto:
1097 1882 1167 1944 P.
1189 1881 1443 1945 Sextius
1472 1881 1879 1970 quaestoriam
1908 1882 2306 1970 provinciam
2332 1880 2738 1944 consularem

608 1988 905 2068 sortitus,
941 2002 1260 2065 metuen5‚
1281 2008 1363 2050 ne
1395 2003 1542 2075 post
1569 2010 1815 2051 annum
1844 1987 1967 2050 sibi
1994 1987 2357 2075 eriperetur
2382 1984 2734 2073 provincia,

607 2115 805 2179 quam
842 2089 1360 2171 administrabat,
1397 2091 1693 2156 Ciceroni
1733 2092 1940 2156 amico
1970 2090 2392 2180 significavit,
2436 2090 2557 2153 sibi
2590 2111 2733 2177 gra-

608 2212 748 2259 tum
773 2194 939 2276 fore,
972 2194 1027 2256 si
1048 2216 1186 2266 eam
1211 2196 1487 2260 retinere
1509 2196 1754 2260 diutius
1782 2215 2033 2286 posset:
2056 2196 2139 2262 ad
2173 2219 2370 2285 quem
2400 2196 2487 2259 ita
2508 2196 2738 2259 Cicero

611 2300 794 2387 epist.
813 2300 890 2381 6,
924 2300 1115 2364 lib.V:
1141 2330 1167 2356 «ι
1189 2300 1415 2384 Quum
1442 2300 1526 2365 ad
1547 2324 1651 2366 me
1678 2304 1916 2367 Decius
1944 2302 2242 2366 librarius
2269 2317 2422 2364 tuus
2441 2300 2739 2378 venisset,

611 2404 972 2492 egissetque
1009 2428 1263 2469 mecum
1287 2455 1305 2488 ,
1343 2423 1418 2470 ut
1453 2429 1716 2494 operam
1744 2406 1994 2488 darem,
2024 2431 2105 2471 ne
2138 2407 2255 2471 tibi
2287 2407 2416 2469 hoc
2448 2423 2740 2493 tempore

610 2512 1140 2597 succederetur»;
1172 2537 1380 2601 quum
1413 2515 1509 2585 uti
1541 2533 1760 2602 posset
1797 2510 2244 2579 commodiore
2280 2504 2481 2582 verbo
2502 2561 2521 2594 ,
2563 2529 2629 2577 et
2657 2511 2739 2575 de

610 2620 1022 2709 prorogando
1047 2621 1265 2707 potius
1299 2620 1592 2709 imperiO,
1615 2644 1809 2708 quam
1845 2620 1927 2684 de
1958 2644 2094 2685 non
2127 2617 2538 2684 succedendo
2563 2641 2741 2681 men·

612 2725 856 2790 tionem
893 2728 1135 2808 facere,
1171 2726 1350 2813 quod
1383 2725 1588 2806 majus
1627 2743 1762 2790 erat
1812 2726 2220 2795 beneficium.
2253 2726 2357 2789 Sic
2390 2726 2576 2812 epist.
2618 2746 2738 2810 29,

611 2831 722 2895 lib.
757 2833 954 2911 XIII,
993 2831 1076 2896 de
1099 2832 1378 2896 Antistio
1405 2856 1421 2897 :
1451 2864 1477 2889 ι
1506 2834 1644 2915 Qui
1685 2856 1890 2920 quum
1922 2832 2091 2897 forte
2124 2848 2405 2920 quaestor
2437 2829 2741 2897 Macedo-

613 2936 789 2998 niam
843 2935 1197 3016 obtineret,
1242 2960 1455 3025 neque
1493 2940 1552 3002 ei
1584 2959 1956 3002 successum
1989 2955 2265 3004 esset»...
2301 2936 2628 3024 Septimo:
2666 2957 2741 2998 ex

614 3040 907 3104 oratione
934 3041 999 3104 in
1020 3041 1322 3106 Pisonem
1346 3041 1520 3106 aliud
1541 3058 1993 3129 argumentum
2019 3042 2394 3122 deducitur;
2428 3063 2579 3104 nam
2608 3040 2743 3103 haec

613 3146 706 3210 ibi
735 3146 1116 3229 habentur:
1161 3149 1432 3231 «Quum
1476 3149 1594 3212 tibi
1648 3172 1761 3237 spe
1807 3151 1960 3213 falsa
2006 3148 2183 3237 quod
2231 3148 2312 3229 Q.
2346 3145 2743 3211 Ancharium

613 3274 750 3316 non
797 3276 934 3332 esse
978 3275 1430 3316 successurum
1473 3270 1766 3339 putareS,
1821 3257 2073 3318 animos
2120 3275 2346 3315 rumor
2391 3249 2673 3313 inflasset
2696 3280 2738 3310 n.

623 3358 876 3439 Quaeris
897 3408 915 3439 ,
958 3382 1076 3422 cur
1109 3382 1186 3422 eo
1219 3348 1485 3423 rumore
1522 3359 1687 3424 adeo
1724 3362 2046 3424 laetaretur
2080 3358 2273 3423 Piso?
2317 3357 2496 3445 quia,
2540 3357 2592 3419 si
2626 3357 2750 3418 An-

615 3460 870 3531 charius
905 3464 1025 3527 sibi
1068 3485 1401 3529 successor
1431 3463 1790 3529 destinatus
1833 3466 1899 3527 in
1938 3465 2333 3552 provinciam
2367 3485 2501 3525 non
2531 3461 2744 3524 venis—

615 3581 743 3647 set,
776 3568 1145 3632 retinuisset
1170 3570 1305 3655 ipse
1334 3568 1548 3633 adhuc
1581 3571 1922 3657 imperium
1950 3571 2017 3633 in
2042 3569 2423 3633 Macedonia
2452 3569 2591 3632 sine
2619 3566 2745 3629 ulla

615 3673 1104 3760 prorogatione,
1150 3696 1343 3760 quam
1375 3699 1411 3738 a
1442 3674 1740 3738 Patribus
1777 3675 1899 3738 sibi
1943 3675 2221 3742 inimicis
2272 3698 2355 3738 ne
2398 3675 2745 3760 impetrare

619 3774 884 3862 quidem
914 3778 1258 3863 potuisset3
1298 3779 1411 3844 sed
1440 3782 1570 3860 jam
1610 3797 1877 3844 noverat
1896 3831 1912 3856 ‚
1948 3781 2110 3844 nihil
2142 3779 2469 3868 agendum
2498 3779 2637 3841 sore
2665 3774 2747 3838 de

617 3882 1141 3969 prorogatione...
1160 3885 1401 3953 Octavo
1426 3910 1440 3951 ε
1477 3910 1682 3974 quum
1710 3889 2114 3975 magistratus
2149 3902 2362 3951 essent
2382 3885 2687 3964 annui,et
2710 3907 2748 3945 a

619 3987 772 4050 solis
798 3987 1269 4077 magistratibus
1297 4008 1510 4055 vetere
1547 3993 1685 4082 lege
1721 3995 2066 4081 provinciae
2099 4007 2497 4083 regerentur,
2523 4012 2751 4076 proro-

624 4091 794 4179 gatio
819 4093 1069 4181 imperii
1101 4110 1235 4161 erat
1268 4095 1511 4184 aliquid
1545 4097 2160 4181 extraordinarium3
2210 4094 2643 4184 proindeque,
2695 4094 2748 4163 si
