3044 4788
612 371 753 456 246
1251 372 1350 440 M.
1401 372 1479 439 T.
1534 371 2108 442 CICERONIS

603 517 911 582 nocens,
959 495 1328 564 neminem
1376 515 1592 587 posse
1628 490 1971 562 damnari.
2010 493 2261 579 Nunc,
2288 491 2365 561 in
2401 494 2563 587 ipso
2600 493 2756 564 dis-

605 600 948 677 crimine⁶
969 600 1246 674 ordinis
1272 598 1865 700 judiciorumque
1881 614 2292 672 vestrorum
2310 653 2329 688 ‚
2349 625 2584 696 quum
2605 604 2759 673 sint

603 716 879 812 parati,
913 713 1042 809 qui
1075 708 1551 793 concionibus
1572 723 1598 767 ⁷
1633 726 1706 783 et
1737 699 2015 807 legibus
2044 710 2233 782 hanc
2265 711 2608 783 invidiam
2646 737 2756 784 se-

605 839 821 895 natus
838 822 1287 896 inflammare
1307 836 1691 910 conentur,
1712 847 1879 893 reus
1910 824 1987 891 in
2014 820 2371 917 judicium
2396 821 2753 894 adductus

606 948 716 1005 est
753 937 832 1003 C.
861 926 1160 1022 Verres,
1215 930 1439 1004 homo
1481 933 1628 1003 vita
1668 945 1890 1028 atque
1934 929 2171 1020 sactiS,
2226 933 2556 1003 omnium
2601 934 2749 1026 jam

607 1045 957 1140 opinione
978 1094 997 1127 ‚
1024 1041 1405 1126 damnatus
1426 1096 1447 1130 ‚
1473 1046 1800 1140 pecuniae
1835 1041 2331 1139 magnitudine
2355 1097 2375 1129 ,
2410 1067 2537 1112 sua
2557 1039 2587 1083 ⁸
2620 1066 2752 1138 spe

607 1178 690 1232 ac
726 1151 1269 1248 praedicatione,
1307 1151 1706 1224 absolutus.
1751 1153 1936 1222 Huic
1974 1175 2113 1248 ego
2142 1175 2405 1240 causae,
2434 1151 2750 1246 judiceS,

606 1288 777 1336 cum
804 1287 1085 1334 summa
1114 1263 1487 1333 voluntate
1516 1276 1591 1333 et
1618 1262 2160 1359 exspectatione
2190 1262 2446 1360 populi
2465 1265 2752 1333 romani

609 1390 809 1453 actor
835 1375 1134 1461 accessi,
1173 1398 1324 1443 non
1358 1386 1440 1442 ut
1475 1382 1870 1467 augerem9
1902 1369 2245 1442 invidiam
2275 1372 2587 1461 ordinis,
2622 1371 2754 1445 sed

611 1500 695 1555 ut
729 1481 1037 1554 insamiae
1072 1482 1447 1554 communi
1484 1506 2006 1554 succurrerem.
2063 1482 2353 1555 Adduxi
2389 1486 2584 1555 enim
2618 1482 2749 1552 ho-

610 1595 881 1665 minem
896 1651 915 1684 ‚
935 1596 1011 1666 in
1034 1619 1186 1692 quo
1204 1592 1669 1665 reconciliare
1698 1590 2299 1665 existimationem
2310 1593 2753 1689 judiciorum

610 1707 975 1793 amissam,
1011 1702 1251 1775 redire
1288 1704 1362 1771 in
1397 1704 1698 1799 gratiam
1735 1728 1905 1774 cum
1950 1705 2227 1801 populo
2262 1730 2602 1793 romano,
2646 1731 2753 1776 sa-

608 1816 934 1888 tisfacere
963 1814 1224 1885 exteris
1248 1812 1667 1884 nationibus
1696 1815 2040 1911 possetis3
2076 1812 2662 1911 depeculatorem
2687 1827 2754 1858 ¹⁰

608 1927 872 2013 aerarii,
917 1937 1334 1994 vexatorem
1383 1926 1640 1993 Asiae¹¹
1695 1939 1916 2021 atque
1960 1924 2430 2022 Pamphyliae,
2479 1923 2754 2021 praedo·

608 2062 779 2107 nem
802 2035 1054 2129 juris¹²
1079 2031 1360 2120 urbani,
1379 2030 1923 2131 labem¹³atque
1939 2036 2333 2131 perniciem
2366 2035 2755 2134 provinciae

614 2145 890 2216 Siciliae.
938 2148 1048 2214 De
1076 2168 1226 2240 quo
1261 2145 1321 2215 si
1349 2168 1479 2216 vos
1510 2149 1837 2217 severe¹4
1873 2144 2352 2243 religioseque
2385 2145 2754 2241 judicave-

613 2255 768 2325 ritis
789 2280 810 2341 ;
833 2255 1220 2326 auctoritas
1248 2279 1359 2342 ea,
1390 2279 1555 2353 quae
1582 2257 1659 2326 in
1688 2255 1896 2328 vobis
1922 2280 2297 2329 remanere
2334 2255 2588 2347 debet,
2618 2253 2760 2326 hae·

683 2513 737 2560 6.
756 2510 1062 2560 Discrimine.
1076 2511 1350 2559 Periculum
1373 2512 1502 2558 enim
1519 2520 1640 2571 eret,

615 2609 677 2641 ne
720 2592 909 2654 judicis
944 2607 973 2638 a
1008 2591 1316 2640 senatoribus
1355 2589 1419 2638 sd
1454 2590 1644 2654 equites

1801 2512 1850 2559 8.
1870 2513 1969 2561 Sua
1987 2527 2088 2575 spe.
2115 2513 2187 2560 Ut
2212 2523 2377 2577 sperat
2401 2522 2454 2561 et
2470 2512 2721 2577 predicet.

1801 2606 1852 2653 9.
1876 2591 2136 2655 Augemm.
2158 2592 2221 2638 Et
2246 2593 2352 2656 ipse
2381 2593 2608 2640 oratione
2634 2609 2759 2653 mea,

611 2674 1012 2733 transferrentur3
1061 2682 1112 2719 et
1157 2671 1217 2718 de
1261 2669 1352 2717 hac
1396 2687 1447 2718 re
1486 2668 1643 2734 legem

611 2754 671 2801 C.
706 2751 938 2800 Aurelius
979 2752 1123 2799 Cotta
1164 2760 1348 2819 prator
1383 2750 1486 2810 jam
1525 2763 1643 2813 pro-

612 2832 926 2894 mulgaverat,
945 2847 1056 2895 quae
1078 2831 1159 2880 lex
1184 2832 1236 2879 iu
1263 2830 1491 2897 proximo
1518 2838 1640 2886 erat,

615 2922 672 2958 ut
698 2910 928 2958 ferretur.
1298 2936 1305 2945 ·

685 3005 734 3049 7.
765 2988 1105 3039 concionibus.
1134 2994 1191 3040 L.
1208 2989 1466 3056 Quintium
1489 2989 1640 3054 sigui-

609 3066 727 3117 ficat
757 3069 1006 3117 tribunum
1029 3068 1189 3134 plebis
1208 3105 1225 3130 ‚
1259 3071 1508 3119 hominem
1539 3085 1640 3118 ms-

611 3148 739 3199 xime
765 3148 1053 3215 popularem
1079 3166 1136 3197 sc
1170 3150 1447 3199 factiosum.
1475 3150 1639 3213 Quem

612 3229 679 3275 its
722 3228 775 3275 in
821 3227 1110 3277 Cluentium
1150 3229 1369 3276 oratione
1411 3226 1644 3276 describit

613 3309 788 3356 Cicero
811 3323 826 3357 ε
867 3311 959 3357 «L.
984 3308 1220 3370 Quintius
1255 3308 1405 3357 homo
1434 3308 1643 3357 mxime

613 3387 895 3450 popularis,
949 3388 1036 3450 qui
1080 3402 1249 3435 omnes
1295 3402 1548 3436 rumorum
1593 3399 1642 3436 et

610 3465 909 3513 concionum
941 3477 1116 3514 ventos
1146 3466 1376 3529 colligere
1405 3482 1640 3515 consues-

614 3552 712 3600 set,
739 3552 879 3592 etod-
905 3546 967 3592 Et
992 3545 1155 3594 infra:
1193 3542 1441 3593 «habetur
1464 3562 1563 3594 una
1594 3558 1642 3594 et

611 3620 765 3669 altera
799 3623 1001 3679 concio,
1039 3624 1300 3671 vehemens
1354 3635 1406 3673 et
1451 3627 1640 3689 grsvis3

611 3699 855 3762 accepisse
882 3702 1137 3762 pecuniam
1164 3701 1381 3762 judices,
1410 3713 1469 3750 ut
1498 3705 1644 3751 inno-

614 3789 805 3827 centem
825 3794 959 3826 reum
981 3780 1383 3839 condemnarent,
1419 3783 1643 3831 tribunus

615 3856 774 3921 plebis
811 3857 1122 3908 clamitabat:
1160 3861 1238 3922 agi
1276 3860 1496 3909 fortunas
1534 3878 1641 3909 om·

615 3936 750 3989 nium
774 3935 989 3993 dicebat,
1017 3938 1150 3985 nulls
1178 3954 1280 3986 esse
1302 3940 1488 4000 judicia
1512 3959 1526 3990 ε
1557 3944 1643 4007 qui

614 4015 932 4080 pecuniosum
959 4017 1212 4066 inimicum
1248 4017 1476 4080 haberet,
1506 4024 1645 4071 inco·

615 4095 800 4144 lumem
828 4108 933 4143 esse
960 4099 1198 4147 neminem
1226 4115 1368 4164 posse
1386 4122 1428 4149 ι.

1730 2678 2002 2717 senatorem
2014 2671 2215 2718 'Verrem
2229 2671 2519 2719 accusando.
2530 2672 2610 2720 Sic
2630 2672 2757 2736 opti-

1730 2764 1809 2796 me
1840 2750 2044 2797 Hotom.
2085 2752 2227 2798 Errat
2252 2761 2414 2799 sutem
2437 2751 2537 2799 hoc
2564 2752 2616 2799 in
2642 2752 2758 2800 loco

1731 2830 1924 2878 Ruunt.
1950 2830 2037 2893 qui
2059 2830 2127 2879 ita
2146 2832 2528 2896 iuterpretatur:
2552 2831 2670 2880 Non
2700 2842 2758 2880 ut

1728 2924 2021 2973 quemquam
2039 2921 2124 2959 aut
2148 2911 2256 2975 ipse
2278 2926 2659 2975 corrumperem,
2673 2921 2761 2958 aut

1727 3005 1757 3036 ι
1783 3003 1869 3036 reo
1895 2990 2143 3057 corrumpi
2168 2991 2392 3039 sinerem.

1806 3083 1883 3116 ro.
1919 3069 2334 3134 Depeaaelaeorqrn.
2372 3074 2545 3119 Furem
2561 3104 2578 3129 ‚
2606 3085 2759 3135 quum
2816 3120 2823 3129 ,

1727 3158 1852 3198 esset
1879 3149 1973 3200 Cn.
1998 3149 2237 3199 Carbonis
2258 3161 2494 3213 quator.

1807 3246 1889 3276 ιι.
1927 3229 2220 3277 Vexatorem
2250 3230 2403 3278 Asiae.
2436 3229 2604 3290 Quum
2629 3228 2759 3291 legs·

1730 3318 1809 3356 tus
1847 3319 1896 3356 et
1939 3321 2250 3373 proquaestor
2289 3307 2590 3367 Dolabellae,
2636 3308 2759 3357 Cili·

1728 3389 1853 3436 ciam
1880 3388 2155 3446 obtineret,
2189 3388 2322 3437 unde
2355 3389 2522 3438 Asiam
2560 3403 2759 3451 quoque

1727 3479 1802 3516 est
1828 3467 2170 3530 depopulatus.

1808 3562 1887 3595 ια.
1911 3546 2199 3595 Proedonem
2207 3546 2666 3611 juris.Viohtorem
2688 3559 2759 3591 ro-

1730 3627 1863 3676 mani
1871 3626 2170 3691 juris‚quum
2186 3639 2370 3693 praetor
2382 3627 2600 3674 urbanus
2618 3636 2756 3673 esset·

1809 3706 1889 3754 13.
1941 3707 2136 3754 Labem.
2185 3709 2395 3773 Propter
2441 3705 2642 3771 flagitis.
2690 3731 2762 3741 —-

1730 3786 2019 3837 Perniciem.
2049 3788 2130 3836 Ob
2159 3787 2432 3837 latrocinia.
2466 3816 2533 3826 —
2564 3785 2759 3834 Sicile'ae.

1730 3866 2003 3915 Provincia
2029 3868 2109 3915 cui
2135 3871 2224 3931 per
2253 3867 2515 3915 triennium
2543 3865 2760 3929 praesuit.

1807 3955 1888 4002 14.
1935 3950 2119 3995 Severe.
2165 3946 2446 3995 Secundum
2498 3946 2647 4009 leges.
2693 3970 2765 3982 —-

1740 4025 1991 4089 Rele'gn'ose.
2022 4027 2096 4073 Ex
2122 4025 2441 4087 jurisjurandi
2471 4026 2621 4073 vestri
2653 4023 2766 4072 reli-

1741 4118 1903 4166 gtone.
