3044 4788
614 340 755 425 284
1294 340 2060 411 ARGUMENTUM.

685 470 908 540 tinuas;
947 468 1029 527 ita
1074 467 1315 545 quidem
1355 480 1419 525 ut
1460 468 1711 548 primam
1759 468 2126 546 appellarent
2149 507 2167 536 ‚
2208 464 2655 525 Divinationem
2722 490 2764 526 n

686 571 760 640 Q.
782 565 1107 638 Caecilium,
1138 562 1452 623 secundam
1488 564 1734 623 actionis
1766 565 1971 643 primae
1997 564 2377 644 prooemium,
2412 577 2525 622 etc.
2548 565 2767 623 Cicero

686 676 876 722 tamen
923 662 1048 741 ipse
1098 661 1480 720 accusationis
1520 662 1581 720 in
1620 666 1869 722 Verrem
1914 662 2176 739 quinque
2225 660 2408 723 libros
2450 678 2763 735 numerat,

687 765 851 819 Orat.
880 779 1007 837 cap.
1044 778 1139 836 29.
1185 756 1351 816 Idem
1396 757 1617 817 faciunt
1656 759 1755 817 alii
1791 770 2047 830 veteres»,
2100 771 2166 816 ut
2211 758 2454 832 Quintil.
2484 763 2610 831 XI,
2668 780 2759 817 11.

686 861 760 915 Δ.
781 856 928 915 Gell.
955 859 1018 927 1,
1047 875 1114 928 73
1144 858 1323 924 XIII,
1357 855 1447 919 13.
1467 858 1640 915 Auct.
1668 855 1805 914 dial.
1836 854 1911 913 de
1939 859 2104 915 Orat.
2135 873 2233 935 ao.

764 1052 962 1108 Partes
1000 1046 1181 1106 habet
1216 1048 1340 1106 haec
1383 1048 1573 1107 oratio
1610 1050 1942 1119 exordium,
1988 1068 2091 1106 seu
2120 1046 2351 1126 longius
2377 1049 2762 1127 prooemium,

695 1166 865 1218 1-11;
886 1148 1329 1222 propositionem
1364 1158 1423 1204 et
1447 1147 1821 1222 partitionem
1861 1145 1924 1203 in
1963 1144 2077 1203 tria
2112 1146 2304 1224 capita
2345 1145 2626 1218 divisam,
2667 1167 2757 1205 η.

687 1247 827 1302 Haec
849 1242 1041 1321 capita
1063 1242 1291 1320 reliqua
1318 1254 1441 1301 tota
1467 1242 1735 1300 oratione
1768 1254 2109 1312 tractantur,
2143 1242 2344 1299 13-61.
2595 1317 2604 1327 ι

766 1343 1036 1399 Ceterum
1080 1359 1277 1418 operae
1320 1338 1574 1416 pretium
1627 1351 1716 1395 est
1753 1336 2022 1407 monere,
2069 1358 2191 1397 non
2238 1359 2422 1397 unum
2462 1359 2760 1419 quemque

686 1438 930 1497 actionis
983 1437 1252 1497 secundae
1302 1435 1520 1495 librum
1570 1435 1741 1513 justis
1798 1437 2080 1496 orationis
2127 1436 2395 1516 partibus
2447 1453 2758 1512 constare;

686 1555 876 1614 neque
906 1534 967 1593 id
991 1536 1118 1594 fieri
1146 1554 1348 1614 posse,
1377 1554 1560 1612 quum
1582 1535 1845 1593 Verrinae
1869 1535 1981 1594 inae
2006 1536 2267 1614 quinque
2291 1556 2470 1594 unam
2497 1550 2760 1609 tantum,

685 1634 786 1693 sed
842 1633 1085 1692 diversis
1139 1631 1431 1711 capitibus
1489 1631 1822 1691 distinctam
1889 1633 2315 1691 accusationem
2372 1634 2760 1705 contineant3

687 1732 1054 1810 magnificum
1089 1748 1230 1806 ergo
1257 1749 1323 1786 ac
1349 1742 1701 1808 perpetuum
1738 1749 1887 1808 opus
1924 1743 2041 1803 est,
2071 1730 2232 1808 quod
2261 1729 2394 1788 ideo
2429 1743 2654 1789 tantum
2694 1732 2759 1789 in

684 1841 880 1906 partes
909 1825 1120 1884 dividit
1147 1825 1384 1897 Cicero,
1421 1839 1486 1883 ut
1526 1825 1599 1884 ad
1632 1826 1873 1884 humani
1910 1826 2129 1904 ingenii
2169 1825 2621 1885 imbecillitatem
2651 1847 2760 1885 ac-

682 1922 1173 1994 commodaretur,
1204 1942 1311 1980 nec
1342 1922 1544 1981 oculos
1571 1924 1850 1982 immensa
1875 1923 2128 2001 quadam
2158 1924 2310 1982 mole
2340 1936 2604 1983 terreret.

762 2026 834 2079 In
875 2022 1109 2077 exordio
1154 2018 1356 2078 Cicero
1392 2022 1745 2080 mentionem
1785 2021 1921 2080 facit
1959 2021 2285 2100 opinionis,
2327 2041 2457 2099 quae
2496 2041 2606 2100 per
2644 2021 2764 2079 hos

685 2117 810 2175 dies
837 2134 1104 2173 sermone
1126 2115 1285 2193 vulgi
1308 2116 1774 2194 percrebruerit:
1793 2118 2038 2177 Verrem
2061 2118 2242 2175 altera
2262 2117 2490 2176 actione
2518 2137 2762 2196 respon-

683 2232 884 2272 surum
915 2232 1036 2271 non
1075 2234 1233 2285 esse,
1275 2234 1466 2292 neque
1503 2214 1578 2273 ad
1604 2214 1893 2293 judicium
1926 2216 2286 2288 affuturum3
2337 2227 2587 2273 attamen
2616 2234 2759 2273 eum

681 2308 831 2368 adeo
859 2310 1253 2389 impudentem
1288 2331 1437 2385 esse,
1471 2325 1538 2370 ut
1568 2324 1780 2390 praesto
1814 2313 1918 2385 sit,
1948 2311 2023 2370 ad
2053 2311 2410 2371 audiendum
2439 2325 2496 2369 et
2519 2332 2760 2390 respon·

684 2408 939 2467 dendum
972 2422 1230 2488 paratus„
1276 2414 1404 2469 Hoc
1443 2410 1650 2468 Cicero
1685 2424 1858 2489 negat
1897 2430 1960 2469 se
1997 2411 2240 2470 moleste
2281 2411 2465 2480 ferre,
2505 2411 2644 2488 quia
2670 2410 2760 2469 sic

684 2505 810 2585 ipse
839 2505 1057 2565 laboris
1090 2507 1179 2565 sui
1195 2550 1212 2578 ,
1235 2505 1461 2584 judices
1485 2506 1720 2565 virtutis
1741 2520 1801 2564 et
1828 2507 2153 2565 severitatis
2177 2504 2462 2582 majorem
2491 2506 2754 2564 fructum

684 2604 861 2663 laturi
886 2605 1026 2663 sint.
1049 2607 1120 2662 Se
1147 2604 1303 2662 enim
1326 2604 1630 2663 accessisse
1649 2603 1723 2662 ad
1740 2603 2018 2662 invidiam
2040 2603 2396 2682 judiciorum
2418 2603 2754 2675 levandam;

682 2700 935 2778 ideoque
958 2720 1125 2758 reum
1152 2700 1623 2759 nocentissimum
1647 2719 1948 2771 accusare,
1973 2701 2076 2778 qui
2102 2702 2150 2759 si
2183 2700 2542 2774 absolvatur,
2577 2721 2751 2758 recu-

686 2798 803 2856 sari
832 2817 950 2855 non
980 2817 1153 2876 posse
1189 2797 1263 2856 de
1298 2796 1533 2874 judiciis
1571 2817 1606 2855 a
1637 2808 1841 2855 senatu
1878 2796 1953 2855 ad
1992 2797 2170 2855 alium
2211 2797 2475 2856 ordinem
2513 2797 2754 2855 transse-

682 2895 897 2954 rendis.
918 2895 1361 2955 Absolutionem
1379 2914 1521 2953 vero
1545 2893 1669 2971 ejus
1697 2913 1803 2952 nec
1828 2894 2020 2973 ipsum
2041 2914 2279 2973 sperare
2293 2938 2311 2968 ,
2330 2913 2440 2952 nec
2465 2893 2753 2973 populum

686 3013 988 3053 romanum
1033 3008 1328 3066 metuere;
1364 3014 1487 3053 esse
1517 3005 1712 3051 tamen
1743 2992 1846 3069 qui
1891 2991 1964 3051 de
2007 2992 2372 3070 impudentia
2405 2992 2565 3070 ejus,
2593 2992 2751 3071 quod

682 3085 863 3159 adsit,
893 3086 1054 3164 quod
1081 3086 1463 3163 respondeat,
1491 3085 1794 3144 mirentur.
1817 3090 1948 3145 Hoc
1968 3099 2162 3144 autem
2187 3086 2349 3159 fieri,
2378 3085 2538 3163 quod
2568 3086 2752 3144 scele-

680 3206 813 3245 rum
853 3205 1093 3244 suorum
1129 3185 1316 3263 poenis
1352 3184 1621 3262 agitetur,
1649 3195 1708 3241 et
1736 3202 1770 3241 a
1796 3196 1991 3243 mente
2019 3185 2384 3262 consilioque
2407 3183 2751 3251 deducatur,

688 3283 816 3341 1-3.
858 3283 1089 3342 Etenim
1124 3282 1172 3340 si
1202 3281 1298 3339 vel
1319 3299 1394 3338 ex
1415 3281 1528 3339 hoc
1544 3279 1767 3358 judicio
1799 3280 2260 3359 repetundarum
2287 3282 2622 3350 emerserit,
2640 3281 2748 3338 alia

682 3393 876 3439 tamen
908 3381 960 3439 ei
1000 3379 1262 3459 pericula
1302 3378 1667 3457 impendere,
1713 3389 1894 3458 quum
1930 3380 2261 3457 peculatus»,
2298 3393 2399 3438 aut
2439 3378 2749 3456 majestatis

681 3489 984 3535 accusatus
1012 3475 1222 3546 fuerit,
1259 3485 1318 3544 4,
1361 3475 1414 3533 5.
1456 3481 1607 3535 Tum
1637 3475 1882 3554 exponit
1918 3488 2139 3549 orator,
2168 3476 2309 3554 quid
2341 3476 2536 3535 adhuc
2566 3477 2625 3534 in
2658 3496 2751 3535 ac·

681 3569 939 3630 cusando
953 3575 1139 3630 Verre
1162 3571 1346 3648 egerit
1360 3613 1377 3642 ,
1399 3571 1542 3649 quid
1567 3592 1599 3630 a
1620 3570 1918 3648 judicibus
1936 3584 2157 3650 speret,
2177 3584 2236 3629 et
2258 3591 2433 3650 quam
2463 3573 2746 3631 rationem

688 3666 998 3725 accusandi
1026 3665 1088 3723 in
1115 3666 1225 3724 hac
1253 3667 1435 3726 altera
1460 3670 1687 3727 actione
1715 3682 2067 3746 sequuturus
2103 3669 2208 3741 sit,
2241 3668 2418 3726 6-11.

764 3763 970 3822 Totius
993 3776 1184 3821 autem
1219 3783 1407 3822 causae
1420 3767 1789 3841 punitionem
1820 3765 1971 3824 hanc
1994 3765 2162 3837 facit,
2207 3778 2272 3823 ut
2303 3765 2529 3825 omissis
2553 3765 2747 3844 pueri-

691 3862 784 3920 tiae
805 3873 863 3918 et
887 3860 1290 3920 adolescentiae
1317 3863 1518 3921 Verris
1541 3863 1797 3940 flagitiis,
1831 3864 2087 3942 primum
2115 3881 2177 3920 se
2202 3862 2277 3920 de
2306 3861 2430 3940 ejus
2459 3874 2746 3940 quaestura

688 3960 747 4016 in
772 3957 994 4031 Gallia,
1038 3957 1248 4017 deinde
1278 3958 1352 4017 de
1386 3959 1676 4038 legatione
1710 3960 1997 4032 Asiatica,
2032 3973 2151 4018 tum
2182 3958 2255 4017 de
2284 3973 2538 4036 praetura
2565 3958 2748 4018 urba—

618 4083 623 4088 ·
688 4075 762 4115 na
779 4100 796 4129 ,
829 4069 1125 4135 postremo
1142 4056 1218 4116 de
1246 4070 1498 4136 praetura
1528 4056 1809 4118 Siciliensi
1835 4071 2103 4117 acturum
2132 4055 2464 4127 denuntiet,
2494 4076 2586 4116 ια.
