3044 4788
648 398 790 481 442
1302 398 1398 464 M.
1450 396 1528 461 T.
1582 391 2153 462 CICERONIS

638 517 963 613 judices:
1000 519 1269 616 parcite
1295 571 1316 601 ‚
1363 529 1437 587 et
1474 528 1898 587 conservate
1924 567 1945 601 ,
1981 527 2066 583 ut
2102 513 2195 582 sit
2232 513 2361 607 qui
2403 508 2812 581 nobiscum

642 653 759 700 res
778 654 803 724 J
815 629 1096 715 udicet3
1129 628 1262 724 qui
1298 628 1372 697 in
1399 641 1659 697 senatu
1686 627 1842 696 sine
1874 623 2022 694 ulla
2050 622 2440 720 cupiditate
2465 619 2562 691 de
2597 619 2810 691 bello

643 753 718 810 et
750 763 928 836 pace
975 737 1407 810 sententiam
1442 734 1694 807 ferat2.
1733 736 2044 805 Tametsi
2089 734 2333 802 minus
2375 730 2445 801 id
2486 730 2808 827 quidem

646 849 898 937 nobis,
928 852 1171 919 minus
1208 846 1488 946 populo
1526 869 1829 917 romano
1862 842 2338 916 laborandum
2368 855 2475 912 est
2497 896 2518 927 ,
2555 841 2810 938 qualis

643 962 849 1030 istius
890 962 965 1027 in
1013 971 1268 1028 senatu
1322 960 1681 1028 sententia
1736 953 1983 1026 futura
2025 954 2135 1024 sit.
2181 956 2360 1043 Quae
2400 953 2596 1023 enim
2639 952 2807 1045 ejus

643 1069 1035 1139 auctoritas
1082 1066 1259 1136 erit?
1294 1064 1593 1163 quando
1629 1066 1762 1136 iste
1806 1063 2237 1135 sententiam
2279 1060 2520 1133 dicere
2564 1061 2800 1133 aude·

644 1175 787 1264 bit,
825 1190 949 1246 aut
986 1178 1305 1273 poterit?
1346 1175 1647 1274 quando
1686 1190 1930 1246 autem
1979 1174 2205 1244 homo
2259 1187 2458 1243 tanta
2503 1172 2802 1243 luxuria

648 1301 868 1383 atque
912 1284 1225 1375 desidia,
1269 1289 1407 1358 nisi
1450 1284 1865 1359 februario³
1925 1309 2210 1370 mense,
2261 1280 2666 1381 adspirabit
2723 1285 2800 1353 iu

644 1397 964 1468 curiam?
998 1402 1265 1469 Verum
1295 1400 1541 1468 veniat
1575 1420 1744 1467 sane
1770 1424 1786 1466 ε
1815 1395 2157 1467 decernat
2181 1393 2458 1465 bellum
2486 1396 2798 1463 Creten·

649 1505 938 1595 sibus43
989 1506 1249 1579 liberet
1271 1505 1300 1550 ⁵
1366 1508 1747 1604 Byzantios
1778 1532 1798 1592 3
1877 1530 2122 1603 regem
2183 1503 2496 1602 appellet
2556 1503 2799 1574 Ptole-

641 1641 902 1688 maeum
921 1613 952 1659 ⁶
974 1643 993 1705 3
1025 1644 1187 1715 quae
1215 1618 1372 1689 vult
1398 1619 1861 1705 Hortensius,
1887 1616 2130 1687 omnia
2155 1614 2347 1686 dicat
2375 1628 2449 1684 et
2481 1615 2795 1684 sentiat:

643 1730 883 1798 minus
923 1726 1077 1798 haec
1110 1725 1200 1797 ad
1249 1752 1422 1813 nos,
1462 1728 1705 1798 minus
1745 1727 1832 1798 ad
1873 1729 2032 1798 vitae
2069 1740 2332 1797 nostrae
2369 1725 2799 1809 discrimen,

644 1841 885 1909 minus
910 1837 1001 1909 ad
1029 1836 1485 1909 fortunarum
1514 1852 1923 1908 nostrarum
1950 1835 2353 1935 periculum
2392 1839 2794 1933 pertinent.

738 1947 927 2019 Illud
953 2002 972 2035 ,
1012 1947 1194 2019 illud
1223 1963 1334 2019 est
1367 1949 1670 2048 capitale
1694 2004 1714 2037 ‚
1765 1948 1941 2019 illud
1980 1945 2528 2019 formidolosum
2556 2000 2577 2030 ,
2611 1944 2795 2015 illud

644 2058 925 2156 optimo
959 2057 1225 2153 cuique
1255 2059 1771 2147 metuendum,
1804 2057 2007 2156 quod
2038 2060 2207 2146 iste,
2234 2082 2324 2129 ex
2348 2056 2490 2127 hoc
2514 2055 2798 2151 judicio

644 2261 919 2332 Nobiscum.
958 2284 1083 2333 MSS
1114 2284 1436 2346 parisienses,
1463 2287 1667 2335 «vobi»
1758 2288 1885 2352 egit,
1921 2287 1982 2335 de
2019 2304 2075 2335 es
2114 2286 2463 2349 triumphavit,
2502 2296 2549 2332 et
2581 2285 2794 2334 Cetrius

640 2379 755 2411 cum
769 2385 811 2412 ιο.
838 2365 869 2412 J
878 2365 963 2412 .V.
990 2366 1044 2412 L.
1761 2368 2134 2432 cognominatus
2167 2376 2256 2414 est.
2288 2365 2405 2414 Vid.
2437 2366 2572 2415 Flor.
2599 2367 2701 2423 111,
2743 2383 2791 2426 ς.

712 2459 765 2493 2.
796 2443 1017 2493 Lambiu.
1053 2444 1264 2493 «die-t·
1308 2458 1479 2494 contra
1513 2446 1668 2495 libros

643 2540 830 2572 omnes.
854 2525 889 2572 J
896 2528 986 2574 .V.
1013 2527 1067 2573 1..

713 2605 760 2653 3.
777 2604 1060 2654 Februario.
1080 2607 1176 2670 Qui
1195 2616 1327 2654 totus
1341 2606 1517 2654 mensis
1535 2605 1669 2670 lega-

639 2683 859 2731 tionibus
883 2696 1157 2732 extersrum
1175 2685 1391 2747 gentium
1411 2685 1670 2733 audiendis

639 2773 743 2812 erat
777 2762 1060 2811 destinatus.
1092 2765 1258 2825 Quum
1286 2776 1447 2812 sutem
1472 2768 1670 2828 provin·

642 2841 787 2889 cisles
814 2842 960 2905 legati
985 2852 1266 2889 senatorum
1294 2829 1557 2892 sententias
1579 2859 1670 2891 sn·

639 2921 751 2984 pius
767 2936 924 2967 emere
943 2920 1260 2984 cogebantur,
1277 2933 1395 2972 tuuc
1412 2935 1668 2971 venturum

646 3002 849 3047 Verrem
881 2998 1024 3058 dicit,
1065 3002 1227 3065 pretio
1257 3003 1485 3050 nimirum
1512 3002 1669 3050 addu-

640 3089 801 3139 ctum,
820 3090 879 3127 ut
898 3079 1118 3128 venalem
1139 3084 1427 3131 sententiam
1449 3082 1641 3131 babeat.

714 3167 763 3214 4.
818 3160 1138 3208 Cretensibus.
1192 3162 1443 3214 Cretenses
1466 3196 1481 3222 ,
1535 3162 1668 3209 victo

638 3241 713 3288 M.
734 3240 955 3287 Antonio
974 3240 1124 3287 totius
1142 3255 1241 3287 orae
1260 3242 1511 3288 maritimae
1537 3257 1671 3288 cura-

641 3329 748 3366 tore
767 3317 953 3378 (Divin.
985 3335 1064 3379 ¹7.
1090 3321 1233 3368 Verr.
1255 3322 1277 3366 1
1293 3356 1310 3381 ,
1336 3321 1455 3383 23),
1482 3320 1669 3383 legatos

640 3401 846 3446 Romam
875 3399 1108 3446 miserunt
1144 3400 1232 3463 qni
1261 3401 1459 3464 antiqua
1485 3400 1669 3448 foeders

640 3488 942 3526 revocarent.
983 3478 1087 3527 Illis
1131 3478 1357 3527 favebant
1407 3480 1669 3543 Pompeius

639 3566 689 3602 et
732 3570 903 3617 magns
948 3569 1142 3606 senatus
1193 3574 1335 3622 ρους
1377 3559 1668 3607 Hortensius

638 3643 809 3682 contra
832 3644 881 3680 et
901 3635 1146 3694 Metellus,
1164 3636 1389 3685 consules
1410 3636 1668 3701 designati,

636 3711 820 3761 bellum
844 3713 1137 3773 susdebsnt3
1158 3732 1268 3779 qun
1300 3716 1453 3764 valuit
1477 3728 1666 3765 senten·

637 3793 724 3839 tis.
743 3790 886 3839 Creta
904 3793 1159 3854 provincis
1179 3795 1446 3842 Hortensio
1465 3795 1662 3860 obtigit,

636 3869 747 3934 qui,
774 3870 909 3932 pacis
950 3870 1101 3931 magis
1137 3888 1283 3935 qusm
1323 3872 1441 3920 belli
1476 3874 1664 3923 artibus

639 3950 853 4006 floreus,
876 3964 980 3995 eam
1019 3950 1219 3998 Metello
1259 3950 1459 4015 collegae
1503 3955 1661 4003 cessit.

639 4027 894 4086 Metellus,
912 4028 1132 4092 quamvis
1156 4046 1207 4077 se
1239 4031 1493 4081 Cretenses
1519 4035 1662 4081 Pom-

639 4108 755 4174 peio
782 4107 1105 4171 dedidissent,
1141 4110 1345 4159 insulam
1373 4121 1524 4161 totam
1552 4112 1662 4160 sub-

1757 2448 1863 2496 Liv.
1882 2449 2014 2513 Epit.
2033 2463 2118 2511 99.
2133 2447 2348 2510 Appiam.
2368 2446 2430 2494 de
2457 2445 2562 2495 reb.
2583 2447 2718 2494 Cret.
2738 2450 2760 2494 1
2773 2482 2788 2502 ‚

1757 2544 1808 2592 p.
1819 2542 1888 2590 99
1907 2527 2027 2576 edit.
2048 2527 2320 2589 Schweigh.
2477 2515 2480 2520 ”

1831 2605 1880 2656 5.
1909 2608 2116 2657 Libet-et.
2160 2605 2355 2653 Efficist
2398 2616 2457 2653 ut
2496 2604 2788 2669 Byzantium

1757 2703 1858 2735 nou
1880 2687 2089 2750 amplius
2110 2685 2380 2750 provinciae
2408 2684 2566 2731 forms
2596 2694 2787 2740 utatur,

1757 2767 1842 2815 sed
1866 2765 2021 2814 libers
2043 2765 2130 2824 sit,
2165 2765 2360 2827 suisque
2382 2762 2578 2826 legibus
2608 2774 2660 2810 et
2685 2778 2788 2808 ms·

1757 2845 2040 2910 gistrstibus
2071 2853 2281 2907 regatur.
2318 2843 2585 2906 Byzantios
2619 2853 2787 2907 postes

1756 2924 1962 2976 Clodius
1999 2923 2225 2973 tribunus
2267 2921 2428 2986 plebis
2463 2923 2527 2969 A.
2566 2923 2636 2970 U.
2683 2923 2784 2984 695

1757 3004 1862 3068 lege
1913 3004 2038 3062 lats,
2092 3002 2336 3050 liberavit.
2382 3000 2600 3060 Plinius,
2652 3002 2781 3049 nist.

1756 3084 1875 3134 Nat.
1892 3087 1979 3142 lv,
2023 3100 2068 3141 ι,
2091 3093 2191 3130 ut·
2209 3079 2450 3144 oppidum
2474 3080 2642 3129 liberae
2665 3096 2786 3129 cou-

1758 3163 1991 3210 ditionis-
2009 3171 2262 3209 memorat.

1829 3242 1878 3290 6.
1913 3241 2239 3288 Ptolemoeum.
2280 3239 2519 3285 Pessimus
2555 3236 2638 3284 ille
2674 3251 2787 3294 rex,

1756 3320 2049 3384 cognomine
2082 3314 2292 3372 Αὐλητής
2335 3316 2546 3380 (Strabo
2566 3351 2582 3376 ,
2608 3317 2786 3374 xvu,

1766 3415 1785 3445 x
1801 3398 1874 3462 ι),
1896 3413 2046 3463 regno
2074 3397 2307 3460 depulsus
2327 3396 2391 3444 ab
2413 3395 2786 3452 Alexandrinis.

1756 3480 1964 3525 Romam
1989 3488 2211 3533 venerat,
2251 3476 2424 3539 ibique
2450 3487 2616 3540 aperte
2638 3491 2786 3539 pecu·

1755 3558 1836 3605 nis
1855 3555 2049 3605 efficere
2072 3554 2380 3616 studebunt
2407 3553 2458 3601 iu
2484 3570 2688 3617 reguum
2715 3570 2786 3601 re-

1756 3637 2034 3685 duceretur.
2058 3635 2154 3684 Sed
2172 3649 2343 3697 magns
2373 3644 2474 3680 erat
2502 3644 2782 3681 controver-

1754 3716 1825 3764 sia
1847 3752 1863 3776 ,
1891 3716 2030 3780 quod
2066 3716 2164 3765 boc
2203 3723 2422 3762 vetarent
2465 3712 2579 3761 libri
2624 3712 2784 3779 sibyl-

1753 3795 1869 3854 lini;
1906 3805 1955 3842 et
1989 3796 2077 3858 qni
2120 3792 2454 3842 reducendum
2490 3790 2780 3847 censebant,

1751 3874 1881 3921 inter
1902 3890 1953 3923 se
1983 3874 2297 3922 dissentirent
2317 3908 2333 3935 ‚
2362 3881 2528 3918 utrum
2571 3871 2678 3919 baec
2713 3887 2782 3917 res

1750 3953 1812 4000 ad
1843 3954 2104 4002 Lentulum
2141 3969 2203 4000 au
2235 3951 2298 3999 ad
2339 3951 2629 4014 Pompeium
2656 3950 2780 3998 defe-

1753 4033 1904 4081 rende
1931 4045 2073 4083 esset.
2101 4035 2205 4082 Cic.
2237 4031 2394 4095 Epist.
2417 4030 2484 4090 sd
2509 4033 2625 4078 Div.
2649 4032 2702 4090 1,
2736 4047 2781 4078 s.

1756 4111 1837 4161 Ad
1873 4114 2048 4178 Quint.
2083 4114 2238 4162 Fratr.
2270 4113 2316 4159 11
2337 4145 2354 4172 ,
2394 4127 2443 4160 a.
2480 4110 2694 4174 Appisn.
2726 4110 2783 4159 de
