3044 4788
502 296 507 300 .
589 253 631 294 x
1382 227 1939 296 PRAEFATIO‘

584 345 1059 452 eloquentia,
1103 372 1277 451 quae
1318 373 1601 423 novam
1650 347 1761 424 eis
1809 345 1968 421 vim
2014 342 2424 444 addebat,
2468 365 2741 425 tamen

586 466 818 545 rudes
876 494 1020 545 nos
1079 484 1159 544 et
1214 467 1666 574 alienigenae
1723 466 2231 571 intelligimus
2256 528 2277 563 ‚
2347 486 2436 546 et
2491 470 2742 547 veluti

587 587 963 666 torrentis
991 584 1205 665 fluvii
1236 588 1535 693 impetu
1560 587 1768 666 ultro
1789 587 2301 695 volentesque
2333 592 2742 696 rapimur.

690 715 852 815 Age
888 710 1135 806 enim,
1182 712 1245 789 si
1289 712 1372 788 in
1414 712 1651 817 hujus
1701 728 2005 789 tantum
2050 710 2507 791 voluminis
2555 713 2745 791 fini-

584 834 734 911 bus
781 862 929 910 nos
966 834 1552 929 contineamus,
1594 835 1771 941 quis
1811 861 2180 940 umquam
2218 836 2510 914 verius
2556 866 2745 914 ora-

585 973 735 1051 tor,
766 954 849 1032 id
879 972 1027 1050 est,
1080 988 1116 1026 c<
1144 956 1266 1031 vir
1301 954 1561 1033 bonus
1598 982 1686 1033 ac
1721 954 1950 1033 fortis
1981 953 2304 1032 dicendi
2344 958 2678 1062 peritus
2699 992 2738 1030 »

582 1079 918 1175 exstitit,
952 1106 1184 1188 quam
1228 1079 1366 1186 qui
1408 1080 1491 1155 in
1530 1079 1737 1157 civili
1772 1074 2052 1173 causa,
2108 1078 2190 1153 in
2233 1077 2388 1157 illo
2429 1082 2740 1158 virium

581 1228 894 1278 suarum
926 1217 1438 1297 tentament0‚
1470 1200 2104 1304 circumscriptos
2133 1198 2288 1277 sibi
2324 1204 2741 1279 terminos

581 1320 1009 1427 egreditur,
1071 1339 1161 1399 ut
1227 1322 1613 1399 victarum
1683 1322 2026 1426 partium
2092 1320 2576 1427 proditores
2650 1353 2743 1402 ac

582 1445 1027 1551 transfugas
1063 1461 1243 1522 ante
1282 1446 1452 1550 ipsa
1490 1444 1970 1521 vincentium
2008 1471 2184 1540 ora,
2217 1443 2512 1525 debita
2553 1447 2735 1526 affi-

583 1569 741 1648 ciat
792 1565 1281 1673 ignominia?
1327 1568 1514 1667 Quo
1553 1584 1810 1667 autem
1850 1594 2079 1645 sensu
2129 1595 2738 1673 permovemur,

583 1719 827 1799 quum
864 1693 947 1767 in
979 1689 1242 1766 Roscii
1274 1689 1623 1766 Amerini
1656 1716 1882 1767 causa
1905 1750 1924 1785 ,
1964 1690 2171 1767 inter
2199 1693 2736 1771 servientium

586 1813 892 1890 silentia
930 1838 1019 1888 ac
1057 1829 1386 1908 metum,
1424 1812 1505 1888 in
1543 1810 1680 1889 illo
1711 1811 2082 1890 scelerum
2119 1814 2490 1892 omnium
2531 1833 2736 1893 aestu

588 1962 677 2011 ac
732 1933 1042 2028 furore,
1101 1931 1617 2012 adolescentis
1664 1916 2009 2012 hominis
2058 1934 2390 2014 liberam
2444 1966 2733 2016 vocem

588 2053 985 2151 audimus,
1031 2058 1167 2162 qui
1222 2084 1383 2135 non
1435 2057 1741 2135 minore
1786 2058 2105 2162 ingenio
2155 2086 2395 2165 quam
2447 2063 2733 2138 animo

587 2177 905 2256 Sullana
946 2177 1131 2256 odia
1171 2179 1251 2256 in
1288 2207 1367 2257 se
1392 2207 1702 2276 vocare,
1735 2180 1843 2257 rei
1881 2208 2190 2258 causam
2225 2207 2271 2256 a
2304 2209 2449 2260 sua
2492 2210 2733 2289 sepa-

589 2326 762 2377 rare
789 2328 952 2378 non
989 2299 1342 2389 dubitat,
1368 2318 1447 2377 et
1465 2300 1943 2407 Reipublicae
1961 2302 2311 2399 nomine,
2347 2305 2727 2382 miseram

594 2441 1034 2529 temporum
1069 2421 1606 2501 conditionem
1632 2485 1650 2520 ,
1685 2425 2144 2502 sicariorum
2173 2423 2595 2505 audaciam
2634 2428 2731 2504 li-

591 2547 935 2625 berrima
986 2545 1530 2650 indignatione
1584 2548 2152 2655 conqueritur?
2212 2550 2307 2626 ln
2355 2577 2450 2627 ea
2507 2570 2733 2630 certe

593 2670 986 2762 oratione,
1030 2669 1411 2746 maximus
1438 2687 1766 2775 apparet
1791 2668 2109 2764 Cicero;
2159 2688 2238 2749 et
2260 2671 2420 2777 jam
2455 2676 2730 2752 virum

596 2791 815 2868 illum
848 2788 1242 2893 agnoscis,
1272 2789 1409 2896 qui
1448 2789 1527 2865 in
1566 2789 1925 2870 Catilinae
1964 2792 2272 2869 ruinam
2313 2819 2403 2870 ac
2433 2797 2730 2899 patriae

595 2911 874 2993 erescit
906 2910 1250 2988 salutem.

703 3035 974 3140 Neque
1029 3061 1211 3111 sane
1271 3035 1355 3110 in
1412 3034 1758 3114 minimis
1820 3034 2015 3114 illud
2079 3036 2442 3115 Ciceroni
2514 3040 2724 3130 fuit,
2830 3043 2835 3047 ’

597 3187 837 3268 quum
906 3183 1084 3236 eum
1158 3157 1391 3239 Siculi
1460 3159 1810 3261 rogaturi
1866 3158 2266 3256 adierunt,
2341 3177 2432 3237 ut
2491 3190 2722 3240 suam

600 3284 949 3388 ipsorum
1009 3308 1316 3357 causam
1391 3276 1761 3358 adversus
1832 3282 2075 3360 scelus
2145 3311 2234 3360 ac
2295 3281 2717 3363 libidinem

599 3429 899 3481 summa
925 3401 1279 3506 potentia
1308 3400 1722 3479 subnixam
1754 3400 2226 3482 defenderet.
2242 3405 2492 3486 Tanta
2524 3437 2723 3485 sane

599 3507 872 3630 populi
918 3523 1162 3600 totius
1212 3520 1368 3600 fide
1423 3520 1751 3629 dignum
1803 3543 1890 3603 se‘
1935 3527 2337 3631 praestitit3
2378 3547 2457 3605 et
2502 3548 2724 3633 post·

595 3673 831 3752 quam
869 3643 1265 3723 Caecilium
1311 3644 1764 3751 quemdam,
1811 3647 2146 3725 aVerris
2192 3651 2547 3755 patronis
2580 3679 2720 3757 ap-

592 3769 935 3872 positum
959 3780 1443 3869 contemptu,
1471 3769 1836 3862 ridiculO,
1868 3787 2102 3878 atque
2120 3770 2308 3849 odio
2330 3773 2712 3878 perfudit,

583 3907 661 3965 et
686 3915 946 3966 omnes
975 3884 1102 3966 rei
1141 3884 1471 3978 insidias
1501 3937 1595 4012 ac
1634 3911 1842 3987 artes
1873 3892 2274 3998 diligentia
2307 3921 2396 3970 ac
2419 3896 2712 3973 virtute
