3044 4788
237 445 877 472 mmmmm
884 443 968 466 m
977 443 1251 465 mm
1260 442 2359 466 §mu-mmmmm*

731 659 1851 772 ARGUMENTUM.

234 904 498 968 Tradidit
536 909 605 967 C.
637 904 889 965 Fannius
922 903 1165 965 Cbaerea
1194 905 1402 979 (homo
1417 946 1437 976 ,
1465 915 1536 965 ut
1562 901 1816 978 videtur,
1841 902 2076 964 natione
2103 906 2363 977 Graecus,

303 1007 369 1064 C.
391 1002 604 1064 Fannii
632 1000 932 1081 cujusdam
957 1000 1234 1076 libertus,
1262 1000 1427 1079 cujus
1450 998 1526 1062 de
1553 1021 1717 1061 more
1737 1020 1949 1062 nomen
1978 999 2090 1060 sibi
2114 999 2363 1082 adopta-

304 1100 490 1178 verat)
513 1103 592 1176 Q.
608 1099 854 1173 Roscio,
882 1098 1148 1159 comoedo
1175 1098 1565 1168 nobilissimo,
1586 1098 1661 1158 de
1687 1118 1807 1178 quo
1834 1098 2015 1158 fusius
2046 1096 2121 1157 ad
2149 1098 2361 1157 calcem

304 1196 478 1274 hujus
490 1196 777 1256 orationis
798 1196 1031 1271 dicitur,
1051 1202 1384 1277 Panurgum
1399 1216 1635 1257 servum
1648 1214 1837 1270 suum,
1852 1215 1922 1256 ea
1942 1194 2275 1254 conditione
2298 1206 2363 1252 ut

301 1309 426 1353 arte
453 1294 801 1354 histrionica
827 1294 904 1354 ab
935 1296 1038 1356 illo
1066 1296 1486 1369 institueretur,
1514 1306 1882 1373 quaestmque
1906 1294 2058 1352 inter
2087 1313 2189 1353 eos
2213 1305 2362 1352 esset

301 1391 648 1451 communis.
671 1389 973 1469 Panurgus
1003 1403 1224 1462 autem,
1251 1410 1434 1469 quum
1464 1390 1529 1449 in
1571 1409 1643 1450 ea
1680 1403 1807 1449 arte
1839 1389 1961 1469 jam
2003 1389 2361 1466 aliquantum

308 1488 679 1565 profecisset,
709 1499 771 1545 et
801 1507 838 1546 a
868 1487 1093 1560 multis,
1133 1498 1201 1546 ut
1233 1486 1430 1547 Roscii
1468 1486 1821 1567 discipulus,
1850 1487 1911 1547 in
1942 1507 2112 1547 scena
2139 1485 2361 1565 proba-

311 1597 495 1656 retur,
523 1604 559 1643 a
584 1584 780 1644 Flavio
807 1582 1063 1663 quodam
1084 1584 1490 1663 Tarquiniensi
1512 1582 1819 1645 occiditur.
1838 1583 2101 1644 Flavium
2118 1583 2362 1644 Roscius

315 1700 499 1758 quum
529 1679 748 1759 judicio
779 1680 957 1740 vellet
989 1681 1288 1759 persequi,
1331 1681 1484 1740 banc
1521 1680 1884 1761 provinciam
1916 1679 2138 1740 Fannio
2166 1678 2363 1751 dedit,

314 1776 478 1854 cujus
503 1796 734 1855 quoque
766 1774 912 1836 illud
936 1776 1229 1836 intererat.
1256 1776 1489 1836 Judicio
1514 1789 1709 1836 autem
1731 1776 2080 1848 constituto,
2121 1796 2232 1854 pro
2257 1794 2363 1833 sua

309 1886 474 1951 parte
500 1872 716 1932 decidit
738 1873 986 1933 Roscius
1012 1892 1146 1931 cum
1179 1873 1415 1945 Flavio,
1464 1885 1522 1932 et
1558 1872 1633 1932 ab
1661 1894 1734 1933 eo
1768 1873 2094 1932 sestertium
2129 1885 2360 1931 centum

306 1969 485 2026 millia
509 1968 752 2049 (ao,500
773 1967 871 2047 fr.)
901 1988 1012 2047 pro
1045 1967 1242 2030 damni
1277 1968 1423 2028 illati
1449 1968 1661 2050 injuria
1689 1967 1935 2041 obtinet,
1948 1987 2139 2047 neque
2171 1980 2361 2026 tamen

304 2078 670 2126 numeratam
715 2067 1052 2144 pecuniam,
1096 2066 1199 2125 sed
1239 2085 1348 2144 pro
1388 2087 1457 2125 ea
1500 2085 1704 2144 agrum
1749 2066 1964 2144 accipit
2005 2086 2123 2124 nou
2171 2065 2363 2144 magni

300 2164 649 2222 atimatum
669 2205 688 2236 ,
734 2183 945 2242 nempe
983 2162 1176 2242 quod,
1220 2163 1379 2224 Sulla
1405 2162 1566 2223 hisce
1597 2162 1958 2243 temporibus
1996 2161 2361 2233 dominante,

300 2279 418 2317 non
451 2274 617 2319 certo
652 2258 810 2318 bona
843 2261 958 2319 emi
982 2272 1086 2320 aut
1114 2259 1399 2339 possideri
1436 2272 1694 2340 possent.
1738 2258 1967 2322 Deinde
2005 2259 2231 2320 Pisonis
2256 2279 2361 2319 ro-

298 2370 468 2437 gatu,
517 2375 695 2436 quem
737 2355 1021 2418 arbitrum
1069 2356 1323 2419 Fannius
1366 2358 1654 2439 elegerat,
1695 2357 1943 2419 Roscius
1976 2357 2198 2418 Fannio
2246 2377 2359 2436 pro

299 2471 515 2532 opera,
565 2471 678 2532 pro
725 2451 928 2512 labore
972 2452 1133 2532 quod
1170 2454 1438 2532 cognitor
1493 2454 1723 2525 fuisset,
1765 2451 1927 2531 quod
1965 2453 2359 2512 vadimonium

301 2547 573 2620 obiisset,
612 2561 831 2608 certam
873 2548 1180 2629 pecuniam
1215 2549 1415 2622 dedit,
1451 2569 1522 2609 ea
1562 2549 1839 2609 nimirum
1885 2548 2249 2625 conditione,
2292 2562 2359 2608 ut

302 2646 497 2724 siquid
525 2659 585 2704 et
611 2647 736 2724 ipse
764 2665 872 2725 pro
902 2666 1073 2707 servo
1099 2647 1447 2726 interempto
1475 2648 1757 2726 exegisset
1790 2666 1825 2708 a
1856 2645 2089 2718 Flavio,
2132 2659 2358 2724 partem

300 2742 426 2820 ejus
455 2741 757 2801 dimidiam
790 2743 1005 2803 Roscio
1032 2742 1395 2803 dissolveret.
1428 2743 1787 2825 Repu-omisit
1828 2742 2115 2816 Fannius3
2157 2743 2357 2802 Flavio

299 2839 462 2897 litem
488 2837 771 2912 intendit,
797 2852 856 2898 et
881 2852 1115 2919 sumpto
1141 2838 1295 2899 hac
1279 2861 1340 2898 m
1369 2840 1595 2919 privata
1627 2860 1800 2901 causa
1824 2838 2025 2920 judice
2057 2842 2121 2899 C.
2145 2841 2356 2903 Cluvio

297 2936 495 3013 equite
519 2955 785 3009 romano,
813 2933 888 2995 ab
911 2956 983 2997 eo
1010 2938 1199 3017 exegit
1223 2939 1358 2997 H-S
1388 2950 1622 2997 centum
1651 2937 1858 3011 millia,
1898 2936 2062 3017 cujus
2093 2936 2355 3018 pecuniae

296 3051 435 3110 pars
456 3031 731 3104 dimidia,
757 3052 940 3111 quum
960 3034 1176 3095 Roscio
1203 3054 1276 3093 ex
1297 3047 1587 3095 convento
1619 3032 1950 3108 deberetur,
1979 3033 2138 3095 nulla
2164 3033 2359 3096 disso-

296 3130 424 3187 luta
459 3142 565 3192 est.
599 3132 726 3189 Imo
756 3130 1040 3201 Fannius,
1070 3143 1281 3208 quarto
1317 3150 1471 3190 anno
1504 3144 1672 3209 post,
1712 3130 1912 3190 Flavio
1938 3130 2163 3191 interea
2189 3150 2356 3201 mor—

294 3238 432 3297 tuo,
474 3226 690 3285 Roscio
719 3226 882 3285 litem
917 3225 1198 3300 intendit,
1233 3226 1310 3286 ab
1350 3247 1541 3305 eoque
1572 3231 1690 3289 Hs
1719 3227 2137 3307 quinquaginta
2174 3227 2356 3289 millia

291 3323 536 3395 (maso
559 3324 690 3402 fn),
720 3323 1021 3385 dimidiam
1060 3325 1279 3385 scilicet
1321 3338 1545 3405 partem
1588 3326 1790 3403 pretii,
1834 3343 1957 3403 quo
1997 3343 2137 3402 ager
2177 3343 2354 3402 quem

290 3420 530 3479 Flavius
555 3420 697 3479 olim
731 3421 945 3481 Roscio
978 3421 1302 3481 tradiderat
1318 3465 1336 3494 ,
1368 3443 1527 3481 nuuc
1558 3420 1966 3494 aestiruabatur,
2005 3420 2354 3501 postulavit,

289 3517 462 3594 quasi
486 3518 736 3577 Roscius
763 3529 885 3576 tum
915 3538 1026 3599 pro
1058 3532 1182 3578 tota
1208 3518 1486 3578 societate
1514 3538 1649 3577 cum
1677 3518 1880 3578 Flavio
1920 3517 2258 3591 decidisset,
2293 3529 2354 3576 et

291 3612 353 3670 in
396 3613 655 3673 animum
690 3612 1011 3673 induxisset
1039 3616 1262 3674 socium
1293 3613 1534 3674 dimidia
1564 3628 1750 3695 parte,
1777 3636 1909 3694 quae
1936 3616 1990 3674 ei
2020 3613 2353 3687 deberetur,

290 3710 587 3771 fraudare.
632 3715 818 3773 Datus
866 3713 1043 3793 igitur
1077 3713 1262 3793 judex
1310 3734 1344 3772 a
1382 3727 1632 3795 praetore
1680 3715 1745 3772 C.
1793 3713 2141 3795 Calpurnius
2185 3712 2352 3784 Piso,

289 3810 550 3869 triennio
583 3824 719 3869 ante
741 3811 802 3870 in
830 3810 1032 3871 eadem
1059 3831 1231 3872 causa
1254 3811 1491 3887 arbiter,
1532 3826 1591 3870 et
1611 3831 1821 3870 novem
1851 3811 2017 3870 annis
2046 3822 2182 3890 post
2202 3808 2353 3869 hanc

287 3925 558 3977 causam,
597 3907 655 3967 h.
675 3929 730 3967 e.
754 3928 908 3969 anno
940 3910 1056 3969 686
1088 3912 1325 3983 consul,
1360 3923 1419 3970 et
1445 3908 1817 3971 severissimae
1849 3910 1990 3989 legis
2023 3906 2351 3988 Calpurniae

286 4006 361 4060 de
388 4003 611 4062 ambitu
641 4019 866 4065 auctor.
890 4006 1043 4068 Huic
1061 4006 1279 4067 assidet
1302 4006 1362 4066 in
1389 4007 1633 4067 consilio
1660 4011 1744 4067 M.
1767 4012 2080 4085 Perperna,
2104 4004 2194 4062 vir
2212 4023 2352 4063 cen-

288 4099 486 4160 sorius
513 4113 574 4160 et
595 4103 940 4175 consularis,
967 4105 1061 4164 cui
1085 4103 1228 4164 iliud
1255 4105 1473 4175 evenit,
1505 4116 1571 4164 ut
1588 4123 1772 4181 quum
1795 4104 2027 4163 vixisset
2049 4119 2230 4161 annos
2252 4098 2349 4173 982
