3044 4788
605 482 741 551 DE
791 481 1299 552 PRAETORE
1357 485 2091 557 PROVINCIALI.
2277 482 2414 556 533

284 603 373 666 ris
395 625 515 668 suo
541 602 811 666 consilio
838 619 1032 690 atque
1058 603 1326 669 arbitrio
1344 605 1411 667 in
1444 628 1561 669 sua
1588 606 1922 694 provincia
1947 603 2411 695 gubernanda.

286 709 437 772 Tria
466 708 603 773 haec
631 709 914 774 breviter
947 710 1341 799 explicanda.

371 815 741 880 Exercitum
786 839 1017 904 praeses
1062 833 1175 881 aut
1223 840 1467 883 novum
1519 819 1932 907 conscripsit,
1968 834 2083 883 aut
2126 818 2407 881 veterem

282 920 363 982 ab
395 920 537 1007 ipso
572 920 839 1008 praeside
871 922 1221 987 decedente
1241 972 1259 1004 ‚
1296 926 1525 988 autab
1563 926 1700 1005 ejus
1732 925 1945 1014 legato
1981 924 2265 1011 accepit:
2296 946 2410 986 ac-

283 1042 544 1114 ceptum
578 1027 899 1109 lustravit3
927 1044 1028 1109 et,
1060 1029 1374 1092 concione
1400 1029 1654 1111 habita,
1682 1031 1735 1093 si
1769 1054 1899 1117 qua
1930 1027 2309 1119 corrigenda
2342 1030 2410 1091 in

224 1195 237 1209 ,
282 1153 397 1212 en,
444 1146 558 1195 aut
590 1131 998 1196 immutanda
1027 1132 1161 1195 visa
1194 1149 1383 1213 sunt,
1420 1135 1758 1220 proposito
1804 1132 2052 1215 edicto,
2109 1130 2416 1197 emenda-

282 1236 373 1298 vit
409 1253 473 1301 et
508 1237 892 1300 immutavit.
947 1237 1170 1301 Cicero
1209 1238 1320 1302 lib.
1349 1238 1407 1299 V
1437 1237 1520 1323 ad
1555 1238 1746 1303 Attic.
1784 1240 1972 1328 epist.
2015 1261 2118 1302 ao.
2164 1239 2413 1318 Livius»,

284 1341 633 1406 XXXVIII
654 1388 672 1420 ,
717 1364 791 1404 12
816 1390 835 1423 ,
876 1356 942 1406 et
970 1342 1167 1425 XLV,
1205 1348 1311 1422 41.

373 1448 732 1529 Lustratio,
780 1465 917 1513 erat
956 1450 1226 1514 solenne
1262 1450 1682 1531 sacrificium,
1723 1447 1903 1537 quod
1943 1448 2260 1513 faciebant
2288 1450 2413 1514 sub

283 1551 395 1616 dio
426 1552 509 1616 ad
543 1553 936 1640 expiandum
980 1555 1363 1638 exercitum,
1408 1556 1706 1620 censorio
1741 1576 1875 1616 non
1911 1552 2234 1635 absimile,
2279 1578 2414 1642 quo

284 1660 565 1747 populus
598 1681 904 1723 romanus
937 1662 1004 1724 in
1036 1683 1266 1749 campo
1289 1662 1525 1725 Martio
1547 1660 1959 1725 lustrabatur.
1994 1659 2316 1724 Plutarch.
2347 1661 2415 1722 in

284 1765 505 1828 Bruto.
542 1766 676 1830 Liv.
704 1765 851 1853 XL,
885 1767 948 1831 6.
987 1767 1069 1849 Q.
1106 1767 1288 1831 Curt.
1325 1768 1416 1848 X,
1453 1790 1516 1854 9.

371 1870 737 1959 Disciplinae
769 1871 1056 1936 militaris
1097 1872 1450 1938 emendatae
1488 1873 1742 1937 dabunt
1769 1871 2062 1960 exempla
2098 1870 2170 1934 P.
2201 1869 2413 1957 Scipio

285 1975 366 2039 ad
389 1976 830 2058 Numantiam,
856 1993 921 2041 et
944 1978 1024 2060 Q.
1044 1978 1345 2042 Metellus
1381 1979 1447 2042 in
1481 1977 1809 2043 Numidia.
1836 1977 2115 2065 Appian.
2141 1976 2209 2038 in
2234 1973 2410 2038 lber.

284 2081 537 2147 Sallust.
571 2083 636 2144 in
668 2083 814 2172 Jug.
850 2105 989 2171 cap.
1025 2082 1132 2161 45.

368 2188 728 2276 Imperator
760 2188 827 2250 in
861 2188 1145 2253 exercitu
1183 2212 1318 2253 non
1358 2191 1635 2277 privatas
1666 2189 1880 2253 solum
1913 2186 2411 2265 controversias,

283 2294 396 2357 sed
439 2292 726 2381 publicas
754 2316 904 2358 cum
937 2294 1209 2358 consilio
1241 2317 1315 2358 ac
1346 2295 1485 2359 sine
1518 2295 1787 2358 consilio
1822 2294 2159 2383 cognovit3
2192 2314 2266 2355 ac
2299 2289 2414 2354 de-

282 2422 467 2462 mum
520 2422 840 2464 summam
874 2401 1019 2465 vitae
1065 2401 1370 2488 necisque
1414 2402 1732 2487 cujusque
1786 2416 2172 2487 potestatem
2227 2414 2291 2461 et
2346 2398 2413 2460 in

284 2505 526 2583 socios,
553 2520 619 2567 et
650 2504 718 2567 in
758 2505 925 2569 cives
959 2508 1168 2593 ipsos,
1197 2506 1460 2585 habuit;
1495 2529 1571 2569 ac
1603 2527 1886 2593 persaepe
1920 2505 1989 2567 in
2038 2505 2208 2567 cives
2241 2502 2409 2565 mili·

283 2625 508 2696 tesque
542 2631 845 2673 romanos
873 2632 1092 2673 severe
1118 2634 1192 2673 ac
1223 2610 1641 2674 vehementer
1666 2609 2042 2688 vindicavit,
2062 2624 2136 2670 ut
2163 2608 2250 2671 ait
2277 2609 2407 2671 Cic.

285 2715 355 2777 in
379 2715 560 2778 Verr.
595 2712 702 2778 lib.
722 2713 800 2794 V,
843 2737 981 2802 cap.
1017 2714 1122 2780 51.
1177 2717 1581 2805 Argumento
1630 2717 1711 2779 sit
1745 2714 1905 2778 illud
1955 2714 2027 2778 P.
2067 2713 2416 2801 Scipionis,

285 2842 422 2908 quo
456 2819 525 2882 in
563 2836 856 2883 auctores
893 2818 1227 2885 seditionis
1259 2820 1340 2885 ad
1375 2821 1735 2885 Sucronem
1781 2817 2246 2884 animadvertit.
2283 2817 2416 2881 Liv.

286 2925 400 2989 lib.
434 2925 764 3005 XXVIII,
797 2947 933 3011 cap.
964 2946 1066 3010 29.
1106 2926 1379 3014 Appian.
1409 2926 1477 2990 in
1506 2927 1676 2990 Iber.

374 3032 474 3095 De
509 3031 1267 3119 auspiciisimperatoriis
1304 3031 1371 3094 id
1404 3030 1901 3118 fuitejusmodi.
1931 3031 2311 3095 Institutum
2335 3029 2417 3092 ab

287 3135 472 3199 initio
500 3138 722 3201 Romoe
756 3138 965 3200 fuerat
987 3151 1061 3199 ut
1084 3135 1245 3200 nihil
1283 3158 1496 3223 neque
1528 3134 1707 3201 domi
1738 3159 1949 3223 neque
1976 3135 2220 3198 militiae
2239 3182 2257 3214 ,
2291 3133 2415 3195 nisi

287 3242 648 3328 auspicato,
697 3257 1045 3332 gereretur.
1088 3240 1284 3304 Panv.
1329 3239 1410 3304 de
1461 3242 1633 3307 civit.
1670 3243 1859 3304 Rom.
1909 3263 2048 3328 cap.
2097 3262 2194 3326 ¹7·
2236 3240 2419 3301 Hanc

287 3369 548 3410 causam
583 3348 771 3410 affert
801 3348 921 3411 Cn.
946 3347 1226 3410 Manlius
1257 3345 1433 3434 apud
1465 3347 1747 3427 Livium,
1795 3345 1975 3436 quod
2027 3344 2267 3408 nullius
2309 3366 2417 3408 ca-

291 3449 553 3514 lumniae
582 3451 1051 3531 subjicerentur
1081 3473 1155 3515 ea
1184 3474 1330 3539 quae
1362 3450 1452 3515 dii
1477 3452 2092 3539 comprobavissent.
2120 3448 2422 3537 Auspicia

291 3554 359 3617 in
399 3557 684 3620 exercitu
718 3556 911 3620 unius
935 3572 1189 3621 tantum
1218 3558 1485 3619 fuerunt
1510 3556 1957 3643 imperatoris3
1990 3555 2183 3618 ceteri
2212 3555 2426 3641 auspi-

290 3662 404 3727 ciis
432 3662 567 3741 ejus
595 3684 922 3750 pugnare3
977 3663 1113 3749 ipse
1152 3661 1396 3726 bellum
1439 3678 1515 3726 ut
1547 3660 1785 3743 ductu,
1836 3663 1928 3726 sic
1955 3662 2256 3750 auspiciis
2289 3662 2423 3725 suis

292 3788 517 3856 gerere
541 3764 890 3830 dicebatur.
914 3765 1102 3830 Unde
1124 3765 1286 3830 dixit
1301 3767 1514 3855 Scipio
1534 3766 1616 3830 ad
1644 3766 2024 3832 seditiosum
2048 3767 2427 3846 exercitum,

294 3869 471 3960 apud
497 3871 632 3935 Liv.
660 3872 974 3954 XXVIII,
1017 3895 1132 3959 27:
1168 3903 1192 3927 ι
1215 3872 1392 3955 Quin
1427 3873 1588 3936 mihi
1621 3896 1704 3936 ne
1730 3871 1927 3937 hodie
1964 3872 2232 3961 quidem
2266 3873 2429 3934 scire

296 3976 607 4041 videmini
632 3998 765 4064 quo
792 3977 1086 4040 amentiae
1111 3978 1430 4065 progressi
1456 3979 1629 4041 sitis:
1666 3977 1824 4065 quid
1850 3978 2150 4041 facinoris
2186 3978 2254 4039 in
2292 3999 2427 4055 me,

302 4083 706 4172 patriamque
742 4099 1060 4164 vestram3
1090 4082 1249 4170 quid
1299 4083 1364 4146 in
1404 4082 1563 4146 deos
1602 4083 1982 4147 sacramenti
2017 4099 2243 4161 testes;
2274 4080 2433 4167 quid

298 4187 604 4254 adversus
635 4188 916 4276 auspicia
954 4187 1077 4252 sub
1120 4188 1359 4276 quibus
1411 4187 1726 4270 militatis;
1766 4187 1924 4275 quid
1955 4184 2261 4251 adversus
2294 4208 2436 4250 mo-
