3044 4788
559 431 686 505 192
1175 409 1273 475 M.
1327 409 1404 476 T.
1457 409 2022 479 CICERONIS

544 530 980 615 consolatur,
1005 526 1206 626 quod
1224 527 1407 616 haec,
1433 551 1595 624 quae
1614 527 1903 600 videtur
1932 552 2087 600 esse
2114 531 2474 601 accusatio
2503 556 2682 620 mea,

541 668 697 714 non
719 643 961 739 potius
984 638 1342 710 accusatio
1365 691 1384 723 ,
1426 662 1648 735 quam
1686 637 2008 710 defensio
2045 653 2153 711 est
2181 641 2678 715 existimanda.

543 750 875 825 Defendo
903 751 1096 821 enim
1123 748 1392 820 multos
1419 749 1796 836 mortales,
1830 749 2094 823 multas
2129 752 2449 823 civitates
2467 807 2486 841 ,
2508 778 2684 851 pro·

537 862 847 932 vinciam
895 857 1203 930 Siciliam
1247 873 1493 930 totam.
1572 857 2115 950 Quamobrem,
2155 863 2216 932 si
2266 861 2444 932 mihi
2489 887 2682 935 unus

543 986 650 1044 est
674 968 1117 1042 accusandus
1136 1022 1154 1056 ,
1176 968 1713 1067 propemodum
1737 965 2025 1042 manere
2051 973 2128 1041 in
2155 971 2487 1043 instituto
2515 997 2680 1043 meo

454 1155 460 1166 ,
538 1079 814 1168 videor,
845 1094 918 1149 et
949 1103 1104 1149 non
1143 1080 1446 1150 omuino
1481 1103 1522 1150 a
1556 1078 2030 1151 defendendis
2051 1080 2474 1153 hominibus
2502 1080 2676 1153 sub·

539 1189 1010 1286 levandisque
1082 1187 1469 1262 discedere.
1549 1190 1769 1280 Quod
1820 1194 1878 1262 si
1924 1190 2114 1262 hanc
2177 1215 2462 1262 causam
2531 1206 2679 1262 tam

538 1294 947 1387 idoneamss,
982 1313 1126 1370 tam
1167 1298 1522 1371 illustrem
1546 1353 1564 1387 ,
1602 1314 1746 1370 tam
1788 1325 2081 1398 gravem
2109 1325 2262 1374 non
2294 1299 2676 1388 haberem;

540 1411 600 1480 si
647 1423 772 1481 aut
816 1408 957 1481 hoc
999 1433 1040 1480 a
1092 1434 1210 1480 me
1248 1409 1467 1481 Siculi
1508 1434 1661 1481 non
1701 1412 2083 1510 petissent,
2127 1424 2253 1483 aut
2287 1410 2465 1480 mihi
2510 1434 2676 1481 cum

542 1517 797 1591 Siculis
847 1539 1059 1590 causa
1105 1531 1322 1589 tantae
1366 1520 1920 1593 necessitudinis
1963 1547 2118 1593 non
2158 1518 2676 1608 intercederet,

543 1647 616 1704 et
642 1630 818 1721 hoc,
850 1628 1055 1727 quod
1088 1625 1312 1718 facio,
1350 1654 1465 1699 me
1502 1629 1915 1729 reipublicae
1955 1653 2167 1702 causa
2194 1627 2425 1703 facere
2460 1628 2679 1727 profi·

539 1757 757 1827 terer‚
802 1755 885 1811 ut
920 1740 1145 1810 homo
1185 1738 1528 1835 singulari
1573 1741 1991 1838 cupiditate,
2030 1738 2368 1825 audacia,
2409 1738 2675 1810 scelere

537 1851 915 1950 praedituS,
960 1849 1165 1943 cujus
1207 1845 1399 1920 furta
1437 1863 1656 1946 atque
1688 1847 1951 1946 flagitia
1988 1871 2141 1918 non
2174 1847 2249 1915 in
2286 1831 2520 1916 Sicilia
2565 1872 2677 1918 so-

538 1961 730 2049 lum,
765 1957 943 2030 sed
925 1983 1002 2027 in
1039 1955 1373 2045 Achaias,
1401 1961 1603 2046 Asia,
1635 1959 1914 2041 Cilicia,
1938 1954 2386 2052 Pamphylia,
2427 1959 2676 2027 Romae

538 2072 853 2166 denique
881 2080 1049 2137 ante
1085 2066 1336 2137 oculos
1378 2068 1712 2138 omnium
1761 2068 2068 2137 maxima
2111 2066 2673 2164 turpissimaque

536 2201 946 2263 nossemus,
1000 2201 1119 2248 me
1178 2192 1435 2274 agente
1488 2179 1569 2248 in
1623 2175 1975 2273 judicium
2022 2190 2403 2248 vocaretur
2445 2203 2462 2247 ε
2510 2181 2674 2275 quis

539 2285 833 2360 tandem
873 2299 1080 2375 esset,
1106 2288 1235 2384 qui
1264 2312 1510 2359 meum
1539 2283 1835 2376 factum,
1860 2301 1985 2359 aut
2017 2284 2401 2359 consilium
2431 2300 2675 2383 posset

539 2398 1077 2499 reprehendere
1097 2399 1126 2468 Ρ

636 2512 760 2581 ΙΙΙ.
821 2506 1020 2599 Quid
1061 2520 1203 2593 est,
1242 2507 1431 2604 proh
1469 2506 1691 2580 deum
1727 2509 2260 2605 hominumque
2299 2503 2551 2577 fidem!
2594 2506 2668 2575 in

539 2644 690 2718 quo
734 2642 870 2717 ego
910 2615 1321 2715 reipublicae
1364 2618 1530 2715 plus
1573 2619 1716 2691 hoc
1751 2635 2077 2719 tempore
2111 2617 2458 2719 prodesse
2502 2638 2664 2712 pos·

536 2732 715 2804 sim?
750 2728 930 2828 quid
968 2740 1111 2815 est,
1156 2727 1359 2824 quod
1390 2745 1515 2800 aut
1556 2731 1834 2829 populo
1872 2755 2178 2803 romano
2216 2728 2483 2826 gratius
2517 2748 2668 2796 esse

536 2840 796 2913 debeat
799 2893 838 2955 3
867 2852 991 2909 aut
1026 2838 1234 2910 sociis
1265 2841 1673 2937 exterisque
1714 2840 2133 2913 nationibus
2160 2838 2473 2937 optatius
2514 2857 2667 2905 esse

534 2951 793 3049 possit,
837 2962 963 3019 aut
999 2947 1209 3017 saluti
1247 2946 1706 3047 fortunisque
1751 2953 2079 3023 omnium
2127 2949 2349 3043 magis
2383 2968 2665 3016 accom-

535 3057 912 3131 modatum
940 3057 1073 3127 sit?
1100 3057 1497 3154 Populatae,
1525 3076 1823 3149 vexatae,
1862 3060 2188 3132 funditus
2216 3080 2475 3127 eversae
2502 3078 2668 3152 pro-

534 3169 816 3254 vinciae3
860 3167 1099 3253 socii¹,
1136 3167 1731 3268 stipendiariique
1768 3171 2021 3269 populi
2063 3168 2346 3240 romani
2378 3164 2662 3254 afflicti,

535 3280 818 3365 miseri,
869 3276 1013 3372 jam
1072 3301 1224 3346 non
1274 3277 1521 3351 salutis
1564 3306 1767 3378 spem
1788 3293 1842 3369 ²,
1899 3279 2025 3351 sed
2080 3278 2275 3350 exitii
2324 3275 2662 3347 solatium

533 3401 892 3489 quaerunt.
935 3386 1082 3475 Qui
1119 3384 1387 3481 judicia
1423 3414 1719 3462 manere
1766 3388 1959 3486 apud
1997 3386 2332 3460 ordinem
2375 3398 2664 3457 senato-

607 3609 655 3655 8.
692 3607 945 3654 Idoneam.
974 3606 1101 3667 Quia
1136 3616 1332 3669 rogatus
1359 3609 1418 3655 ad
1446 3625 1554 3657 eam

535 3685 732 3735 accedo.
757 3685 1013 3732 Illum-em.
1041 3686 1245 3748 Propter
1288 3690 1553 3751 provinciae

536 3764 714 3812 Siciliae
741 3762 1060 3810 nobilitatem.
1089 3763 1317 3814 Grac-em.
1349 3767 1554 3831 Propter

535 3845 745 3893 maxima
762 3844 926 3890 Verria
952 3843 1170 3891 crimina.

605 3938 655 3984 9.
677 3926 738 3970 In
760 3920 971 3971 Achaia.
988 3921 1109 3969 Vid.
1143 3923 1233 3971 inf.
1255 3926 1392 3972 Verr.
1418 3926 1470 3980 1,
1503 3936 1553 3982 1,

534 4015 583 4052 et
603 4002 792 4067 passim.

601 4086 691 4130 111.
728 4098 769 4128 ι.
804 4079 933 4127 Socii
961 4080 1202 4129 incertum
1226 4082 1460 4147 vectigal,
1497 4095 1555 4131 ut

528 4163 789 4218 decumas,
831 4175 917 4207 sen
950 4160 1184 4210 decimam
1222 4164 1413 4228 frugum
1443 4180 1553 4228 par-

1639 3620 1769 3670 tem3
1804 3608 2115 3674 stipendiarii
2138 3617 2324 3656 certum
2358 3602 2660 3670 pendebant,

1640 3688 1777 3753 quod
1804 3690 1872 3736 eis
1899 3689 2035 3737 velut
2057 3691 2108 3737 in
2134 3688 2352 3736 victoriae
2374 3696 2662 3733 monumen-

1643 3779 1748 3816 tum
1772 3768 2131 3833 imponebatur.

1714 3864 1764 3898 α.
1804 3847 1984 3895 Salutis
2027 3863 2178 3911 spem.
2221 3846 2336 3893 Non
2377 3849 2568 3904 sperant
2605 3837 2656 3883 in

1641 3927 1902 3993 pristinum
1951 3938 2129 3975 statum
2168 3940 2217 3972 se
2259 3937 2401 3987 posse
2436 3917 2655 3974 restitui3

1642 4008 1728 4055 sed
1746 4016 1985 4072 quaerunt,
2001 4004 2062 4053 ad
2083 4003 2218 4052 exitii
2240 4001 2315 4049 sui
2340 3998 2582 4055 solatium,
2599 4005 2656 4041 ut
2704 3994 2715 4000 ’

1641 4086 2027 4133 condemnentur
2059 4084 2125 4140 ii,
2152 4095 2362 4146 quorum
2393 4075 2568 4125 scelere
2592 4074 2656 4121 as-

1641 4164 1761 4213 meti
1777 4175 1955 4213 suntet
1975 4162 2172 4228 perditi.
