3044 4788
666 396 774 466 IN
825 394 911 481 Q.
962 392 1512 463 CAECILIUM
1565 393 2143 464 DIVINATIO.

339 517 554 590 video
599 514 946 586 futurum.
1001 517 1071 585 Si
1129 515 1321 585 enim
1377 514 1559 584 mihi
1622 515 1839 584 hodie
1888 515 2327 613 respondere
2377 519 2470 589 ad

343 629 521 714 haec,
567 647 729 724 quae
762 625 965 712 dico,
1008 626 1369 722 potueris;
1419 628 1477 696 s'i
1511 623 1603 696 ab
1646 626 1784 695 isto
1820 625 2046 714 libro,
2084 651 2302 723 quem
2341 628 2472 700 tibi

340 737 674 834 magister
724 734 988 821 ludin,
1044 735 1288 805 nescio
1354 735 1514 832 qui,
1571 759 1662 805 ex
1713 735 1959 806 alienis
2018 738 2471 810 orationibus

337 848 820 943 compositum
855 842 1094 932 dedit,
1123 843 1348 914 verbo
1388 867 1538 914 uno
1575 843 2019 935 discesseri53
2049 871 2260 944 posse
2292 849 2364 921 te
2397 865 2471 921 et

247 1008 254 1014 -
336 958 437 1028 illi
464 979 764 1054 quoque
784 953 1065 1050 judicio
1099 963 1248 1024 noh
1278 952 1561 1041 deesse,
1601 969 1673 1025 et
1710 979 1937 1026 causae
1971 971 2189 1054 atque
2223 957 2471 1030 officio

338 1083 465 1138 tuo
504 1065 908 1137 satisfacere
949 1062 1394 1136 arbitrabor}
1430 1065 1542 1135 sin
1574 1088 1893 1154 mecum,
1936 1068 2010 1137 in
2052 1065 2186 1139 hac
2223 1070 2469 1166 prolu-

338 1180 575 1264 sione,
613 1173 796 1247 nihil
834 1174 1092 1262 fucris3
1118 1197 1333 1271 quem
1366 1190 1438 1245 te
1471 1171 1550 1245 iu
1582 1178 1736 1273 ipsa
1762 1199 2004 1274 pugna
2031 1232 2051 1263 ,
2085 1202 2252 1249 cum
2286 1199 2471 1250 acer·

333 1290 519 1359 rimo
556 1286 1006 1373 adversario,
1052 1282 1206 1355 fore
1247 1287 1631 1382 putemus?

431 1406 585 1473 XV.
620 1404 790 1470 Esto
820 1425 835 1468 ε
866 1400 1019 1496 ipse
1057 1397 1234 1467 nihil
1276 1411 1382 1467 est
1410 1452 1429 1485 ,
1460 1395 1643 1467 nihil
1682 1412 1965 1494 potest3
2007 1412 2080 1470 at
2118 1404 2315 1472 venit
2349 1425 2470 1500 pn·-

337 1526 531 1582 ratus
557 1533 721 1580 cum
766 1506 1375 1604 subscriptoribus
1397 1517 1415 1550 ¹
1460 1507 1864 1578 exercitatis
1899 1521 1972 1578 et
2005 1506 2307 1579 disertis.
2344 1515 2470 1581 Est'

337 1637 579 1692 tamen
633 1618 773 1688 hoc
816 1617 1086 1715 aliquid
1129 1635 1145 1686 ὲ
1190 1618 1466 1688 tametsi
1515 1642 1664 1687 non
1706 1630 1816 1687 est
1861 1617 2050 1687 satis.
2101 1619 2466 1690 Omnibus

337 1732 530 1802 enim
568 1728 786 1800 rebus
825 1729 883 1798 is
908 1782 927 1814 ,
965 1728 1094 1824 qui
1126 1731 1462 1824 princeps
1494 1727 1573 1794 in
1601 1723 1883 1822 agendo
1919 1739 2067 1813 est,
2101 1727 2465 1799 ornatissi-

334 1863 492 1910 mus
528 1851 601 1909 et
631 1837 1117 1935 paratissimus
1145 1860 1300 1906 esse
1330 1832 1573 1905 debet.
1616 1840 2136 1906 Verumtamen
2167 1841 2245 1907 L.
2274 1843 2467 1937 Apu-

331 1950 547 2020 leium
577 1969 729 2018 esse
756 1947 967 2017 video
990 1949 1399 2043 proximum
1419 1955 1448 1987 ²
1480 1944 2071 2042 subscriptorem,
2093 1947 2462 2022 hominem

330 2084 478 2129 non
521 2072 762 2142 aetate,
809 2056 936 2128 sed
974 2079 1111 2126 usu
1145 2052 1412 2127 forensi
1465 2069 1685 2151 atque
1738 2056 2247 2129 exercitatione
2294 2064 2461 2129 tiro-

331 2191 518 2239 nem.
556 2164 860 2252 Deinde,
888 2176 971 2235 ut
997 2166 1286 2261 opinor,
1315 2162 1532 2234 habet
1565 2163 1954 2251 Allienum,
1986 2164 2181 2237 bunc
2215 2182 2457 2241 tamen

327 2303 366 2348 a
398 2273 846 2349 subselliis³z
879 2276 1005 2372 qui
1029 2327 1047 2361 ,
1081 2273 1254 2370 quid
1297 2274 1369 2342 in
1411 2272 1718 2344 dicendo
1745 2288 2029 2370 posset,
2054 2297 2457 2374 numquam

326 2392 491 2461 satis
510 2386 819 2472 attendi3
842 2386 917 2455 in
939 2382 1316 2455 clamando
1343 2382 1636 2480 quidem
1662 2381 1875 2453 video
1902 2406 2067 2455 eum
2089 2409 2243 2457 esse
2268 2385 2458 2475 bene

324 2499 709 2572 robustum
772 2511 989 2592 atque
1041 2495 1529 2565 exercitatum.
1582 2501 1661 2565 In
1707 2494 1848 2564 hoc
1893 2516 2056 2592 spes
2099 2510 2238 2566 tuae
2283 2517 2454 2572 sunt:

324 2628 608 2696 omnes;
650 2608 804 2693 hic,
846 2609 902 2676 si
936 2619 1017 2675 tu
1053 2606 1193 2676 eris
1222 2619 1423 2675 actor
1458 2605 1895 2676 constitutus
1920 2658 1938 2692 ,
1970 2620 2218 2691 „totum
2251 2610 2447 2704 judi-

2334 422 2461 466 211

401 2793 481 2825 sa.
518 2774 754 2840 Magister
791 2770 910 2820 ludi.
950 2772 1000 2817 ts
1040 2769 1126 2832 qui
1168 2778 1344 2833 praeest
1430 2768 1725 2815 accusatoris
1750 2782 1891 2815 causa
1917 2770 2055 2816 erant
2081 2768 2186 2834 lege
2211 2771 2453 2837 adhibiti,

321 2854 445 2903 ludo
474 2854 685 2901 literni-io
715 2866 802 2898 seu
839 2846 1033 2896 scholae.
1063 2847 1225 2893 Ludus
1247 2847 1341 2893 fre-

321 2934 632 2999 quentissime
662 2929 901 2993 accipitur
924 2941 1019 2991 pro
1053 2926 1164 2990 ipso
1192 2925 1339 2984 loco,

321 3017 375 3061 in
400 3029 500 3077 quo
523 3021 608 3059 aut
629 3011 756 3057 vires
777 3008 1025 3071 eorporis,
1054 3015 1137 3052 aut
1158 3004 1342 3068 ingenii

322 3107 529 3141 acumen
552 3099 819 3138 exercetur.
852 3088 980 3136 Hinc
1008 3084 1153 3133 ludus
1178 3086 1341 3133 litera-

321 3174 449 3233 rius,
474 3171 622 3219 ludus
645 3167 972 3233 gladiatorius.

392 3254 512 3301 XV.
548 3267 595 3299 x.
618 3248 1033 3312 Subscripeoribus.
1063 3245 1106 3292 li
1150 3244 1336 3292 scilicet

320 3341 455 3381 erant
499 3331 586 3393 qui
624 3328 879 3386 secundas,
916 3326 1081 3373 tertias
1121 3324 1335 3371 criminis

316 3410 580 3459 accusandi
607 3420 767 3472 partes
794 3406 1034 3470 agebaut3
1080 3404 1151 3451 sic
1187 3402 1333 3456 dicti,

315 3491 453 3555 quod
473 3502 651 3535 nomen
668 3501 809 3533 suum
832 3483 1126 3532 accusatoris
1148 3481 1335 3529 nomini

316 3569 447 3634 apud
468 3578 723 3633 praetorem
747 3563 1131 3613 subscribebant.
1162 3564 1333 3624 Itaque

316 3650 450 3711 quasi
475 3646 676 3694 secundi
703 3646 756 3692 in
783 3643 966 3708 agenda
996 3654 1138 3690 causa
1165 3650 1329 3700 erant,

314 3728 401 3791 qni
418 3724 514 3774 hoc
538 3726 646 3789 ipso
672 3723 975 3772 testabantur
1001 3737 1051 3768 se
1081 3731 1331 3768 accusato·

316 3821 415 3851 rem
449 3805 729 3868 primarium
767 3814 817 3849 et
853 3800 1060 3865 probare
1098 3808 1146 3844 et
1181 3799 1324 3846 tueri.

317 3885 501 3947 Saepius
525 3895 688 3931 autem
715 3880 936 3931 custodes
960 3894 1021 3925 ex
1048 3878 1153 3940 lege
1178 3894 1333 3941 appo·

314 3964 575 4023 utebantur,
601 3964 708 4025 qui,
739 3977 835 4024 qua
864 3958 1049 4006 ratione
1076 3959 1335 4003 instruere-

315 4054 394 4088 tnr
413 4043 674 4097 accusatio,
687 4040 1018 4087 observarent.
1037 4035 1113 4082 Illi
1134 4050 1234 4081 nou
1256 4052 1333 4081 so·

1430 2864 1491 2895 ne
1512 2857 1774 2911 corruptus
1793 2846 1874 2894 ille
1898 2850 2311 2911 praevaricaretur.
2331 2852 2445 2903 Vid.

1429 2928 1517 2976 inf.
1544 2942 1653 2990 esp.
1681 2928 1769 2983 16,
1806 2936 1855 2973 et
1879 2942 1972 2990 pro
1999 2926 2194 2978 cluent.
2221 2944 2328 2995 cap.
2366 2948 2445 2993 70.

1502 3022 1550 3053 a.
1565 3004 1870 3052 Proximum.
1883 3007 1981 3067 Qui
2007 3008 2193 3069 primus
2210 3021 2324 3072 post
2343 3013 2447 3060 Cae-

1429 3085 1594 3133 cilium
1618 3092 1972 3142 accusatorem,
1996 3097 2159 3149 surget
2189 3088 2252 3134 nd
2281 3089 2446 3138 dicen-

1425 3164 1563 3214 dnm.

1498 3244 1546 3291 3.
1570 3246 1619 3291 A
1644 3241 1893 3299 subselliis,
1927 3242 1959 3289 i.
1983 3258 2030 3290 e.
2058 3242 2226 3290 saltem
2274 3247 2325 3293 in
2362 3249 2442 3307 jn-

1423 3321 1564 3370 diciis
1586 3321 1916 3377 exercitatum,
1933 3322 2017 3383 qui
2035 3320 2260 3370 subsellia
2286 3327 2444 3375 somna

1420 3402 1488 3451 sia
1512 3402 1597 3450 diu
1624 3402 1773 3450 trivit.
1792 3404 1906 3463 Quo
1930 3402 1985 3447 in
2011 3400 2126 3448 loco
2146 3416 2271 3451 errat
2290 3410 2445 3455 Asco-

1419 3483 1550 3529 nius.
1593 3481 1766 3529 Totius
1808 3480 1908 3527 loci
1950 3496 2118 3527 sensus
2161 3494 2233 3531 est
2267 3497 2281 3531 :
2318 3489 2443 3549 Quis

1419 3561 1707 3609 accusabit?
1732 3562 1793 3623 Q.
1820 3560 2056 3609 caecilius.
2084 3564 2150 3609 At
2176 3579 2438 3629 numquam

1418 3641 1471 3688 in
1511 3642 1669 3688 causis
1709 3651 1783 3688 cst
1816 3651 2046 3688 versatus.
2083 3644 2135 3689 L.
2163 3644 2441 3709 Apuleius?

1419 3723 1513 3779 At,
1549 3719 1770 3783 quamvis
1807 3734 1981 3775 senex,
2021 3721 2071 3768 in
2118 3738 2206 3770 usu
2258 3726 2439 3777 sorensi

1419 3799 1636 3847 novitius
1662 3809 1748 3846 est.
1776 3798 1996 3846 Allienus
2019 3801 2201 3863 igitur?
2221 3806 2435 3855 Tandem

1421 3896 1570 3925 unum
1598 3879 1807 3942 aliquem
1830 3880 2139 3938 nominastis,
2165 3884 2249 3945 qui
2280 3885 2330 3931 in
2356 3889 2412 3947 ju
2434 3920 2437 3925 -

1423 3957 1565 4004 diciis
1591 3958 1653 4003 sit
1679 3968 1921 4014 vet-satus3
1945 3960 2029 4006 sed
2053 3972 2213 4007 tamen
2240 3963 2304 4009 ita
2332 3983 2440 4014 ver-

1423 4046 1569 4096 satus,
1587 4047 1644 4082 ut
1669 4037 1917 4083 clamator
1933 4040 2097 4102 potius
2117 4055 2259 4102 quam
2280 4043 2443 4092 decla-

313 4120 413 4169 lum
442 4118 732 4181 adjuvandi,
759 4117 840 4165 sed
867 4117 1008 4163 etiam
1029 4112 1336 4162 custodiendi
1426 4127 1603 4171 mator,
1635 4114 1731 4161 dici
1756 4116 1927 4177 possit.

2147 4190 2249 4269 14.
