3044 4788
685 405 774 487 84
1298 353 1415 469 Μ.
1468 403 1546 469 Τ.
1600 401 2154 471 CICERONIS

679 540 911 621 gatar,
936 544 1167 620 quum
1198 520 1394 619 apud
1423 522 1729 617 majores
1762 535 2048 591 nostros
2075 522 2337 590 summi
2379 523 2538 608 viri,
2566 521 2811 592 claris-

676 639 988 731 simique
1014 631 1345 703 homines
1367 685 1387 720 ‚
1418 636 1546 728 qui
1587 634 1787 701 omni
1836 646 2159 728 tempore
2192 628 2286 699 ad
2313 628 2810 726 gubernacula

681 743 1095 843 reipublicae
1137 741 1386 813 sedere
1420 740 1818 826 debebant,
1864 753 2102 809 tamen
2151 741 2227 808 in
2269 741 2456 834 agris
2501 763 2807 835 quoque
2873 763 2888 841 ᾗ

682 852 1002 925 colendis
1073 852 1524 946 aliquantum
1598 873 1836 947 operae
1906 851 2395 945 temporisque
2466 873 2811 919 consum·

680 965 955 1060 pserint
980 1017 999 1049 ,
1034 962 1308 1056 ignosci
1341 975 1676 1057 oportere
1711 961 1777 1028 ei
1816 957 2095 1028 homini
2123 1012 2143 1044 ,
2200 961 2330 1055 qui
2378 983 2453 1029 se
2498 956 2811 1029 fateatur

679 1097 832 1144 esse
865 1075 1214 1142 rusticum
1243 1125 1262 1157 ‚
1307 1094 1541 1166 quum
1592 1072 1741 1138 ruri
1788 1065 2120 1138 assiduus
2160 1093 2445 1166 semper
2494 1072 2806 1140 vixerit:

678 1207 909 1278 quum
950 1182 1345 1278 proesertim
1385 1177 1566 1249 nihil
1598 1192 1821 1265 esset,
1874 1176 2076 1274 quod
2107 1194 2236 1249 aut
2264 1182 2451 1276 patri
2492 1183 2812 1276 gratius,

678 1308 805 1363 aut
827 1291 963 1362 sibi
991 1288 1389 1387 jucundius
1406 1343 1425 1376 ,
1457 1304 1583 1359 aut
1607 1312 1852 1359 revera
1878 1286 2255 1359 honestius
2279 1288 2509 1360 facere
2534 1304 2811 1387 posset.

772 1401 1042 1473 Odium
1092 1403 1312 1496 igitur
1346 1400 1779 1469 acerrimum
1820 1400 2042 1495 patris
2085 1400 2161 1467 in
2208 1392 2442 1468 filium
2486 1423 2575 1468 ex
2618 1397 2763 1469 hoc
2789 1453 2813 1485 ,

675 1515 963 1610 opinor,
987 1509 1419 1596 ostenditur,
1458 1512 1712 1594 Eruci,
1744 1506 1949 1606 quod
1975 1507 2174 1579 hunc
2205 1512 2358 1577 ruri
2389 1533 2543 1579 esse
2573 1511 2809 1606 patie-

676 1620 892 1692 batur
920 1648 933 1689 :
966 1617 1329 1716 numquid
1357 1632 1464 1689 est
1493 1616 1734 1689 aliud?
1765 1622 1920 1688 lmo
1945 1643 2143 1704 vero,
2171 1620 2436 1713 inquit,
2461 1631 2606 1688 est:
2635 1642 2812 1687 nam
2917 1662 2923 1667 -

677 1736 893 1802 istum
928 1728 1364 1801 exheredare
1397 1732 1473 1797 in
1500 1731 1749 1798 animo
1779 1727 2111 1799 habebat.
2143 1727 2380 1798 Audio
2408 1755 2424 1795 ε
2466 1752 2665 1798 nunc
2693 1727 2811 1798 di·

680 1846 781 1913 cis
810 1839 1088 1937 aliquid
1110 1894 1129 1927 ,
1161 1837 1364 1935 quod
1398 1837 1491 1909 ad
1520 1863 1673 1909 rem
1702 1842 2060 1936 pertineat
2091 1834 2306 1908 z‘nam
2339 1839 2458 1908 illa
2476 1893 2495 1925 ‚
2520 1840 2814 1936 opinor,

682 1967 759 2022 tu
787 1973 1086 2051 quoque
1121 1947 1459 2019 concedis
1490 1949 1671 2018 levia
1705 1973 1882 2035 esse,
1908 1964 2126 2045 atque
2159 1951 2425 2046 inepta.
2462 1950 2815 2018 Convivia

679 2084 848 2130 cum
880 2072 1081 2155 patre
1122 2081 1270 2127 non
1306 2055 1536 2127 inibat
1567 2083 1581 2124 ε
1618 2060 1890 2155 quippe
1924 2061 2050 2154 qui
2089 2061 2162 2127 in
2210 2053 2615 2155 oppidum⁶
2649 2061 2817 2154 qui-

682 2168 887 2250 dem,
933 2168 1072 2236 nisi
1103 2190 1433 2262 perraro,
1476 2170 1777 2237 veniret.
1819 2173 2137 2238 Domum
2167 2191 2370 2239 suam
2402 2171 2622 2237 istum
2659 2193 2815 2238 non

686 2276 834 2348 fere
858 2279 1241 2374 quisquam
1270 2277 1604 2348 vo'cabat:
1630 2303 1767 2347 nec
1791 2282 2082 2366 mirum,
2108 2281 2235 2374 qui
2265 2302 2505 2374 neque
2528 2281 2604 2348 in
2633 2276 2821 2349 urbe

684 2391 988 2477 viveret,
1032 2412 1272 2484 neque
1316 2400 1829 2458 revocaturus7
1860 2403 2062 2459 esset.

782 2503 970 2570 XIX.
1008 2502 1281 2568 Verum
1314 2497 1465 2567 haec
1498 2522 1797 2594 quoque
1831 2513 1911 2567 tu
1945 2499 2282 2594 intelligis
2315 2522 2466 2568 esse
2503 2513 2824 2595 nugato-

689 2611 811 2679 ria.
844 2605 1031 2677 Illud
1056 2661 1075 2693 ,
1120 2605 1322 2702 quod
1358 2610 1753 2703 coepimus,
1791 2605 2201 2693 videamus3
2230 2631 2379 2703 quo
2412 2610 2680 2678 certius
2709 2631 2825 2678 ar—

690 2732 1117 2815 gumentum
1136 2713 1283 2785 odii
1301 2718 1597 2812 reperiri
1616 2715 1821 2786 nullo
1841 2714 2060 2787 modo
2079 2731 2338 2814 potest.
2366 2715 2824 2788 Exheredare

690 2842 893 2924 pater
922 2824 1154 2896 filium
1187 2823 1563 2920 cogitabat.
1611 2828 1821 2896 Mitto
1868 2849 2223 2922 quaerere,
2264 2849 2408 2922 qua
2437 2826 2527 2896 de
2564 2850 2827 2915 causa3

693 2959 968 3034 quaerO,
994 2937 1159 3029 qui¹
1199 2937 1377 3004 scias
1407 2960 1422 3001 :
1451 2936 1731 3004 tametsi
1768 2947 1837 3004 te
1865 2933 2104 3004 dicere
2141 2950 2359 3031 atque
2393 2960 2826 3008 enumerare

695 3068 939 3116 causas
980 3066 1232 3113 omnes
1278 3043 1696 3140 oportebat3
1729 3057 1801 3114 et
1831 3043 1907 3114 id
1939 3059 2092 3114 erat
2123 3049 2338 3115 certi²
2382 3050 2826 3118 accusatoris

696 3152 1016 3225 officium
1040 3207 1059 3241 ,
1093 3157 1220 3250 qui
1264 3157 1442 3223 tanti
1474 3154 1760 3224 sceleris
1789 3169 2153 3249 argueret,
2189 3156 2542 3252 explicare
2573 3161 2829 3228 omnia

695 3269 865 3336 vitia
911 3280 1129 3362 atque
1173 3278 1465 3361 peccata
1495 3262 1663 3351 filii,
1707 3252 1978 3361 quibus
2021 3268 2359 3336 incensus
2389 3290 2650 3364 parens
2686 3292 2829 3365 po-

698 3379 917 3446 tuerit
940 3378 1263 3446 animum
1296 3371 1679 3461 inducere,
1725 3389 1805 3444 ut
1837 3383 2168 3444 naturam
2201 3377 2427 3472 ipsam
2464 3379 2831 3460 vinceret;

701 3501 782 3555 ut
794 3508 1113 3554 amorem
1140 3483 1344 3553 illum
1367 3485 1660 3579 penitus
1685 3484 1983 3553 insitum
2011 3484 2304 3584 ejiceret
2322 3509 2409 3553 ex
2428 3486 2708 3571 anim03
2734 3500 2824 3554 ut

767 3724 822 3773 6.
855 3721 1112 3787 Oppidum.
1138 3722 1396 3771 Ameriam.
1801 3738 1928 3786 sepe
1971 3732 2174 3770 vocatus
2205 3735 2220 3769 t
2265 3725 2471 3787 Ignosco
2491 3756 2507 3781 ‚
2548 3721 2739 3771 nullum
2784 3725 2836 3772 εἰ

771 3821 820 3865 7.
855 3804 1192 3849 Revocatums.
1219 3803 1458 3849 Remeat-e
1476 3811 1550 3848 est
1570 3816 1710 3860 eum,
1800 3800 1974 3859 mod0‚
2000 3801 2168 3858 Galle,
2192 3817 2339 3850 vocas
2351 3824 2394 3848 n.

700 3901 725 3931 a
755 3897 854 3945 qno
886 3891 1090 3928 vocatus
1126 3878 1190 3927 ad
1220 3880 1501 3927 convivium
1536 3879 1713 3939 fuerin,
1870 3881 2016 3929 XIX.
2046 3897 2095 3929 ι.
2125 3881 2235 3943 Qui.
2258 3881 2540 3944 Quomodo.

700 3962 909 4011 vicissim
945 3959 1167 4006 invitare.
1190 3957 1305 4004 vid.
1332 3957 1496 4005 Phaed.
1529 3959 1553 4003 Ι
1571 3990 1586 4015 ,
1630 3959 1710 4004 26.
1872 3973 1924 4005 2.
1969 3957 2112 4007 Certi.
2155 3958 2271 4006 Fido
2318 3958 2490 4022 digni,
2524 3960 2605 4007 cui
2652 3960 2836 4010 merito

698 4039 1022 4095 Lactantwl,
1062 4050 1148 4093 η,
1177 4045 1227 4083 et
1251 4033 1466 4082 martial.
1487 4036 1588 4094 111,
1613 4050 1712 4095 271
1802 4034 1997 4094 credas,
2037 4037 2151 4100 quia
2181 4039 2323 4084 certis
2359 4039 2656 4101 argumentis
2681 4055 2833 4089 accu-

696 4145 722 4164 0.
746 4122 1021 4182 Numquam
1044 4131 1121 4162 me
1140 4112 1538 4171 revoc-naenias
1559 4129 1710 4177 quum
1801 4117 2033 4165 sationem
2061 4132 2195 4165 sunm
2221 4118 2412 4181 probat.
