3044 4788
594 518 601 525 .
648 462 763 530 IN
812 463 1252 533 VERREM
1300 464 1513 532 ACT.
1556 464 1671 548 11,
1723 464 1908 533 LIB.
1948 465 2047 531 11.
2261 465 2419 557 *4²7

284 582 436 655 lera
459 592 480 624 ¹
516 604 648 678 per
668 581 1264 670 Theomnastum,
1292 597 1366 656 et
1402 583 1933 669 AEschrionem‚
1972 597 2044 655 et
2071 584 2427 681 Dionyso·

285 689 589 778 dorum,
624 704 700 762 et
721 691 1184 765 Cleomenem
1214 695 1637 765 invitissima
1676 694 1961 764 civitate
1997 691 2182 765 facta
2220 711 2427 783 sunt,

288 801 599 898 primum
632 814 715 871 ut
759 800 932 874 urbs
967 817 1117 875 tota
1149 802 1606 901 spoliaretur,
1639 828 1785 899 qua
1819 803 1910 874 de
1934 828 2015 876 re
2044 803 2225 876 alius
2251 805 2429 876 mihi

283 908 530 982 locus²
560 909 651 981 ad
689 910 1080 984 dicendum
1127 928 1234 986 est
1284 915 1763 997 constitutus;
1812 927 1893 984 ut
1934 916 2179 984 omnia
2223 916 2430 1010 signa

283 1022 417 1105 iste
448 1044 581 1118 per
616 1044 741 1092 eos
773 1020 1106 1094 homines
1126 1077 1146 1110 ‚
1190 1047 1377 1120 quos
1410 1025 1820 1110 nominavi,
1859 1048 2081 1095 omne
2113 1023 2299 1095 ebur
2336 1050 2424 1096 ex

278 1127 559 1205 aedibus
585 1132 800 1202 sacris
817 1185 836 1218 ,
863 1157 1119 1204 omnes
1146 1131 1472 1230 undique
1507 1132 1785 1204 tabulas
1810 1139 2037 1232 pictas
2056 1190 2075 1221 ‚
2113 1133 2418 1207 deorum

278 1237 597 1336 denique
623 1241 1038 1329 simulacra,
1074 1267 1233 1339 quae
1264 1242 1520 1329 vellet,
1550 1240 1907 1332 auferret3
1940 1242 2204 1316 deinde
2233 1260 2317 1317 ut
2345 1247 2420 1315 in

281 1350 477 1429 curia
511 1352 898 1446 Syracusis,
917 1375 1139 1451 quem
1164 1352 1406 1424 locum
1434 1352 1537 1422 illi
1564 1349 2092 1423 buleuterium-³
2121 1370 2418 1438 vocant,

278 1458 793 1539 honestissimo
821 1461 983 1535 loco
1006 1516 1025 1549 ,
1068 1476 1141 1541 et
1167 1462 1362 1560 apud
1397 1461 1559 1533 illos
1594 1462 2023 1550 clarissimo,
2068 1462 2199 1534 ubi
2227 1463 2419 1536 illius

279 1571 503 1668 ipsius
527 1576 623 1642 M.
649 1571 1160 1669 Marcelli(qui
1185 1596 1353 1643 eum
1386 1574 1848 1669 Syracusanis
1884 1571 2163 1659 locum,
2199 1598 2421 1669 quem

279 1682 558 1778 eripere
599 1681 769 1755 belli
812 1706 895 1754 ac
930 1685 1246 1755 victoriae
1297 1682 1451 1779 lege
1508 1697 1793 1780 posset,
1843 1685 2298 1757 conservavit
2339 1697 2416 1755 et

276 1790 634 1886 reddidit)
660 1807 896 1865 statua
929 1819 1017 1865 ex
1041 1819 1181 1867 oere
1210 1792 1431 1882 facta3
1464 1792 1565 1864 ibi
1595 1797 1993 1864 inauratam
2031 1792 2183 1878 isti,
2219 1808 2291 1865 et
2319 1793 2415 1864 al·

276 1917 502 1981 teram
526 1901 678 1974 filio
707 1918 1015 1976 statuam
1048 1905 1428 2002 posuerint
1457 1931 1473 1973 ε
1504 1918 1587 1975 ut
1605 1958 1625 1991 ‚
1660 1902 1836 1974 dum
1865 1905 2071 1974 istius
2099 1904 2413 1975 hominis

275 2013 623 2085 memoria
653 2028 1021 2101 maneret,
1051 2028 1341 2086 senatus
1372 2019 1863 2110 Syracusanus
1888 2015 2042 2086 sine
2079 2013 2411 2109 lacrymis

275 2136 349 2193 et
379 2127 652 2218 gemitu
683 2125 759 2194 in
795 2128 992 2196 curia
1027 2148 1181 2197 esse
1211 2148 1361 2195 non
1395 2140 1661 2222 posset.
1703 2130 1836 2198 Per
1876 2125 2168 2197 eosdem
2207 2127 2411 2196 istius

273 2232 739 2327 injuriarum,
781 2233 1140 2306 furtorum
1165 2290 1185 2322 ,
1226 2260 1686 2332 uxorumque
1729 2236 1996 2323 socioS,
2038 2235 2243 2307 istius
2281 2237 2409 2307 im-

274 2345 478 2440 perio
515 2348 878 2442 Syracusis
918 2345 1341 2420 Marcellea‘*
1383 2346 1743 2419 tolluntur
1780 2348 2097 2417 maximo
2136 2346 2407 2444 gemitu

271 2453 622 2551 luctuque
662 2457 963 2529 civitatis
998 2485 1013 2528 ε
1061 2483 1283 2555 quem
1328 2457 1432 2528 illi
1474 2456 1668 2529 diem
1705 2456 1969 2526 festum
2016 2480 2247 2551 quum
2292 2479 2407 2527 rea

272 2562 607 2635 centibus
647 2563 1018 2639 beneficiis
1062 2572 1141 2640 C.
1171 2565 1539 2639 Marcelli⁵
1585 2565 1917 2639 debitum
1964 2564 2414 2652 reddebant,

273 2685 432 2742 tum
487 2676 770 2769 generi,
832 2679 1151 2767 nomini,
1207 2676 1486 2751 familiae
1540 2676 2050 2750 Marcellorum
2101 2679 2411 2748 maxima

272 2781 646 2857 voluntate
678 2785 1113 2860 tribuebant.
1150 2790 1605 2863 Mithridates
1643 2790 1718 2859 in
1755 2788 1951 2875 Asia,
1985 2811 2216 2884 quum
2250 2812 2410 2858 eam

342 2997 489 3046 xxl.
517 3012 539 3044 ι
552 3033 565 3046 .
592 2997 690 3047 ΙΗα
708 2998 912 3047 scelera.
930 2999 1087 3048 Vetus
1108 2999 1290 3059 codex,

270 3074 447 3121 «etiam
464 3075 545 3123 illa
564 3078 742 3126 scelera
761 3087 876 3124 sunt
894 3094 1004 3142 quae
1025 3094 1115 3141 per
1130 3078 1293 3126 Theo-

269 3164 558 3204 mlum».

342 3247 392 3281 a.
411 3233 551 3282 Alius
585 3233 707 3284 mihi
726 3235 877 3284 Iocus.
908 3235 959 3283 Is
984 3247 1058 3283 est
1078 3233 1203 3282 liber
1220 3237 1293 3282 lv

271 3309 333 3357 de
359 3311 529 3375 signis.

342 3389 392 3438 3.
420 3387 762 3458 Bouiani-ipsunt,
776 3404 989 3442 senatus.
1008 3393 1157 3442 Beck.
1171 3393 1294 3441 scri-

270 3467 385 3520 bere
399 3467 541 3529 jubet
569 3469 907 3521 «buleuterion
917 3494 960 3523 a.
983 3474 1109 3522 LV.
1132 3476 1187 3522 1..

342 3557 390 3609 4.
431 3549 715 3597 Mat-cellcu-
753 3552 905 3598 Erant
940 3553 1052 3600 sesti
1092 3553 1196 3601 dies
1239 3554 1293 3600 in

265 3626 504 3674 bonorem
525 3628 598 3677 M.
618 3629 865 3688 Marcelli,
880 3631 1057 3680 Siciliae
1078 3634 1293 3697 primum

270 3706 500 3768 victoris,
542 3706 656 3755 dein
675 3711 903 3773 patroni,
930 3727 958 3757 a
978 3711 1295 3774 Syracusanis

265 3784 506 3844 instituti,
523 3802 675 3851 quos,
703 3786 823 3836 urbe
852 3798 1021 3853 capta,
1046 3787 1293 3855 benignis-

265 3866 385 3912 sime
415 3864 663 3914 hab-erat.
695 3870 801 3915 Hos
835 3867 939 3916 dies
975 3869 1294 3932 Syracusani,

268 3945 432 3994 Verris
453 3940 617 4006 jussu,
640 3946 784 3994 inviti
814 3957 1096 3996 exemerunt
1112 3980 1129 4005 ,
1165 3959 1219 3995 ut
1244 3948 1296 3995 in

267 4024 371 4086 ejus
405 4024 568 4073 locum
599 4029 777 4072 Ver-rea
816 4037 1123 4089 reponerent.
1157 4027 1297 4076 Cete-

269 4121 376 4151 rum
416 4103 522 4152 fleri
559 4108 609 4153 in
654 4106 922 4170 provinciis
966 4105 1181 4163 solebat,
1213 4117 1293 4168 ut,

269 4183 354 4245 qui
382 4186 685 4248 magistratus
707 4202 787 4234 cas
815 4185 937 4234 bene
965 4185 1289 4235 administras-

1379 3010 1479 3058 set,
1508 2999 1583 3046 ini
1623 2997 1736 3046 sesti
1780 2997 1884 3045 dies
1926 3008 1974 3045 et
2015 2997 2124 3045 fana
2167 2996 2410 3046 interdum

1381 3079 1809 3125 constituerentur.
1830 3079 1944 3139 Quo
1972 3076 2024 3123 iu
2051 3092 2225 3139 genere
2251 3092 2407 3139 graeca

1380 3157 1652 3206 abundavit
1687 3156 1968 3204 assentatio.
1996 3151 2082 3202 Sic
2100 3155 2272 3203 Asiani
2301 3156 2412 3202 Mn·

1381 3237 1462 3284 eia
1485 3237 1538 3283 in
1565 3239 1632 3299 Q.
1660 3235 1817 3283 Mucii
1847 3234 2106 3295 Scaevolae,
2133 3234 2266 3282 Asioe
2289 3249 2413 3297 prse-

1381 3316 1534 3375 toris,
1575 3315 1853 3374 bonorem;
1886 3313 2132 3376 iidemque
2170 3312 2412 3376 posterius

1381 3394 1601 3442 Luculliez
1617 3393 1806 3443 Luculli
1826 3394 1974 3457 gratia
1990 3427 2004 3449 ,
2025 3391 2411 3439 celebraverunt.

1380 3475 1525 3522 Plura
1546 3473 1658 3521 vide
1677 3473 1812 3538 apud
1826 3472 2108 3536 Mougault‚
2133 3473 2409 3520 Comment.

1381 3554 1505 3616 ch.
1534 3553 1781 3603 Numisia.
1817 3550 1976 3600 Acad.
2010 3552 2066 3609 1,
2109 3562 2158 3599 et
2186 3549 2409 3611 Dcsjard.

1383 3634 1524 3693 cujus
1558 3631 1620 3679 de
1653 3632 1746 3679 hac
1792 3649 1844 3679 re
1881 3630 2098 3697 optimus
2130 3640 2287 3678 exstat
2314 3631 2410 3678 Ex·

1383 3728 1568 3760 cursus.

1458 3794 1508 3839 5.
1537 3791 1595 3839 C.
1623 3791 1862 3840 Marcelli.
1885 3792 1986 3854 Qui
2012 3790 2189 3839 Sicilia
2216 3789 2414 3854 praefuit

1384 3873 1447 3919 A.
1466 3872 1530 3919 U.
1547 3870 1667 3932 675.
1693 3869 1838 3918 Unde
1864 3870 1988 3917 male
2009 3869 2140 3935 vulg.
2162 3869 2267 3914 «M.
2281 3869 2412 3915 Mar-

1385 3949 1496 3997 celli
1515 3948 1721 3998 -.Vcrba
1745 3949 1874 3996 enim
1889 3949 1972 3996 illa
1994 3946 2307 3996 «recentibus
2329 3946 2414 3994 be-

1384 4027 1609 4078 neflciis·-
1636 4029 1779 4093 plane
1818 4029 2061 4085 indicant,
2083 4043 2187 4074 non
2223 4025 2284 4073 de
2328 4026 2415 4073 illo

1381 4108 1460 4171 agi
1526 4107 1614 4172 qui
1667 4102 1932 4172 Syracusas
1984 4107 2114 4172 cepit
2134 4139 2148 4164 ‚
2210 4104 2298 4152 sed
2355 4105 2418 4150 de

1385 4187 1440 4235 C.
1458 4186 1717 4246 Marcello,
1740 4188 1822 4249 qui
1846 4195 2025 4250 praetor
2042 4193 2153 4248 post
2175 4182 2413 4244 Lepidum
