3044 4788
638 352 777 428 368
1273 352 1371 425 M.
1421 352 1499 423 T.
1554 304 2206 425 c1cERoN1s.

636 482 716 549 C.
747 478 1114 566 Aurelius,
1153 477 1488 548 consules
1510 485 1563 564 ²,
1600 476 1790 547 aedes
1834 499 2066 547 sacras
2109 474 2613 564 locavissent³,
2659 506 2798 552 ne·-

635 615 782 687 que
820 589 1225 686 potuissent
1276 587 1527 657 omnia
1576 601 1766 656 sarta
1812 599 2001 656 tecta
2045 586 2370 682 exigere,
2439 611 2697 682 neque
2744 590 2796 656 ii

633 714 1016 798 praetoreS,
1063 696 1329 796 quibus
1366 709 1520 766 erat
1558 695 1934 792 negotium
1978 692 2265 782 datum,
2314 699 2394 766 C.
2430 697 2796 767 Sacerdos

635 825 707 882 et
735 817 834 883 M.
870 811 1175 891 Caesius;
1212 805 1482 876 factum
1528 820 1637 876 est
1665 805 2415 894 senatusconsultum,
2459 805 2790 902 quibus⁴

636 920 727 992 de
764 921 971 991 sartis
1012 917 1218 989 tectis
1258 916 1629 1012 cognitum
1673 930 1746 986 et
1770 913 2174 1010 judicatum
2211 939 2364 987 non
2407 932 2631 1003 esset,
2675 921 2793 989 uti

636 1036 712 1103 C.
741 1035 1037 1114 Verres,
1083 1031 1159 1097 P.
1190 1025 1492 1110 Coelius,
1545 1039 1892 1122 praetores
1928 1041 2451 1122 cognoscerent
2491 1041 2562 1098 et
2589 1028 2797 1121 judi-

636 1152 902 1212 carent.
932 1138 1094 1225 Qua
1121 1132 1150 1177 ⁵
1181 1146 1537 1233 potestate
1575 1137 1708 1207 iste
1735 1138 2120 1233 permissa,
2160 1149 2244 1205 ut
2278 1160 2367 1207 ex
2391 1141 2472 1208 C.
2501 1141 2792 1210 Fannio

637 1266 709 1322 et
750 1273 841 1320 ex
880 1252 970 1340 Q.
1006 1247 1229 1318 Tadio
1272 1246 1745 1344 cognovistis3
1774 1260 2275 1317 verumtamen
2313 1271 2543 1343 quum
2593 1265 2795 1320 esset

638 1357 979 1431 omnibus
995 1359 1073 1429 in
1089 1355 1313 1428 rebus
1336 1356 1783 1454 apertissime
1806 1354 2587 1461 impudentissimeque
2606 1383 2796 1456 prae-

636 1469 845 1541 datus
866 1524 885 1557 ,
942 1468 1086 1539 hoc
1142 1467 1374 1537 voluit
1426 1465 1903 1537 clarissimum
1960 1465 2376 1563 relinquere
2427 1466 2789 1539 indicium

634 1578 1182 1650 latrociniorum
1214 1599 1552 1662 suorum;
1577 1573 1668 1645 de
1699 1599 1851 1671 quo
1887 1570 2038 1645 non
2075 1572 2327 1647 audire
2360 1576 2790 1675 aliquande,

634 1688 763 1761 sed
806 1686 1051 1759 videre
1089 1683 1417 1782 quotidie
1455 1708 1862 1781 possemus,
1911 1686 2292 1775 Quaesivit,
2340 1690 2506 1784 quis
2550 1687 2788 1759 aedem

632 1800 948 1872 Castoris
983 1810 1245 1866 sartam
1270 1807 1535 1865 tectam
1563 1791 1863 1864 deberet
1882 1792 2185 1865 tradere.
2208 1800 2246 1864 J
2252 1799 2510 1865 unium
2538 1798 2788 1894 ipsum

632 1923 1006 1981 mortuum
1036 1927 1188 1975 esse
1224 1901 1535 1973 sciebat:
1571 1904 1755 1974 scire
1785 1901 2110 1991 volebat,
2139 1903 2230 1975 ad
2255 1930 2478 2001 quem
2517 1907 2636 1977 illa
2663 1934 2790 1978 res

632 2019 1052 2115 pertineret.
1107 2009 1323 2082 Audit
1374 2012 1738 2108 pupillum
1796 2036 1951 2085 esse
2004 2012 2260 2084 filium.
2316 2022 2586 2105 Homo,
2648 2021 2788 2115 qui

633 2147 922 2221 semper
948 2124 1045 2191 ita
1074 2118 1309 2218 palam
1340 2120 1736 2192 dictitasset
1755 2175 1775 2208 ‚
1816 2122 2133 2220 pupillos
2162 2139 2236 2195 et
2276 2126 2590 2222 pupillas
2628 2151 2784 2199 cer-

632 2233 977 2304 tissimam
1003 2226 1318 2327 praedam
1344 2252 1497 2300 esse
1535 2230 2002 2327 praetoribuS,
2034 2248 2373 2330 optatum
2402 2225 2780 2333 negotium

635 2341 773 2414 sibi
797 2343 872 2413 in
890 2336 1177 2437 sinum⁶
1205 2338 1526 2412 delatum
1557 2365 1709 2415 esse
1736 2341 2041 2415 dicebat.
2067 2349 2632 2418 Monumentum
2661 2347 2784 2420 illa

635 2450 1147 2551 amplitudine,
1176 2451 1300 2523 illo
1336 2474 1593 2549 opere,
1624 2456 1954 2550 quamvis
1992 2453 2294 2544 sartum,
2330 2472 2600 2530 tectum
2621 2513 2642 2546 ,
2672 2462 2779 2530 in·

637 2580 1069 2663 tegi-umque
1117 2576 1335 2646 esset,
1394 2577 1635 2635 tamen
1689 2563 1963 2662 aliquid
2018 2591 2093 2638 se
2141 2568 2648 2653 inventurum,
2697 2572 2776 2641 in

635 2702 786 2773 quo
821 2675 1059 2746 moliri
1087 2671 1536 2771 praedarique
1569 2689 1853 2771 posset,
1894 2673 2415 2748 arbitrabatur.'
2436 2682 2518 2748 L.
2545 2676 2779 2748 Rabo-

633 2789 758 2858 nio
797 2785 1024 2856 aedem
1069 2786 1384 2855 Castoris
1422 2784 1612 2855 tradi
1667 2784 2099 2882 oportebat⁷
2136 2814 2151 2856 z
2205 2789 2265 2859 is
2304 2811 2473 2859 casu
2513 2788 2775 2887 pupilli

636 2978 693 3022 L.
715 2971 866 3030 Sulla,
892 2971 956 3031 Q.
976 2972 1097 3019 Met.
1118 2986 1243 3020 coss.
1258 2992 1281 3014 ι
1305 2972 1371 3020 ob
1398 2973 1525 3020 banc
1547 2988 1661 3020 cau·

635 3067 765 3110 sam,
790 3048 926 3114 quod
951 3049 1039 3096 inf.
1070 3066 1178 3113 cap.
1209 3051 1238 3097 5
1269 3051 1449 3100 dicitur
1480 3052 1512 3099 J
1516 3053 1660 3099 unius

635 3131 851 3183 Castoris
888 3128 1042 3177 aedem
1080 3129 1312 3177 tuendam
1349 3130 1607 3178 redemisse
1631 3148 1661 3178 a

635 3212 827 3261 Marcio
855 3221 905 3258 et
929 3211 1168 3273 Perperna
1195 3210 1504 3269 censoribus,
1542 3209 1592 3258 b.
1615 3226 1660 3257 e.

634 3296 699 3342 A.
723 3295 788 3341 U.
804 3291 925 3350 667.
939 3288 1089 3351 Quod
1104 3288 1382 3335 sublevabis
1395 3321 1411 3346 ‚
1430 3289 1471 3334 si
1488 3288 1662 3336 habuit

634 3372 811 3419 eodem
833 3385 979 3417 sensu
1013 3383 1113 3431 quo
1144 3366 1362 3415 habebat
1392 3367 1658 3431 intelligas,

636 3451 701 3496 ita
729 3461 783 3496 ut
811 3449 888 3496 bis
910 3447 1225 3507 consulibus,
1253 3447 1348 3496 boc
1378 3462 1555 3494 munus
1577 3447 1659 3495 ad-

635 3529 732 3576 huc
754 3526 915 3574 obiret
940 3526 972 3573 J
974 3526 1136 3573 unius.

708 3622 758 3654 α.
782 3603 1023 3652 Consules.
1048 3608 1197 3653 Anno
1223 3604 1346 3664 678.

710 3685 758 3734 3.
803 3682 1124 3731 Locavatssmt.
1163 3681 1390 3731 Tnendss
1431 3681 1660 3732 nimirum

637 3778 690 3814 et
706 3759 1005 3812 reficiendas.
1024 3762 1258 3808 Censores
1283 3761 1429 3818 enim,
1450 3776 1661 3825 quornm

636 3856 740 3893 erat
760 3843 923 3890 locare
949 3839 1368 3903 redemptoribus,
1391 3840 1515 3888 nulli
1542 3851 1659 3890 tnnc

636 3934 803 3983 erant,
831 3919 893 3968 ab
923 3934 1053 3966 anno
1078 3919 1200 3984 667.

711 4010 758 4058 4.
797 3999 995 4063 Quibus.
1029 3995 1169 4046 Ordo
1200 4006 1299 4044 est:
1330 4008 1383 4045 nt
1424 4009 1659 4063 pretores

634 4086 810 4140 ,Verres
861 4089 911 4127 et
970 4079 1025 4126 P.
1062 4075 1245 4128 Coelins
1309 4091 1658 4142 cognoscerent

1747 2973 1882 3038 (gall.
1913 2973 2086 3022 visitet
2116 2991 2216 3038 par
2254 2974 2473 3040 experts)
2508 2987 2561 3023 et
2591 2976 2778 3038 judica-

1748 3062 1856 3099 rent
1879 3052 1941 3100 de
1966 3054 2107 3100 sartis
2134 3053 2299 3112 tectis,
2315 3053 2377 3102 de
2397 3053 2579 3118 quibus
2607 3056 2776 3119 cog-ui-

1749 3142 1854 3179 tum
1874 3148 1978 3181 uon
1996 3143 2138 3181 esset.

1820 3210 1871 3261 5.
1908 3214 2095 3260 Ernest.
2129 3212 2278 3260 verbs
2306 3212 2376 3260 sic
2414 3215 2774 3278 transponenda

1749 3307 1852 3339 esse
1878 3302 2046 3356 putat,
2079 3294 2225 3355 «Qua
2255 3300 2498 3356 potestate
2537 3294 2626 3341 iste
2665 3311 2774 3358 per-

1745 3371 1917 3429 missa,
1944 3382 2262 3433 qnumesset.
2280 3371 2607 3434 ..μ-πάππε,
2626 3384 2705 3419 nt.
2721 3410 2733 3420 .
2751 3410 2764 3420 .

1746 3449 2049 3513 cognovistis
2065 3484 2080 3507 ‚
2119 3462 2452 3499 verumtamen
2473 3450 2572 3498 hoc
2593 3451 2774 3510 voluit,

1746 3538 1840 3575 etc.
1855 3549 1877 3569 n
1893 3528 1942 3575 J.
1954 3529 2019 3574 V.
2039 3531 2098 3576 L.

1817 3606 1867 3654 6.
1900 3608 1962 3653 In
1997 3606 2171 3654 sinum.
2208 3608 2267 3654 In
2297 3622 2595 3656 crumenam.
2632 3606 2773 3655 Sinas

1744 3684 1879 3749 apud
1906 3696 2094 3736 veteres
2116 3697 2219 3734 erat
2240 3701 2414 3733 cavum
2429 3719 2442 3743 ,
2476 3687 2606 3735 inter
2631 3702 2774 3749 rugas

1748 3776 1878 3829 togae
1921 3765 1974 3813 in
2012 3767 2215 3815 alterum
2251 3765 2507 3814 humerum
2550 3768 2771 3828 rejectas,

1747 3845 1835 3909 qui
1879 3862 2118 3895 crumena!
2163 3844 2320 3892 vicem
2376 3844 2604 3893 habebat.
2644 3845 2771 3893 Vide

1657 3927 1666 3940 ’
1747 3925 1945 3974 Petron.
1967 3941 2049 3989 90·
2074 3924 2228 3972 Tacit.
2256 3926 2391 3975 Anu.
2401 3927 2472 3972 v1
2488 3959 2504 3984 ‚
2531 3935 2613 3981 40.
2641 3924 2769 3971 Flor.

1749 4005 1797 4050 11
1859 4005 1907 4053 6.

1814 4039 1868 4146 '7-
1882 4083 2163 4147 Oporeebae.
2179 4080 2451 4149 Rabonius,
2469 4085 2500 4133 J
2505 4083 2624 4133 unio
2643 4098 2770 4130 mot-
