3044 4788
609 438 713 506 IN
769 436 1195 505 VERREM
1246 435 1461 502 ACT.
1519 434 1627 517 II,
1675 433 1855 501 LIB.
1912 436 2004 501 Il.
2234 434 2374 533 495

257 561 343 632 ad
386 583 530 631 rem
569 559 643 628 id
687 584 836 629 non
885 552 1293 655 pertinere?
1348 556 1606 650 Neque
1651 569 1730 625 tu
1778 553 1918 625 hoc
1960 553 2200 627 dicere
2247 584 2380 629 au-

256 668 449 741 debis
476 694 495 755 3
524 692 820 765 neque,
866 668 923 737 si
963 666 1251 763 cupias,
1303 663 1570 735 licebit.
1621 664 1955 762 Eripiunt
2003 667 2195 737 enim
2243 669 2376 740 tibi

256 785 451 851 istam
498 779 903 849 orationem
937 772 1684 848 contemnendorum⁵
1720 776 2127 847 Siculorum
2166 794 2384 877 atque

256 905 648 977 aratorum,
681 903 930 960 statuae
968 886 1103 957 illae
1142 900 1543 982 equestreS,
1575 910 1754 983 quas
1788 902 1866 957 tu
1902 888 2147 985 paullo
2178 906 2347 963 ante
2370 946 2390 979 ,

253 1025 465 1098 quam
504 998 594 1069 ad
628 998 887 1071 urbem
927 1001 1247 1082 venireS,
1289 1001 1463 1094 poni
1493 999 1927 1094 inscribique
1959 999 2268 1094 jussisti,
2306 1017 2389 1073 ut

250 1115 578 1181 omnium
632 1110 1090 1179 inimicorum
1144 1103 1482 1176 animos⁶
1539 1121 2185 1206 accusatorumque
2236 1125 2381 1182 tar·

250 1220 677 1310 dares.Quis
705 1222 897 1288 enim
931 1216 1424 1287 tibimolestus
1453 1231 1663 1304 esset,
1693 1232 1818 1287 aut
1843 1222 2005 1315 quis
2024 1221 2387 1319 appellare

250 1330 584 1415 auderet,
621 1352 850 1425 quum
890 1325 1166 1397 videret
1205 1341 1471 1397 statuas
1512 1324 1605 1396 ab
1642 1330 2268 1424 negotiatoribus,
2295 1332 2387 1403 ab

250 1437 654 1512 aratoribus
677 1493 696 1521 ,
724 1463 763 1508 a
799 1439 1171 1508 communi
1208 1437 1495 1508 Siciliae?
1529 1436 1744 1527 Quod
1775 1452 1880 1508 est
1920 1439 2115 1511 aliud
2152 1443 2226 1512 in
2264 1443 2387 1514 illa

248 1553 622 1651 provincia
667 1573 896 1645 genus
942 1548 1347 1618 humanum
1373 1547 1450 1617 ⁷?
1492 1546 1799 1617 nullum.
1854 1551 2042 1646 ffigo
2093 1550 2184 1621 ab
2223 1556 2389 1623 uni-

245 1685 457 1731 versa
491 1660 884 1757 provincia,
906 1659 1448 1754 generatimque
1477 1682 1516 1727 a
1547 1658 1843 1754 singulis
1874 1659 2032 1753 ejus
2063 1661 2391 1759 partibus

245 1795 401 1841 non
470 1768 704 1839 solum
757 1767 1116 1864 diligitur,
1169 1765 1294 1837 sed
1343 1768 1559 1837 etiam
1600 1782 1947 1839 ornatur:
1983 1771 2145 1865 quis
2197 1771 2396 1844 hunc

244 1884 602 1975 attingere
630 1876 932 1949 audeat?
972 1884 1184 1950 Potes
1213 1880 1432 1974 igitur
1459 1876 1697 1948 dicere
1714 1932 1732 1964 ,
1768 1879 1949 1948 nihil
1978 1861 2111 1951 tibi
2139 1881 2392 1957 obesse

247 2003 591 2087 oportere
621 2003 1021 2075 aratorum,
1055 1988 1624 2084 negotiatorum,
1655 1988 2210 2088 Siculorumque
2246 2019 2397 2065 om·

246 2105 459 2171 nium
499 2101 948 2185 testimonia,
992 2122 1223 2195 quum
1262 2123 1517 2168 eorum
1551 2097 1972 2170 nominibus
2007 2102 2085 2171 in
2129 2118 2394 2176 statua·

245 2225 412 2282 rur‘n
462 2211 930 2307 inscriptione
964 2211 1220 2306 positis
1259 2230 1552 2278 omnem
1591 2223 1670 2315 te·
1703 2213 2008 2306 speraris
2051 2213 2393 2286 invidiam

246 2337 472 2419 atque
504 2319 873 2391 infamiam
905 2333 1104 2390 tuam
1130 2343 1341 2418 posse
1364 2321 1868 2417 exstinguere?
1899 2324 2043 2410 An,
2076 2350 2396 2422 quorum

247 2424 723 2522 auctoritate⁸
775 2446 856 2501 tu
903 2445 1171 2502 statuas
1209 2429 1682 2501 cohonestare
1731 2444 1890 2500 tuas
1937 2448 2237 2506 conatus
2282 2462 2396 2525 eS‚

246 2565 513 2615 eorum
541 2564 675 2635 ego
713 2539 1058 2636 dignitate
1087 2544 1618 2612 accusationem
1644 2564 1880 2610 meam
1919 2545 2395 2640 comprobare

250 2675 409 2722 non
446 2648 756 2746 potero?
1746 2738 1756 2747 ,

353 2760 502 2830 Nisi
539 2756 761 2845 forte,
814 2756 1014 2854 quod
1065 2758 1261 2856 apud
1305 2756 1733 2857 publicanos
1770 2760 2126 2856 gratiosus
2163 2762 2394 2855 fuisti,

214 2876 329 2946 ‘in
360 2882 393 2929 9
436 2897 519 2944 ea
558 2896 638 2943 re
685 2893 847 2967 spes
892 2884 962 2940 te
1018 2869 1257 2967 aliqua
1306 2870 1747 2941 consolatur.
1805 2872 1986 2960 Quae
2034 2876 2256 2970 gratia
2298 2902 2394 2948 ne

246 2983 436 3082 quid
467 2980 601 3053 tibi
634 2979 974 3080 prodesse
1008 2995 1279 3078 posset,
1308 3006 1442 3078 ego
1484 3003 1642 3051 mea
1674 2979 2046 3075 diligentia
2081 2985 2394 3082 perfeci:

328 3216 379 3262 5.
418 3212 888 3262 Contemnendorum
911 3245 923 3258 .
942 3247 954 3260 .
970 3248 981 3259 .
1007 3222 1280 3258 aratorum.
1448 3212 1498 3259 8.
1524 3209 1739 3275 Conjicit
1755 3211 1946 3259 Ernest.
1970 3212 2206 3262 voeabula
2230 3230 2398 3267 aucto-

248 3293 544 3358 Suspicatus
583 3302 657 3339 est
690 3293 885 3340 Gruter.
926 3306 1146 3354 pannum
1182 3306 1285 3337 esse
1372 3289 1521 3337 ritate
1565 3299 1614 3336 et
1648 3289 1888 3353 dignitate
1917 3303 2188 3353 permutata
2205 3331 2220 3354 ‚
2245 3314 2397 3361 quum

246 3371 411 3420 Tullii
434 3387 663 3435 purpura
686 3381 917 3418 assutum.
952 3370 1044 3418 Cui
1071 3368 1284 3416 adsenti-
1373 3368 1445 3415 illi
1460 3368 1613 3432 magis
1631 3368 1890 3415 conveniat
1911 3372 2252 3433 comprobare,
2281 3377 2397 3428 huic

249 3465 343 3501 tur
384 3450 604 3510 Desjard.
644 3462 694 3498 et
729 3448 924 3499 schiitz.
954 3450 1040 3513 qui
1075 3460 1285 3512 quatuor
1372 3445 1705 3496 cohonestare.
1749 3453 1956 3497 Frustra.
1999 3455 2281 3504 Auctoritas
2333 3461 2399 3509 ad

245 3533 365 3578 haec
389 3529 533 3577 verba
561 3528 705 3577 delet.
739 3528 973 3577 Defendit
1006 3540 1136 3576 recte
1160 3530 1279 3576 Ern.
1374 3542 1458 3574 eos
1514 3527 1599 3590 qui
1658 3526 1951 3575 decernendi
1991 3532 2133 3578 Verri
2192 3534 2399 3589 honori,

248 3610 349 3673 qui
384 3624 534 3672 genus
574 3607 671 3654 hoc
713 3609 1005 3671 exquisitum
1050 3607 1283 3671 loquendi
1375 3607 1565 3653 fuerant
1602 3617 1847 3664 auetooes3
1886 3608 2106 3674 dignitas
2143 3614 2206 3662 nd
2252 3627 2397 3669 teste,

248 3688 534 3736 orationem
567 3688 1055 3745 contemnendorum,
1098 3687 1149 3736 id
1190 3698 1284 3745 est,
1374 3686 1595 3733 refertur.
1625 3688 1803 3733 Sensus
1823 3697 1928 3736 est:
1970 3690 2083 3737 Non
2110 3708 2202 3757 ego
2234 3695 2396 3762 digni,

251 3768 401 3832 quasi
441 3766 786 3814 contemnendi
838 3767 962 3826 sint,
1006 3775 1101 3814 etc.
1143 3776 1288 3828 negat
1375 3781 1431 3813 ec
1449 3765 1776 3829 locupletibus
1798 3766 1858 3813 iis
1884 3768 2087 3816 testibus
2109 3773 2185 3820 uti
2204 3787 2398 3841 potero,

249 3846 501 3908 ejusmodi
546 3861 647 3893 esse
683 3856 736 3892 ut
779 3861 873 3908 pro
916 3844 1075 3908 glossa
1119 3844 1287 3892 haberi
1375 3860 1585 3908 quorum
1611 3847 1829 3904 nomine,
1855 3848 2076 3910 pondere
2109 3861 2160 3898 et
2184 3859 2401 3906 auctori..

249 3928 432 3993 pouit,
1374 3933 1472 3970 tate
1502 3940 1620 3971 usus
1654 3940 1736 3980 es,
1770 3934 1824 3971 ut
1859 3928 2028 4002 statuis
2066 3929 2162 3977 tuis
2195 3933 2398 3998 aliquod

335 4008 384 4054 6.
421 4005 643 4053 Animos.
671 4003 800 4061 Alii,
836 4001 1037 4051 amicos.
1071 4004 1121 4052 J.
1142 4004 1203 4049 V.
1231 4005 1282 4050 L.
1376 4003 1524 4051 decus
1548 4003 1784 4051 adderes?

339 4104 385 4148 7.
414 4085 592 4133 Melius
619 4085 745 4131 sorte
771 4081 1059 4138 Lambinus,
1082 4083 1283 4130 «homi·
1447 4098 1495 4146 9.
1525 4085 1627 4132 Cur
1652 4082 1700 4128 in
1729 4099 1789 4130 ea
1817 4089 1911 4130 re?
1945 4085 2046 4132 imo
2073 4101 2132 4134 ea
2157 4105 2241 4146 re,
2273 4109 2393 4157 pro.

253 4183 381 4214 num
403 4188 444 4213 n.
471 4167 519 4214 J.
537 4166 602 4212 V.
632 4167 684 4212 1..
712 4191 777 4200 --
798 4163 1001 4226 Recepit
1030 4160 1229 4211 Schiitz.
1375 4172 1555 4225 pterea.
1582 4163 1770 4210 Ernest.
