3044 4788
658 392 794 468 332
1309 398 1406 464 M.
1450 343 1528 462 T:
1573 395 2129 464 CICERONIS

654 532 898 613 posset
934 514 1214 604 dicere,
1256 540 1332 587 se
1387 530 1621 587 tacere
1675 541 1827 586 non
1868 539 2114 614 posse;
2145 528 2263 604 ut,
2310 514 2666 613 quamdiu
2724 521 2806 587 in

658 627 910 697 ceteris
954 624 1175 696 rebus
1218 626 1521 695 tacuerit
1549 679 1568 712 ,
1610 626 1788 695 scire
1833 649 2086 696 omnes
2132 649 2501 722 possemus
2530 681 2552 714 ,
2601 626 2804 696 nihil

659 732 989 805 habuisse
1012 788 1031 821 ,
1066 732 1269 830 quod
1296 732 1613 828 diceret).
1637 740 1790 805 Hoc
1815 749 1968 804 tum
1997 733 2177 805 dixit
2196 790 2215 823 ,
2242 735 2803 823 Philodamum,

656 859 729 914 et
769 845 925 939 ejus
957 842 1229 931 filium,
1273 867 1314 913 a
1349 848 1428 914 C.
1469 846 1760 915 Nerone
1792 869 1950 916 esse
1983 842 2358 916 damnatos
2382 842 2433 915 ⁵.
2481 849 2595 916 De
2631 873 2800 943 quo

654 979 748 1024 ne
789 954 1015 1023 multa
1058 952 1438 1040 disseram,
1494 968 1778 1024 tantum
1824 953 1987 1024 dico
2013 1008 2032 1041 ‚
2076 970 2467 1050 sequutum
2505 955 2584 1024 id
2628 981 2800 1027 esse

653 1067 1054 1150 Neronem,
1099 1077 1171 1133 et
1208 1063 1359 1157 ejus
1395 1064 1814 1151 consilium,
1868 1064 2067 1163 quod
2103 1064 2521 1136 Cornelium
2568 1065 2794 1136 licto-

650 1196 809 1243 rem
853 1173 1169 1243 occisum
1214 1197 1368 1244 esse
1416 1189 1778 1245 constaret
1815 1202 1832 1243 ε
1885 1188 2171 1272 putasse
2234 1200 2385 1245 non
2440 1191 2794 1273 oportere

655 1307 809 1354 esse
844 1286 1218 1379 cuiquam,
1268 1309 1360 1354 ne
1396 1286 1471 1353 in
1514 1284 1924 1355 ulciscenda
1966 1282 2266 1381 quidem
2309 1286 2612 1380 injuria,
2654 1284 2796 1355 ho-

654 1393 867 1464 minis
910 1392 1283 1466 occidendi
1332 1408 1781 1491 potestatem.
1839 1398 1924 1465 In
1967 1418 2117 1490 quo
2168 1394 2420 1481 vide0‚
2476 1398 2794 1466 Neronis

649 1503 923 1596 judicio
966 1530 1112 1576 non
1152 1521 1223 1576 te
1260 1503 1676 1576 absolutum
1713 1529 1867 1575 esse
1902 1504 2416 1600 improbitatis,
2452 1503 2581 1575 sed
2628 1504 2795 1575 illos

654 1613 1029 1686 damnatos
1059 1640 1211 1687 6556
1240 1614 1472 1686 caedis.
1512 1619 1785 1685 Verum
1823 1616 1958 1685 ista
1989 1614 2356 1687 damnatio
2385 1629 2633 1685 tamen
2659 1640 2794 1685 cu-

648 1724 968 1818 jusmodi
1019 1723 1200 1795 fuit?
1234 1723 1532 1811 Audite,
1574 1749 1855 1821 quaeso,
1897 1725 2211 1818 judice5‚
2264 1737 2336 1793 et
2392 1722 2796 1819 aliquando

653 1837 1092 1909 miseremini
1132 1834 1490 1905 sociorum
1513 1888 1533 1919 ‚
1567 1849 1641 1905 et
1659 1835 2057 1921 ostendite,
2093 1833 2366 1930 aliquid
2400 1831 2513 1921 his
2548 1833 2628 1901 in
2669 1857 2794 1902 ve·

656 1961 802 2019 stra
841 1945 985 2017 fide
1030 1943 1338 2042 praesidii
1380 1968 1530 2015 esse
1569 1961 1932 2041 oportere.

753 2060 1012 2126 XXIX.
1051 2054 1269 2144 Quod
1302 2055 1436 2124 toti
1467 2056 1643 2125 Asiae
1668 2054 1836 2148 jure
1869 2055 2149 2125 occisus
2172 2052 2550 2125 videbatur
2581 2054 2793 2122 istius

657 2163 814 2250 ille,
858 2160 1083 2233 verbo
1126 2162 1359 2248 lictor,
1397 2189 1478 2234 re
1514 2190 1683 2236 vera
1719 2165 2043 2235 minister
2077 2162 2626 2259 improbissimae
2669 2187 2792 2233 cu-

657 2271 974 2370 piditatis
1000 2283 1061 2360 ¹3
1099 2274 1470 2369 pertimuit
1513 2274 1677 2361 iste,
1710 2298 1801 2344 ne
1832 2272 2293 2343 Philodamus
2320 2272 2632 2342 Neronis
2667 2272 2790 2366 ju-

662 2381 851 2454 dicio
901 2380 1366 2456 liberaretur²
1404 2413 1420 2455 ε
1456 2400 1663 2481 rogat
1701 2399 1772 2456 et
1807 2399 1966 2454 orat
2015 2382 2499 2468 Dolabellam,
2556 2397 2645 2452 ut
2700 2379 2792 2452 de

663 2516 793 2564 sua
818 2495 1188 2591 provincia
1226 2490 1610 2581 decedat33
1652 2494 1743 2565 ad
1760 2497 2122 2565 Neronem
2148 2492 2687 2591 proficiscatur:
2714 2516 2792 2562 se

663 2602 1109 2675 demonstrat
1139 2603 1580 2675 incolumem
1618 2628 1769 2674 esse
1799 2628 1947 2673 non
1975 2627 2184 2700 posse
2208 2658 2226 2681 .
2266 2604 2323 2672 si
2366 2601 2793 2672 Philodamo

660 2716 898 2785 vivere
919 2768 938 2799 ‚
965 2729 1184 2811 atque
1211 2713 1601 2810 aliquando
1617 2720 1918 2784 Romam
1939 2714 2186 2785 venire
2207 2713 2544 2783 licuisset.
2576 2716 2794 2782 Com-

658 2839 896 2893 motus
922 2838 1028 2894 est
1059 2823 1428 2895 Dolabella
1457 2851 1472 2893 :
1514 2822 1685 2895 fecit
1713 2823 1819 2900 id.
1841 2823 2042 2920 quod
2066 2823 2273 2893 multi
2296 2820 2790 2919 reprehende·

662 2945 837 3001 runt
860 2985 879 3016 ‚
904 2947 986 3001 ut
1009 2936 1402 3005 exercitum
1422 2988 1440 3022 ,
1464 2934 1904 3030 provinciam
1925 2987 1944 3020 ,
1971 2931 2293 3002 bellum4
2320 2930 2791 3026 relinqueret,

662 3057 736 3113 et
784 3043 861 3112 in
914 3044 1192 3133 Asiam,
1250 3045 1566 3116 hominis
1613 3043 2034 3139 nequissimi
2073 3065 2317 3127 causa,
2366 3042 2441 3108 in
2484 3039 2789 3109 alienam

658 3155 1105 3251 provinciam
1125 3210 1142 3239 ‚
1178 3155 1771 3253 proficisceretur.
1805 3159 2277 3248 Posteaquam
2306 3150 2392 3220 ad
2423 3153 2790 3221 Neronem

658 3266 890 3353 venit3
926 3263 1299 3337 contendit
1341 3262 1433 3332 ab
1473 3287 1601 3351 eo,
1635 3280 1720 3333 ut
1765 3263 2162 3334 Philodami
2195 3285 2478 3331 causam
2517 3284 2789 3357 cogno-

665 3486 914 3533 manifente
959 3485 1309 3534 demonstravit
1333 3519 1348 3543 ‚
1391 3501 1441 3532 se
1459 3519 1476 3546 ‚
1531 3500 1684 3548 quum
1843 3502 1895 3534 a.
1936 3484 2256 3533 Liber-aretur.
2305 3483 2456 3546 Quod
2497 3484 2604 3530 haec
2648 3483 2790 3530 cedis

666 3563 826 3611 dicere
881 3565 1068 3628 aliquid
1114 3575 1278 3629 posset
1301 3599 1316 3622 ,
1364 3578 1467 3612 non
1527 3575 1683 3613 tacere
1769 3563 2015 3612 absolutio
2033 3598 2048 3622 ,
2100 3579 2291 3611 causam
2344 3577 2434 3609 cur
2490 3572 2616 3609 esset
2668 3562 2788 3608 facta

667 3658 838 3707 possm
868 3644 935 3690 ita
963 3653 1044 3701 ut,
1071 3656 1166 3692 etc.
1770 3642 2090 3706 comprobare
2120 3642 2386 3690 videretur.

738 3720 916 3768 &Esse
933 3721 1209 3771 damnatos.
1240 3724 1430 3784 Exquo
1449 3726 1683 3786 sequitur,
1840 3723 1889 3769 3.
1927 3721 2161 3771 Dee-edat.
2199 3721 2353 3784 Quod
2382 3720 2569 3780 injussu
2602 3731 2790 3768 senatus

664 3799 851 3862 inquit,
878 3814 962 3846 eos
985 3810 1217 3848 nocentes
1241 3801 1410 3858 fuisse;
1426 3811 1474 3848 et
1491 3802 1681 3851 etiamsi
1769 3816 1870 3848 non
1888 3800 2087 3850 licebat.
2106 3802 2211 3848 Liv.
2230 3801 2474 3858 XXXIX,
2500 3815 2582 3861 ¹9·

666 3878 857 3926 innoxii
899 3888 1088 3936 essent,
1140 3880 1349 3927 Neronis
1392 3881 1515 3929 illud
1561 3892 1683 3930 esset
1842 3889 1892 3935 4.
1921 3866 2132 3929 bellum.
2174 3882 2395 3926 Fortasse
2442 3894 2553 3925 cum
2593 3877 2678 3935 iis,
2707 3880 2788 3940 qni

664 3959 846 4006 crimen
864 3993 877 4015 ,
899 3972 1001 4005 non
1021 3967 1179 4004 autem
1190 3959 1370 4006 Verris.
1773 3962 2016 4008 Amanum
2048 3971 2264 4006 montem
2296 3957 2526 4005 tenebant
2539 3992 2553 4016 ,
2573 3973 2699 4019 quos
2718 3958 2791 4004 ci·

737 4039 930 4086 xxm.
958 4054 1003 4085 ι.
1033 4037 1111 4086 Sic
1139 4037 1357 4101 plerique
1383 4038 1531 4087 codd.
1556 4038 1688 4087 exhi·
1775 4055 1888 4087 cero
1906 4040 2090 4088 Ciliciae
2113 4039 2373 4102 proconsul
2403 4049 2573 4100 postea
2598 4036 2790 4085 devicit.

666 4117 813 4177 bent3
837 4118 945 4167 alii:
976 4140 1001 4160 α
1019 4118 1283 4183 voluptatis
1300 4141 1341 4168 a.
1365 4122 1416 4169 J.
1433 4123 1495 4166 V.
1529 4121 1580 4167 1..
1776 4117 1893 4167 vid.
1917 4120 2067 4182 Epist.
2088 4120 2200 4175 XV,
2233 4126 2278 4173 4.
