3044 4788
662 442 799 511 518
1450 442 1982 511 Exccsssts

648 563 827 651 apud
862 563 1457 644 §anui-⁴111,
1492 564 1556 643 3,
1599 587 1656 644 ι,
1697 563 1994 641 61525,
2035 562 2308 643 &Quin
2357 563 2769 625 ermen-oin

652 670 833 734 libris
888 667 971 733 de
1013 667 1204 733 Offic.
1250 668 1604 756 quemdam
1657 686 2012 748 memma,
2057 668 2174 755 qui
2221 691 2442 755 quum
2495 669 2560 729 in
2601 668 2775 729 Sulla

649 774 969 839 diam-a
1016 775 1227 839 scriba
1270 776 1532 855 fuisset,
1585 790 1776 862 post,
1825 776 1896 837 in
1941 774 2244 854 Castris,
2295 792 2546 862 pram
2595 772 2776 837 urbe·

650 903 777 945 nus
806 880 953 946 fuit.

740 983 2532 1075 Ergoscrilnrumordoexsebonestnsssomoefuit,
2577 984 2774 1047 etbe-

652 1090 2774 1178 norificuszatquiapleuiquelibertiuietservilommillum

650 1199 923 1286 pecunia
953 1197 1610 1275 emebant,utnotat
1641 1200 2168 1263 CiceroVerrina
2199 1199 2436 1278 tertia,
2475 1195 2777 1285 quodper

652 1325 724 1368 se
768 1325 1010 1368 munus
1058 1302 1501 1371 honorificum
1551 1306 1714 1385 fnit,
1771 1302 2773 1393 persordesdedeooratumest.

652 1410 881 1495 Itaque
905 1407 1290 1474 Cicerodno
1322 1412 1682 1476 scribarum
1712 1403 2774 1499 generedisertedistinguitfibid.

650 1536 791 1600 oep.
830 1536 953 1599 79:
988 1536 1199 1578 unum
1234 1536 1505 1595 eorum,
1538 1516 1655 1602 qui
1679 1516 1792 1578 illo
1817 1514 2052 1578 ordine
2083 1513 2265 1603 digni
2289 1531 2492 1595 sunt,
2519 1529 2776 1601 pann-

648 1617 948 1698 familias,
990 1618 1281 1682 virorum
1318 1619 1696 1699 bonorum,
1753 1635 1952 1706 atque
1986 1620 2465 1684 honestorum:
2526 1618 2778 1681 alterum

650 1745 881 1788 eorum
918 1726 1035 1811 qui
1072 1725 1433 1789 nummulis
1474 1726 1830 1813 corrogatis
1874 1723 1957 1788 de
1988 1741 2306 1813 nepotum
2335 1723 2571 1805 donis,
2609 1745 2680 1785 ac
2710 1717 2778 1781 de

651 1831 1058 1895 scenicorum
1098 1831 1453 1894 corollariis
1484 1829 1818 1896 decuriam
1854 1832 2178 1895 emebant.

738 1938 911 2000 Suos
937 1937 1215 2023 quisque
1244 1937 1658 2026 magistratus
1691 1953 1832 2000 tum
1871 1937 1942 2002 in
1977 1938 2194 2017 Urbe,
2241 1953 2386 1999 tum
2421 1938 2494 2000 in
2535 1930 2776 2021 provin·

654 2040 771 2107 ciis
823 2041 1054 2105 habuit
1102 2041 1362 2105 scribas.
1402 2043 1486 2107 ni
1534 2042 1979 2107 sortiebantur
2023 2043 2195 2106 inter
2247 2064 2318 2106 se
2367 2040 2458 2105 ad
2505 2038 2774 2104 mnium

658 2148 1134 2235 procurationis
1185 2170 1319 2215 suae
1384 2164 1635 2236 partes,
1691 2173 1852 2237 quas
1908 2150 2305 2214 sustinerent
2353 2149 2444 2213 ad
2505 2163 2772 2232 tempu-'02

655 2275 893 2340 nempe
925 2253 1041 2338 qui
1073 2252 1285 2317 scriba
1314 2268 1485 2317 esset
1510 2255 1844 2335 consulis;
1889 2255 2046 2341 qui,
2095 2254 2346 2319 tribuni
2387 2245 2631 2341 plebis‘,
2671 2263 2771 2313 etc·

657 2358 791 2424 Cic.
825 2357 1011 2422 catil.
1048 2355 1165 2440 IV,
1203 2379 1341 2447 «ηρ.
1381 2381 1445 2446 7.

741 2463 877 2547 Qui
913 2464 1390 2554 magistratibus
1421 2464 1490 2528 in
1531 2464 1710 2529 Urbe
1740 2464 2138 2552 apparebant
2173 2465 2434 2540 scribe,
2482 2486 2598 2529 eos
2627 2462 2772 2546 lege

658 2569 1150 2658 quodammodo
1199 2569 1268 2636 iu
1325 2569 1628 2634 manibus
1679 2570 2014 2652 habuisse,
2061 2587 2129 2636 et
2168 2571 2651 2660 magistratibus
2689 2564 2776 2644 jus

659 2677 1053 2765 suggessisse
1105 2674 1394 2741 ostendit
1445 2677 1718 2756 Cicero,
1763 2674 1846 2739 de
1890 2677 2084 2764 Legg.
2138 2676 2249 2741 lib.
2304 2677 2444 2758 111,
2497 2698 2637 2762 oep.
2692 2667 2774 2732 18·

665 2783 868 2865 Quod
923 2785 1141 2871 ipsum
1201 2783 1396 2850 etiam
1472 2798 1748 2847 testatur
1802 2781 2132 2848 Plutarch.
2165 2784 2235 2858 in
2294 2787 2432 2849 Cat.
2486 2783 2646 2848 min.
2694 2774 2780 2839 his

661 2888 874 2953 verbis
903 2910 919 2951 ε
956 2918 983 2944 ι
1006 2890 1190 2967 Catu,
1224 2873 1432 2975 quum
1469 2905 1864 2977 quaesturam
1900 2888 2156 2972 inisset,
2189 2890 2524 2956 ministros
2556 2904 2622 2952 et
2642 2881 2776 2949 scri·

662 2993 775 3057 bas
824 2994 1147 3075 coercuit,
1204 2995 1317 3081 qui
1369 2995 1661 3083 publicas
1717 2995 1998 3077 tabulas,
2051 2997 2357 3085 legesque
2414 3006 2776 3062 tractante&

660 3121 867 3187 quum
897 3098 1338 3168 adolescentes
1366 3101 1541 3168 nacti
1564 3117 1800 3183 essent,
1829 3102 2068 3189 quibus
2096 3103 2573 3191 magistratibus
2596 3116 2775 3186 appa·

659 3221 910 3286 retent,
946 3206 1128 3294 quod
1171 3207 1211 3269 ii
1255 3223 1527 3296 propter
1561 3207 1968 3274 inscientiam
2003 3210 2322 3299 magistris
2352 3223 2653 3297 egerent,
2682 3221 2778 3290 po·

663 3325 889 3380 testate
914 3336 1049 3378 non
1083 3311 1432 3394 cedebant,
1463 3310 1577 3378 sed
1609 3313 1733 3401 ipsi
1756 3330 1940 3380 erant
1966 3314 2374 3404 magistratus
2401 3346 2449 3379 n.

752 3421 1114 3501 Accensus,
1143 3418 1324 3506 quod
1355 3417 1481 3482 fuit
1507 3418 1783 3483 alterum
1817 3420 2283 3485 ministrorum·
2302 3443 2510 3510 genus
2531 3470 2550 3503 ,
2585 3417 2663 3482 ab
2684 3433 2772 3477 ao·

661 3522 894 3591 ciendo
923 3524 1156 3608 dictus,
1185 3540 1322 3590 erat
1353 3523 1835 3612 magistratibus
1865 3541 2099 3615 praeter
2126 3526 2388 3592 lictores
2417 3526 2772 3594 attributus,

662 3630 776 3718 qui
808 3644 874 3695 et
904 3631 1137 3694 acciret
1169 3629 1252 3694 ad
1288 3646 1630 3716 praetorem
1651 3678 1669 3709 ,
1705 3632 1826 3718 qui
1851 3632 1958 3712 jus
1995 3654 2148 3697 eum
2180 3649 2552 3720 poscerent,
2580 3648 2643 3698 et
2676 3620 2771 3713 qui

668 3733 951 3800 molestis
988 3732 1614 3820 interpellatoribus,
1670 3750 1734 3798 et
1787 3735 2033 3802 diutius
2080 3760 2275 3825 quam
2321 3752 2651 3825 oporteret
2697 3729 2774 3793 lo-

662 3838 1048 3928 quentibus,
1083 3838 1410 3904 silentium
1443 3837 1830 3926 imponeret.
1872 3842 2145 3907 Libertis
2171 3843 2305 3907 suis
2341 3842 2471 3906 hoc
2506 3835 2768 3906 muneris

670 3947 865 4033 vulgo
900 3942 1305 4032 magistratus
1343 3942 1603 4008 dabant.
1629 3947 1844 4036 Testis,
1873 3947 2098 4013 Cicero
2130 3948 2210 4012 ad
2249 3950 2332 4031 Q.
2360 3950 2559 4014 Fratr.
2593 3948 2769 4034 Epist·

674 4056 737 4134 1,
786 4076 841 4132 1,
880 4074 975 4115 ιο.
1012 4052 1240 4139 Neque
1272 4073 1428 4115 vero
1461 4074 1668 4138 quum
1700 4051 1898 4135 dixit,
1927 4054 1993 4118 in
2031 4055 2211 4119 Verr.
2246 4055 2357 4120 lib.
2392 4056 2463 4135 1,
2496 4077 2638 4144 cap,
2666 4048 2765 4114 28:

678 4192 701 4216 «ι
724 4161 938 4226 nomo
972 4157 1218 4225 ordinis
1253 4159 1353 4224 sui
1385 4159 1885 4248 frugalissimus,
1925 4162 2040 4247 qui
2068 4177 2206 4226 tum
2231 4184 2536 4227 accensus
2568 4164 2633 4225 C.
2658 4157 2769 4222 Ne·
