3044 4788
657 441 752 513 90
1306 420 1401 486 M.
1452 419 1529 486 T.
1589 421 2151 493 mcERoms

655 540 803 611 dita
835 562 987 610 non
1013 553 1158 627 est,
1184 562 1403 635 quam
1427 538 1529 611 ob
1555 564 1845 612 musam
1875 539 2068 613 filius
2098 556 2377 640 patrem
2409 540 2775 612 occiderit.

754 648 973 740 Quod
1007 651 1082 718 in
1119 651 1436 720 minimis
1470 654 1704 721 noxiis
1722 662 1777 738 7,
1828 665 1902 722 et
1939 655 2015 722 in
2056 650 2171 722 his
2196 650 2590 721 levioribus
2621 675 2781 748 pec-

659 763 837 832 catis
854 812 873 845 ‚
896 783 1059 855 quae
1084 761 1308 854 magis
1334 759 1589 832 crebra
1615 764 1856 858 etjam
1884 787 2114 861 prope
2144 761 2571 859 quotidiana
2598 775 2783 847 sunt,

660 872 968 940 maxime
993 883 1066 940 et
1095 872 1412 967 primum
1440 875 1814 969 quaeritur,
1838 898 2002 969 quae
2035 898 2250 945 causa
2275 871 2608 944 maleficii
2637 870 2783 942 fue-

662 984 778 1067 rit,
803 978 880 1049 id
912 984 1220 1051 Erucius
1241 984 1318 1051 in
1342 983 1730 1080 parricidio
1757 987 1982 1082 quaeri
2002 1008 2154 1056 non
2179 999 2392 1083 putat
2417 995 2782 1080 oportere:

661 1094 736 1161 in
769 1114 922 1187 quo
953 1090 1244 1179 scelere,
1264 1092 1573 1188 judiceS,
1601 1096 1817 1165 etiam
1843 1118 2077 1190 quum
2102 1095 2346 1166 multae
2375 1116 2606 1163 causae
2628 1113 2786 1160 con·

660 1202 941 1271 venisse
974 1225 1207 1272 unum
1239 1206 1315 1273 in
1353 1203 1636 1288 locum,
1667 1219 1886 1300 atque
1920 1205 2112 1275 inter
2146 1227 2221 1274 se
2256 1225 2658 1298 congruere
2689 1200 2786 1266 vi·

662 1310 954 1400 dentur,
979 1324 1219 1383 tamen
1259 1337 1410 1384 non
1449 1310 1766 1385 temere⁸
1797 1311 2140 1400 creditur,
2166 1336 2408 1409 neque
2446 1312 2586 1381 levi
2622 1316 2786 1379 edn-

658 1421 938 1517 jectura
992 1446 1102 1493 res
1154 1422 1527 1521 penditur,
1568 1448 1810 1521 neque
1866 1426 2065 1493 testis
2120 1425 2440 1493 incertus
2480 1419 2792 1503 auditur,

666 1554 907 1625 neque
937 1534 1370 1602 accusatoris
1397 1535 1693 1629 ingenio
1730 1557 1845 1603 res
1865 1532 2259 1628 judicatur.
2288 1535 2539 1623 Quum
2573 1530 2790 1600 multa

665 1653 878 1710 antea
914 1644 1293 1712 commissa
1329 1638 1714 1727 maleficia,
1743 1654 1899 1711 tum
1933 1644 2078 1711 vita
2110 1639 2426 1710 hominis
2464 1638 2785 1737 perditis·

669 1754 886 1838 sima,
932 1766 1088 1821 tum
1126 1752 1504 1848 singularis
1538 1750 1838 1821 audacia
1872 1731 2297 1841 ostendatur
2330 1772 2625 1819 necesse
2660 1761 2793 1831 est3

671 1887 912 1959 neque
938 1860 1236 1933 audacia
1263 1862 1498 1933 solum
1517 1912 1538 1949 ,
1560 1860 1687 1931 sed
1715 1884 2042 1930 summus
2074 1859 2279 1930 furor
2306 1873 2527 1955 atque
2558 1880 2799 1927 amen-

672 1971 769 2039 tia
821 1994 837 2037 ε
887 1968 1038 2040 haec
1082 1995 1316 2067 quum
1366 1974 1513 2041 sint
1555 1972 1805 2041 omnia
1825 2023 1845 2055 ‚
1896 1984 2136 2040 tamen
2189 1982 2475 2039 exstent
2513 1978 2798 2066 oportet

672 2101 1007 2174 expressa
1033 2080 1318 2149 sceleris
1341 2083 1637 2176 vestigia
1652 2092 1710 2164 9,
1736 2079 1902 2165 ubi,
1934 2102 2079 2176 qua
2103 2082 2405 2166 ratione,
2430 2101 2565 2176 per
2592 2099 2798 2174 quos,

677 2211 827 2283 quo
859 2202 1185 2285 tempore
1205 2190 1640 2263 maleficium
1670 2192 1760 2260 sit
1783 2188 2201 2261 admissum.
2218 2193 2398 2281 Quae
2421 2191 2556 2258 nisi
2579 2188 2800 2258 multa

675 2311 748 2367 et
775 2296 1150 2370 manifesta
1174 2318 1347 2373 sunt
1363 2356 1381 2388 ,
1404 2299 1732 2400 profecto
1761 2325 1875 2372 res
1903 2315 2050 2373 tam
2073 2298 2390 2388 scelesta,
2406 2313 2551 2370 tam
2573 2312 2800 2383 atrox,

673 2423 818 2516 tam
852 2407 1122 2482 nefaria
1148 2413 1343 2482 credi
1373 2436 1524 2483 non
1552 2426 1813 2509 potest.

769 2522 1030 2615 Magna
1051 2534 1160 2591 est
1181 2524 1378 2591 enim
1402 2523 1508 2590 vis
1539 2520 2037 2607 humanitatis;
2057 2520 2372 2590 multum
2400 2515 2587 2588 valet
2614 2539 2804 2588 com·

679 2634 934 2701 munio
960 2635 1369 2728 sanguinis;
1401 2632 1796 2703 reclamitat
1826 2628 2235 2702 istiusmodi
2267 2628 2804 2728 suspicionibus

678 2743 829 2839 ipsa
855 2758 1153 2844 natura:
1184 2757 1610 2841 portentum
1639 2757 1859 2841 atque
1893 2758 2300 2814 monstrum
2330 2741 2802 2813 certissimum

677 2865 821 2936 est,
844 2874 996 2922 esse
1023 2853 1338 2948 aliquem
1363 2851 1680 2923 humana
1708 2856 1945 2951 specie
1973 2868 2046 2923 et
2074 2852 2306 2948 figura
2323 2906 2343 2937 ,
2369 2855 2497 2948 qui
2526 2863 2804 2921 tantum

680 2962 1125 3032 immanitate
1172 2961 1436 3035 bestias
1486 2966 1775 3050 vicerit,
1815 2978 1931 3050 ut,
1964 2976 2266 3060 propter
2307 2972 2578 3058 quos¹⁰
2624 2958 2809 3030 hanc

682 3073 1173 3142 suavissimam
1206 3074 1443 3143 lucem
1474 3071 1922 3170 adspexerit,
1953 3096 2078 3143 eos
2109 3069 2606 3166 indignissime
2651 3069 2809 3140 luce

681 3275 994 3325 Parricidium
1011 3286 1083 3323 est
1100 3290 1327 3339 magnum
1351 3276 1525 3323 scelus.
1547 3276 1702 3338 Ergo,
1789 3273 1936 3321 fuisse
1981 3272 2206 3321 observat
2245 3273 2449 3322 Sueton-
2482 3271 2536 3319 in
2564 3274 2812 3337 Augusto,

680 3367 775 3406 etc.
806 3360 1051 3406 Hactenus
1085 3373 1113 3403 a
1150 3356 1319 3404 Roscii
1347 3371 1553 3419 persona
1583 3370 1702 3419 pro·
1791 3369 1899 3418 cap.
1928 3351 2012 3401 ³3.

681 3436 839 3495 bavit,
869 3451 1062 3485 cansam
1104 3435 1352 3499 parricidii
1386 3451 1489 3483 non
1524 3435 1702 3493 fnisse3
1861 3449 1912 3494 9.
1952 3429 2189 3495 Vestt'gn'a.
2214 3431 2516 3494 Argumenta
2535 3441 2686 3488 certa,
2708 3443 2811 3495 qun

677 3516 778 3576 iam
804 3524 1163 3577 argumentatur
1186 3530 1212 3560 a
1239 3530 1290 3560 re
1316 3514 1436 3580 ipsa.
1784 3510 1976 3570 jndices
2001 3509 2066 3557 ad
2093 3525 2259 3558 verum
2287 3509 2484 3558 ducant.

756 3612 805 3656 7.
842 3595 1038 3643 Noa-1⁹:25.
1079 3593 1252 3642 Noxia
1278 3604 1348 3641 est
1382 3594 1492 3643 leve
1532 3609 1702 3657 pecca—
1868 3606 1948 3638 xo.
1983 3588 2191 3637 Faceiol.
2213 3604 2306 3653 per·
2330 3603 2467 3652 quos.
2502 3589 2557 3638 J.
2576 3590 2640 3635 V.
2663 3587 2718 3636 L.
2746 3612 2813 3623 -

684 3687 808 3724 mm.
837 3675 1023 3731 Noa-a,
1052 3689 1197 3738 poena
1223 3675 1427 3739 peccati.
1457 3675 1588 3722 Hinc
1614 3672 1701 3721 ali·
1790 3669 1909 3718 Non
1942 3684 2063 3716 vero
2103 3668 2347 3716 immutari
2391 3668 2553 3715 locun
2599 3682 2810 3714 necesse.

682 3770 827 3819 quem
846 3769 987 3802 noxae
1009 3754 1197 3801 tradere
1213 3787 1229 3812 ,
1248 3752 1384 3806 idem
1404 3764 1494 3814 est,
1517 3768 1575 3800 ac
1591 3769 1702 3800 enm
1790 3751 1977 3815 Saepins
2008 3749 2143 3815 apud
2176 3750 2460 3797 Ciceronem
2492 3757 2703 3811 propter
2739 3759 2816 3793 eo-

682 3849 842 3899 poenae
869 3834 1074 3882 tradere.
1102 3832 1220 3882 vid.
1242 3831 1423 3881 Florid.
1449 3832 1510 3880 de
1547 3831 1701 3880 Latin.
1743 3825 1751 3834 ⁹
1791 3831 1900 3878 dem
1925 3845 2070 3877 semu
2095 3843 2196 3892 qno
2210 3844 2301 3892 per
2319 3837 2596 3890 usurpatur.
2616 3826 2697 3875 Sic
2725 3839 2815 3892 pro

684 3911 765 3962 ed.
791 3911 974 3959 Duker.
1003 3929 1053 3977 p.
1085 3913 1113 3959 8
1136 3945 1152 3969 ,
1187 3923 1237 3958 et
1272 3912 1453 3959 Sanctii
1489 3909 1700 3958 Minci-v.
1789 3910 2004 3967 Milone,
2047 3923 2113 3957 aa
2133 3944 2148 3968 ‚
2190 3917 2425 3970 «propter
2455 3923 2580 3970 quoe
2616 3908 2743 3955 vivit
2761 3925 2814 3960 ι,

683 3995 771 4052 IV,
810 3999 858 4047 4.
1372 4053 1379 4058 ⁴
1792 3988 1827 4035 i.
1857 4005 1899 4037 e.
1919 4004 2130 4052 quorum
2155 4002 2319 4051 opera.
2347 3988 2407 4034 Et
2435 3984 2540 4034 ead.
2566 3997 2692 4035 orat.
2726 3983 2815 4035 30:

758 4074 809 4121 8.
838 4071 954 4118 Non
976 4080 1164 4116 temere.
1183 4068 1296 4116 Non
1314 4067 1406 4114 nisi
1434 4066 1703 4125 confessos,
1793 4067 2002 4130 «lugere
2044 4084 2186 4124 eum,
2222 4076 2430 4130 propter
2475 4082 2617 4130 quem
2669 4063 2816 4113 ceteri

684 4150 1030 4219 parricidarum
1072 4146 1316 4213 supplicio
1348 4142 1478 4195 affici
1499 4180 1513 4205 ,
1555 4146 1706 4194 moris
1791 4146 2069 4195 laetarentur
2090 4166 2132 4192 ι.
