<?xml version="1.0" encoding="UTF-8"?>
<!DOCTYPE html PUBLIC "-//W3C//DTD XHTML 1.0 Transitional//EN"
    "http://www.w3.org/TR/xhtml1/DTD/xhtml1-transitional.dtd">
<html xmlns="http://www.w3.org/1999/xhtml" xml:lang="en" lang="en">
 <head>
  <title>
</title>
<meta http-equiv="Content-Type" content="text/html;charset=utf-8" />
  <meta name='ocr-system' content='tesseract 3.04.00' />
  <meta name='ocr-capabilities' content='ocr_page ocr_carea ocr_par ocr_line ocrx_word'/>
</head>
<body>
  <div class='ocr_page' id='page_1' title='image "./mtciceronisquae09lemagoog/mtciceronisquae09lemagoog_0549.png"; bbox 0 0 3044 4788; ppageno 0'>
   <div class='ocr_carea' id='block_1_1' title="bbox 624 434 2065 515">
    <p class='ocr_par' dir='ltr' id='par_1_1' title="bbox 624 434 2065 515">
     <span class='ocr_line' id='line_1_1' title="bbox 624 434 2065 515; baseline -0.002 -13"><span class='ocrx_word' id='word_1_1' title='bbox 624 434 732 503; x_wconf 90' lang='lat' dir='ltr'>IN</span> <span class='ocrx_word' id='word_1_2' title='bbox 783 435 1232 502; x_wconf 86' lang='lat' dir='ltr'><strong>VERREM</strong></span> <span class='ocrx_word' id='word_1_3' title='bbox 1285 435 1505 502; x_wconf 78' lang='lat' dir='ltr'>ACT.</span> <span class='ocrx_word' id='word_1_4' title='bbox 1557 435 1667 515; x_wconf 87' lang='grc' dir='ltr'>ΙΙ,</span> <span class='ocrx_word' id='word_1_5' title='bbox 1716 434 1911 501; x_wconf 86' lang='lat' dir='ltr'>LIB.</span> <span class='ocrx_word' id='word_1_6' title='bbox 1967 435 2065 501; x_wconf 88' lang='grc' dir='ltr'>ΙΙ.</span> 
     </span>
    </p>
   </div>
   <div class='ocr_carea' id='block_1_2' title="bbox 2268 428 2403 526">
    <p class='ocr_par' dir='ltr' id='par_1_2' title="bbox 2268 428 2403 526">
     <span class='ocr_line' id='line_1_2' title="bbox 2268 428 2403 526; baseline -0.007 -25"><span class='ocrx_word' id='word_1_7' title='bbox 2268 428 2403 526; x_wconf 73' lang='grc'>509</span> 
     </span>
    </p>
   </div>
   <div class='ocr_carea' id='block_1_3' title="bbox 283 552 2456 1420">
    <p class='ocr_par' dir='ltr' id='par_1_3' title="bbox 283 552 2456 1420">
     <span class='ocr_line' id='line_1_3' title="bbox 284 552 2404 650; baseline -0.001 -25"><span class='ocrx_word' id='word_1_8' title='bbox 284 558 441 625; x_wconf 87' lang='lat' dir='ltr'>sine</span> <span class='ocrx_word' id='word_1_9' title='bbox 462 555 886 650; x_wconf 87' lang='lat' dir='ltr'>cujusquam</span> <span class='ocrx_word' id='word_1_10' title='bbox 912 554 1121 624; x_wconf 89' lang='lat' dir='ltr'>malo.</span> <span class='ocrx_word' id='word_1_11' title='bbox 1148 555 1329 642; x_wconf 86' lang='lat' dir='ltr'>Quis</span> <span class='ocrx_word' id='word_1_12' title='bbox 1348 552 1721 624; x_wconf 82' lang='lat' dir='ltr'>acerbior?</span> <span class='ocrx_word' id='word_1_13' title='bbox 1756 556 1921 650; x_wconf 87' lang='lat' dir='ltr'>quis</span> <span class='ocrx_word' id='word_1_14' title='bbox 1955 554 2404 627; x_wconf 80' lang='lat' dir='ltr'>insidiosior?</span> 
     </span>
     <span class='ocr_line' id='line_1_4' title="bbox 288 662 2405 763; baseline 0 -29"><span class='ocrx_word' id='word_1_15' title='bbox 288 667 448 761; x_wconf 87' lang='lat' dir='ltr'>quis</span> <span class='ocrx_word' id='word_1_16' title='bbox 485 665 843 757; x_wconf 19' lang='lat' dir='ltr'>crude-lior</span> <span class='ocrx_word' id='word_1_17' title='bbox 881 689 1228 761; x_wconf 87' lang='lat' dir='ltr'>umquam</span> <span class='ocrx_word' id='word_1_18' title='bbox 1271 662 1465 734; x_wconf 81' lang='lat' dir='ltr'>fuit?</span> <span class='ocrx_word' id='word_1_19' title='bbox 1506 668 1589 734; x_wconf 92' lang='lat' dir='ltr'>In</span> <span class='ocrx_word' id='word_1_20' title='bbox 1628 663 1769 733; x_wconf 91' lang='lat' dir='ltr'>hoc</span> <span class='ocrx_word' id='word_1_21' title='bbox 1806 662 2143 750; x_wconf 87' lang='lat' dir='ltr'>homine,</span> <span class='ocrx_word' id='word_1_22' title='bbox 2188 681 2405 763; x_wconf 88' lang='lat' dir='ltr'>atque</span> 
     </span>
     <span class='ocr_line' id='line_1_5' title="bbox 286 772 2405 870; baseline 0 -27"><span class='ocrx_word' id='word_1_23' title='bbox 286 777 359 843; x_wconf 90' lang='lat' dir='ltr'>in</span> <span class='ocrx_word' id='word_1_24' title='bbox 395 774 746 868; x_wconf 86' lang='lat' dir='ltr'>ejusmodi</span> <span class='ocrx_word' id='word_1_25' title='bbox 778 799 988 845; x_wconf 89' lang='lat' dir='ltr'>causa</span> <span class='ocrx_word' id='word_1_26' title='bbox 1023 773 1202 870; x_wconf 91' lang='lat' dir='ltr'>quid</span> <span class='ocrx_word' id='word_1_27' title='bbox 1236 772 1554 844; x_wconf 84' lang='lat' dir='ltr'>facerent</span> <span class='ocrx_word' id='word_1_28' title='bbox 1589 798 1843 844; x_wconf 88' lang='lat' dir='ltr'>omnes</span> <span class='ocrx_word' id='word_1_29' title='bbox 1880 778 2115 845; x_wconf 86' lang='lat' dir='ltr'>Crassi</span> <span class='ocrx_word' id='word_1_30' title='bbox 2160 792 2232 846; x_wconf 86' lang='lat' dir='ltr'>et</span> <span class='ocrx_word' id='word_1_31' title='bbox 2257 782 2405 847; x_wconf 86' lang='lat' dir='ltr'>An-</span> 
     </span>
     <span class='ocr_line' id='line_1_6' title="bbox 287 878 2406 981; baseline 0 -27"><span class='ocrx_word' id='word_1_32' title='bbox 287 886 514 955; x_wconf 83' lang='lat' dir='ltr'>tonii?</span> <span class='ocrx_word' id='word_1_33' title='bbox 552 890 859 957; x_wconf 89' lang='lat' dir='ltr'>Tantum</span> <span class='ocrx_word' id='word_1_34' title='bbox 884 939 903 971; x_wconf 90' lang='lat'><strong>‚</strong></span> <span class='ocrx_word' id='word_1_35' title='bbox 956 878 1285 981; x_wconf 80' lang='lat' dir='ltr'>opinor⁸‚</span> <span class='ocrx_word' id='word_1_36' title='bbox 1330 885 1706 968; x_wconf 85' lang='lat' dir='ltr'>Hortensi,</span> <span class='ocrx_word' id='word_1_37' title='bbox 1757 882 1844 953; x_wconf 92' lang='lat' dir='ltr'>ad</span> <span class='ocrx_word' id='word_1_38' title='bbox 1870 882 2081 955; x_wconf 84' lang='lat' dir='ltr'>&#39;hanc</span> <span class='ocrx_word' id='word_1_39' title='bbox 2123 910 2406 956; x_wconf 87' lang='lat' dir='ltr'>causam</span> 
     </span>
     <span class='ocr_line' id='line_1_7' title="bbox 288 984 2407 1093; baseline 0.001 -29"><span class='ocrx_word' id='word_1_40' title='bbox 288 1019 439 1065; x_wconf 91' lang='lat' dir='ltr'>non</span> <span class='ocrx_word' id='word_1_41' title='bbox 469 994 929 1082; x_wconf 86' lang='lat' dir='ltr'>accederent,</span> <span class='ocrx_word' id='word_1_42' title='bbox 980 1019 1072 1064; x_wconf 89' lang='lat' dir='ltr'>ne</span> <span class='ocrx_word' id='word_1_43' title='bbox 1109 996 1186 1063; x_wconf 87' lang='lat' dir='ltr'>in</span> <span class='ocrx_word' id='word_1_44' title='bbox 1229 993 1520 1062; x_wconf 88' lang='lat' dir='ltr'>alterius</span> <span class='ocrx_word' id='word_1_45' title='bbox 1561 984 2005 1091; x_wconf 86' lang='lat' dir='ltr'>impudentia</span> <span class='ocrx_word' id='word_1_46' title='bbox 2032 997 2142 1065; x_wconf 91' lang='lat' dir='ltr'>sui</span> <span class='ocrx_word' id='word_1_47' title='bbox 2172 995 2407 1093; x_wconf 88' lang='lat' dir='ltr'>pudo-</span> 
     </span>
     <span class='ocr_line' id='line_1_8' title="bbox 283 1101 2411 1176; baseline 0.001 -2"><span class='ocrx_word' id='word_1_48' title='bbox 283 1108 381 1174; x_wconf 92' lang='lat' dir='ltr'>ris</span> <span class='ocrx_word' id='word_1_49' title='bbox 405 1106 999 1175; x_wconf 83' lang='lat' dir='ltr'>existimationem</span> <span class='ocrx_word' id='word_1_50' title='bbox 1038 1104 1467 1173; x_wconf 85' lang='lat' dir='ltr'>amitterent.</span> <span class='ocrx_word' id='word_1_51' title='bbox 1500 1101 1787 1172; x_wconf 64' lang='lat' dir='ltr'>Liberis»</span> <span class='ocrx_word' id='word_1_52' title='bbox 1821 1107 2011 1174; x_wconf 90' lang='lat' dir='ltr'>enim</span> <span class='ocrx_word' id='word_1_53' title='bbox 2044 1103 2134 1174; x_wconf 89' lang='lat' dir='ltr'>ad</span> <span class='ocrx_word' id='word_1_54' title='bbox 2166 1129 2411 1176; x_wconf 84' lang='lat' dir='ltr'>causas</span> 
     </span>
     <span class='ocr_line' id='line_1_9' title="bbox 285 1200 2406 1310; baseline 0 -26"><span class='ocrx_word' id='word_1_55' title='bbox 285 1214 654 1310; x_wconf 89' lang='lat' dir='ltr'>solutique</span> <span class='ocrx_word' id='word_1_56' title='bbox 690 1200 1117 1299; x_wconf 55' lang='lat' dir='ltr'>veniebantj</span> <span class='ocrx_word' id='word_1_57' title='bbox 1139 1236 1377 1307; x_wconf 87' lang='lat' dir='ltr'>neque</span> <span class='ocrx_word' id='word_1_58' title='bbox 1418 1210 1965 1283; x_wconf 86' lang='lat' dir='ltr'>committebant</span> <span class='ocrx_word' id='word_1_59' title='bbox 1988 1266 2007 1298; x_wconf 90' lang='lat'><strong>‚</strong></span> <span class='ocrx_word' id='word_1_60' title='bbox 2042 1229 2160 1300; x_wconf 88' lang='lat' dir='ltr'>ut,</span> <span class='ocrx_word' id='word_1_61' title='bbox 2188 1215 2245 1284; x_wconf 92' lang='lat' dir='ltr'>si</span> <span class='ocrx_word' id='word_1_62' title='bbox 2274 1216 2406 1284; x_wconf 92' lang='lat' dir='ltr'>im-</span> 
     </span>
     <span class='ocr_line' id='line_1_10' title="bbox 286 1319 2456 1420; baseline -0.001 -27"><span class='ocrx_word' id='word_1_63' title='bbox 286 1323 645 1420; x_wconf 84' lang='lat' dir='ltr'>pudentes</span> <span class='ocrx_word' id='word_1_64' title='bbox 694 1327 765 1392; x_wconf 89' lang='lat' dir='ltr'>in</span> <span class='ocrx_word' id='word_1_65' title='bbox 818 1320 1278 1393; x_wconf 88' lang='lat' dir='ltr'>defendendo</span> <span class='ocrx_word' id='word_1_66' title='bbox 1326 1345 1478 1392; x_wconf 87' lang='lat' dir='ltr'>esse</span> <span class='ocrx_word' id='word_1_67' title='bbox 1528 1319 1966 1406; x_wconf 80' lang='lat' dir='ltr'>noluissent,</span> <span class='ocrx_word' id='word_1_68' title='bbox 2016 1323 2274 1420; x_wconf 85' lang='lat' dir='ltr'>ingrati</span> <span class='ocrx_word' id='word_1_69' title='bbox 2334 1325 2409 1391; x_wconf 87' lang='lat' dir='ltr'>in</span> <span class='ocrx_word' id='word_1_70' title='bbox 2451 1364 2456 1371; x_wconf 64' lang='lat'>=</span> 
     </span>
    </p>
   </div>
   <div class='ocr_carea' id='block_1_4' title="bbox 288 1431 1324 1503">
    <p class='ocr_par' dir='ltr' id='par_1_4' title="bbox 288 1431 1324 1503">
     <span class='ocr_line' id='line_1_11' title="bbox 288 1431 1324 1503; baseline -0.001 -2"><span class='ocrx_word' id='word_1_71' title='bbox 288 1431 689 1503; x_wconf 88' lang='lat' dir='ltr'>deserendo</span> <span class='ocrx_word' id='word_1_72' title='bbox 724 1434 1324 1501; x_wconf 86' lang='lat' dir='ltr'>existimarentur.</span> 
     </span>
    </p>
   </div>
   <div class='ocr_carea' id='block_1_5' title="bbox 288 1611 1307 2619">
    <p class='ocr_par' dir='ltr' id='par_1_5' title="bbox 288 1611 1304 1831">
     <span class='ocr_line' id='line_1_12' title="bbox 288 1611 1303 1674; baseline 0 -19"><span class='ocrx_word' id='word_1_73' title='bbox 288 1611 490 1665; x_wconf 75' lang='lat' dir='ltr'>Verres,</span> <span class='ocrx_word' id='word_1_74' title='bbox 533 1611 716 1674; x_wconf 84' lang='lat' dir='ltr'>poteris</span> <span class='ocrx_word' id='word_1_75' title='bbox 759 1611 955 1671; x_wconf 77' lang='lat' dir='ltr'>forsan,</span> <span class='ocrx_word' id='word_1_76' title='bbox 998 1625 1158 1657; x_wconf 79' lang='lat' dir='ltr'>mores</span> <span class='ocrx_word' id='word_1_77' title='bbox 1200 1611 1303 1670; x_wconf 83' lang='lat' dir='ltr'>ejus</span> 
     </span>
     <span class='ocr_line' id='line_1_13' title="bbox 289 1688 1304 1753; baseline -0.001 -18"><span class='ocrx_word' id='word_1_78' title='bbox 289 1688 429 1736; x_wconf 84' lang='lat' dir='ltr'>mites</span> <span class='ocrx_word' id='word_1_79' title='bbox 445 1699 493 1736; x_wconf 86' lang='lat' dir='ltr'>et</span> <span class='ocrx_word' id='word_1_80' title='bbox 510 1689 572 1735; x_wconf 78' lang='lat' dir='ltr'>sd</span> <span class='ocrx_word' id='word_1_81' title='bbox 593 1690 750 1735; x_wconf 87' lang='lat' dir='ltr'>omnis</span> <span class='ocrx_word' id='word_1_82' title='bbox 768 1689 1076 1737; x_wconf 76' lang='lat' dir='ltr'>humanitatis</span> <span class='ocrx_word' id='word_1_83' title='bbox 1094 1688 1304 1753; x_wconf 83' lang='lat' dir='ltr'>speciem</span> 
     </span>
     <span class='ocr_line' id='line_1_14' title="bbox 288 1768 813 1831; baseline 0.006 -19"><span class='ocrx_word' id='word_1_84' title='bbox 288 1769 587 1831; x_wconf 75' lang='lat' dir='ltr'>compositos</span> <span class='ocrx_word' id='word_1_85' title='bbox 603 1768 813 1816; x_wconf 71' lang='lat' dir='ltr'>laudare.</span> 
     </span>
    </p>

    <p class='ocr_par' dir='ltr' id='par_1_6' title="bbox 289 1846 1307 2225">
     <span class='ocr_line' id='line_1_15' title="bbox 362 1846 1304 1910; baseline 0.001 -18"><span class='ocrx_word' id='word_1_86' title='bbox 362 1848 408 1893; x_wconf 87' lang='lat'>8.</span> <span class='ocrx_word' id='word_1_87' title='bbox 439 1848 666 1901; x_wconf 80' lang='lat' dir='ltr'>Tantum,</span> <span class='ocrx_word' id='word_1_88' title='bbox 710 1847 895 1910; x_wconf 80' lang='lat' dir='ltr'>opinor.</span> <span class='ocrx_word' id='word_1_89' title='bbox 928 1849 1138 1894; x_wconf 74' lang='lat' dir='ltr'>Tantum</span> <span class='ocrx_word' id='word_1_90' title='bbox 1168 1846 1304 1893; x_wconf 78' lang='lat' dir='ltr'>abest</span> 
     </span>
     <span class='ocr_line' id='line_1_16' title="bbox 291 1924 1303 1983; baseline -0.001 -11"><span class='ocrx_word' id='word_1_91' title='bbox 291 1936 349 1972; x_wconf 88' lang='lat' dir='ltr'>ut</span> <span class='ocrx_word' id='word_1_92' title='bbox 374 1924 685 1973; x_wconf 77' lang='lat' dir='ltr'>defenderent</span> <span class='ocrx_word' id='word_1_93' title='bbox 714 1943 907 1973; x_wconf 70' lang='lat' dir='ltr'>causum</span> <span class='ocrx_word' id='word_1_94' title='bbox 926 1926 1043 1973; x_wconf 88' lang='lat' dir='ltr'>huic</span> <span class='ocrx_word' id='word_1_95' title='bbox 1062 1924 1268 1972; x_wconf 79' lang='lat' dir='ltr'>similem</span> <span class='ocrx_word' id='word_1_96' title='bbox 1287 1960 1303 1983; x_wconf 85' lang='lat'>‚</span> 
     </span>
     <span class='ocr_line' id='line_1_17' title="bbox 290 1989 1307 2067; baseline 0.003 -18"><span class='ocrx_word' id='word_1_97' title='bbox 290 2013 345 2049; x_wconf 88' lang='lat' dir='ltr'>ut</span> <span class='ocrx_word' id='word_1_98' title='bbox 372 2015 542 2051; x_wconf 82' lang='lat' dir='ltr'>eontra</span> <span class='ocrx_word' id='word_1_99' title='bbox 568 2021 628 2051; x_wconf 89' lang='lat' dir='ltr'>ne</span> <span class='ocrx_word' id='word_1_100' title='bbox 648 2002 699 2050; x_wconf 84' lang='lat' dir='ltr'>id</span> <span class='ocrx_word' id='word_1_101' title='bbox 728 1989 925 2067; x_wconf 72' lang='lat' dir='ltr'>quidem</span> <span class='ocrx_word' id='word_1_102' title='bbox 950 2014 1216 2061; x_wconf 75' lang='lat' dir='ltr'>tentarent3</span> <span class='ocrx_word' id='word_1_103' title='bbox 1246 2020 1307 2052; x_wconf 90' lang='lat' dir='ltr'>ne</span> 
     </span>
     <span class='ocr_line' id='line_1_18' title="bbox 289 2081 1303 2146; baseline 0.001 -18"><span class='ocrx_word' id='word_1_104' title='bbox 289 2082 536 2129; x_wconf 84' lang='lat' dir='ltr'>hominem</span> <span class='ocrx_word' id='word_1_105' title='bbox 589 2093 754 2146; x_wconf 77' lang='lat' dir='ltr'>aperte</span> <span class='ocrx_word' id='word_1_106' title='bbox 803 2081 1079 2146; x_wconf 85' lang='lat' dir='ltr'>improbum</span> <span class='ocrx_word' id='word_1_107' title='bbox 1141 2081 1303 2129; x_wconf 78' lang='lat' dir='ltr'>desen-</span> 
     </span>
     <span class='ocr_line' id='line_1_19' title="bbox 291 2159 1235 2225; baseline 0.005 -19"><span class='ocrx_word' id='word_1_108' title='bbox 291 2160 454 2208; x_wconf 86' lang='lat' dir='ltr'>dendo</span> <span class='ocrx_word' id='word_1_109' title='bbox 480 2162 574 2225; x_wconf 85' lang='lat' dir='ltr'>ipsi</span> <span class='ocrx_word' id='word_1_110' title='bbox 605 2159 913 2224; x_wconf 84' lang='lat' dir='ltr'>impudentes</span> <span class='ocrx_word' id='word_1_111' title='bbox 941 2161 1235 2211; x_wconf 81' lang='lat' dir='ltr'>viderentur.</span> 
     </span>
    </p>

    <p class='ocr_par' dir='ltr' id='par_1_7' title="bbox 290 2239 1307 2619">
     <span class='ocr_line' id='line_1_20' title="bbox 363 2239 1305 2303; baseline 0.002 -18"><span class='ocrx_word' id='word_1_112' title='bbox 363 2256 410 2302; x_wconf 85' lang='lat'>9.</span> <span class='ocrx_word' id='word_1_113' title='bbox 442 2239 607 2287; x_wconf 76' lang='lat' dir='ltr'>Liberi</span> <span class='ocrx_word' id='word_1_114' title='bbox 630 2241 774 2287; x_wconf 69' lang='lat' dir='ltr'>enirm</span> <span class='ocrx_word' id='word_1_115' title='bbox 805 2242 918 2288; x_wconf 86' lang='lat' dir='ltr'>Nou</span> <span class='ocrx_word' id='word_1_116' title='bbox 956 2251 1151 2303; x_wconf 74' lang='lat' dir='ltr'>accepts</span> <span class='ocrx_word' id='word_1_117' title='bbox 1180 2256 1305 2288; x_wconf 87' lang='lat' dir='ltr'>mer·</span> 
     </span>
     <span class='ocr_line' id='line_1_21' title="bbox 290 2317 1307 2384; baseline 0.003 -20"><span class='ocrx_word' id='word_1_118' title='bbox 290 2317 409 2364; x_wconf 83' lang='lat' dir='ltr'>cede</span> <span class='ocrx_word' id='word_1_119' title='bbox 433 2318 755 2382; x_wconf 77' lang='lat' dir='ltr'>illigabautnr,</span> <span class='ocrx_word' id='word_1_120' title='bbox 777 2336 933 2384; x_wconf 88' lang='lat' dir='ltr'>neque</span> <span class='ocrx_word' id='word_1_121' title='bbox 965 2318 1015 2366; x_wconf 87' lang='lat' dir='ltr'>id</span> <span class='ocrx_word' id='word_1_122' title='bbox 1042 2320 1307 2368; x_wconf 84' lang='lat' dir='ltr'>committe·</span> 
     </span>
     <span class='ocr_line' id='line_1_22' title="bbox 294 2397 1304 2460; baseline 0.003 -16"><span class='ocrx_word' id='word_1_123' title='bbox 294 2397 439 2455; x_wconf 78' lang='lat' dir='ltr'>bant,</span> <span class='ocrx_word' id='word_1_124' title='bbox 495 2398 628 2460; x_wconf 87' lang='lat' dir='ltr'>quod</span> <span class='ocrx_word' id='word_1_125' title='bbox 691 2401 932 2448; x_wconf 79' lang='lat' dir='ltr'>commisit</span> <span class='ocrx_word' id='word_1_126' title='bbox 985 2399 1304 2456; x_wconf 81' lang='lat' dir='ltr'>Hortensius,</span> 
     </span>
     <span class='ocr_line' id='line_1_23' title="bbox 294 2476 1305 2541; baseline 0.004 -20"><span class='ocrx_word' id='word_1_127' title='bbox 294 2476 409 2537; x_wconf 85' lang='lat' dir='ltr'>qui,</span> <span class='ocrx_word' id='word_1_128' title='bbox 449 2476 490 2522; x_wconf 85' lang='lat' dir='ltr'>si</span> <span class='ocrx_word' id='word_1_129' title='bbox 528 2477 741 2526; x_wconf 75' lang='lat' dir='ltr'>defendit</span> <span class='ocrx_word' id='word_1_130' title='bbox 771 2482 973 2527; x_wconf 83' lang='lat' dir='ltr'>Verrem</span> <span class='ocrx_word' id='word_1_131' title='bbox 994 2512 1008 2535; x_wconf 92' lang='lat'>,</span> <span class='ocrx_word' id='word_1_132' title='bbox 1048 2478 1305 2541; x_wconf 83' lang='lat' dir='ltr'>impudens</span> 
     </span>
     <span class='ocr_line' id='line_1_24' title="bbox 290 2554 1306 2619; baseline 0.004 -21"><span class='ocrx_word' id='word_1_133' title='bbox 290 2564 394 2608; x_wconf 59' lang='lat' dir='ltr'>esu</span> <span class='ocrx_word' id='word_1_134' title='bbox 440 2554 480 2600; x_wconf 85' lang='lat' dir='ltr'>si</span> <span class='ocrx_word' id='word_1_135' title='bbox 515 2555 717 2614; x_wconf 79' lang='lat' dir='ltr'>deserit,</span> <span class='ocrx_word' id='word_1_136' title='bbox 764 2573 913 2619; x_wconf 83' lang='lat' dir='ltr'>quum</span> <span class='ocrx_word' id='word_1_137' title='bbox 952 2557 1102 2604; x_wconf 77' lang='lat' dir='ltr'>multa</span> <span class='ocrx_word' id='word_1_138' title='bbox 1146 2557 1209 2603; x_wconf 80' lang='lat' dir='ltr'>sb</span> <span class='ocrx_word' id='word_1_139' title='bbox 1246 2572 1306 2602; x_wconf 90' lang='lat' dir='ltr'>eo</span> 
     </span>
    </p>
   </div>
   <div class='ocr_carea' id='block_1_6' title="bbox 1391 1606 2474 2612">
    <p class='ocr_par' dir='ltr' id='par_1_8' title="bbox 1391 1606 2474 2612">
     <span class='ocr_line' id='line_1_25' title="bbox 1391 1606 2412 1670; baseline -0.007 -15"><span class='ocrx_word' id='word_1_140' title='bbox 1391 1607 1659 1670; x_wconf 79' lang='lat' dir='ltr'>acceperit,</span> <span class='ocrx_word' id='word_1_141' title='bbox 1682 1606 1896 1668; x_wconf 78' lang='lat' dir='ltr'>ingratus</span> <span class='ocrx_word' id='word_1_142' title='bbox 1922 1606 2293 1659; x_wconf 76' lang='lat' dir='ltr'>existimabitur.</span> <span class='ocrx_word' id='word_1_143' title='bbox 2312 1613 2412 1658; x_wconf 71' lang='lat' dir='ltr'>Ac-</span> 
     </span>
     <span class='ocr_line' id='line_1_26' title="bbox 1393 1686 2412 1750; baseline 0.003 -16"><span class='ocrx_word' id='word_1_144' title='bbox 1393 1697 1587 1749; x_wconf 78' lang='lat' dir='ltr'>ceperat</span> <span class='ocrx_word' id='word_1_145' title='bbox 1613 1686 1903 1733; x_wconf 73' lang='lat' dir='ltr'>Hortensius</span> <span class='ocrx_word' id='word_1_146' title='bbox 1927 1697 2089 1733; x_wconf 72' lang='lat' dir='ltr'>antem</span> <span class='ocrx_word' id='word_1_147' title='bbox 2123 1700 2300 1750; x_wconf 66' lang='lat' dir='ltr'>praeter</span> <span class='ocrx_word' id='word_1_148' title='bbox 2331 1707 2412 1737; x_wconf 89' lang='lat' dir='ltr'>ce·</span> 
     </span>
     <span class='ocr_line' id='line_1_27' title="bbox 1393 1766 2409 1830; baseline 0.001 -17"><span class='ocrx_word' id='word_1_149' title='bbox 1393 1777 1510 1824; x_wconf 71' lang='lat' dir='ltr'>tera,</span> <span class='ocrx_word' id='word_1_150' title='bbox 1519 1766 1773 1829; x_wconf 77' lang='lat' dir='ltr'>sphingem</span> <span class='ocrx_word' id='word_1_151' title='bbox 1787 1780 1965 1812; x_wconf 69' lang='lat' dir='ltr'>aenesm</span> <span class='ocrx_word' id='word_1_152' title='bbox 1979 1780 2163 1828; x_wconf 70' lang='lat' dir='ltr'>msguae</span> <span class='ocrx_word' id='word_1_153' title='bbox 2174 1771 2409 1830; x_wconf 73' lang='lat' dir='ltr'>pecuniae.</span> 
     </span>
     <span class='ocr_line' id='line_1_28' title="bbox 1392 1844 2411 1904; baseline 0.003 -12"><span class='ocrx_word' id='word_1_154' title='bbox 1392 1845 1535 1892; x_wconf 87' lang='lat' dir='ltr'>Unde</span> <span class='ocrx_word' id='word_1_155' title='bbox 1577 1844 1826 1893; x_wconf 71' lang='lat' dir='ltr'>Ciceronis</span> <span class='ocrx_word' id='word_1_156' title='bbox 1879 1844 1932 1893; x_wconf 92' lang='lat' dir='ltr'>iu</span> <span class='ocrx_word' id='word_1_157' title='bbox 1984 1860 2095 1890; x_wconf 85' lang='lat' dir='ltr'>eum</span> <span class='ocrx_word' id='word_1_158' title='bbox 2133 1845 2276 1904; x_wconf 83' lang='lat' dir='ltr'>jocus</span> <span class='ocrx_word' id='word_1_159' title='bbox 2318 1860 2411 1895; x_wconf 89' lang='lat' dir='ltr'>est.</span> 
     </span>
     <span class='ocr_line' id='line_1_29' title="bbox 1394 1923 2411 1986; baseline 0.002 -16"><span class='ocrx_word' id='word_1_160' title='bbox 1394 1924 1520 1971; x_wconf 84' lang='lat' dir='ltr'>Nam</span> <span class='ocrx_word' id='word_1_161' title='bbox 1535 1939 1688 1986; x_wconf 88' lang='lat' dir='ltr'>quum</span> <span class='ocrx_word' id='word_1_162' title='bbox 1705 1923 1779 1970; x_wconf 83' lang='lat' dir='ltr'>illi</span> <span class='ocrx_word' id='word_1_163' title='bbox 1799 1933 1968 1970; x_wconf 85' lang='lat' dir='ltr'>testem</span> <span class='ocrx_word' id='word_1_164' title='bbox 1987 1923 2235 1983; x_wconf 82' lang='lat' dir='ltr'>injudicio</span> <span class='ocrx_word' id='word_1_165' title='bbox 2246 1927 2411 1972; x_wconf 81' lang='lat' dir='ltr'>Verris</span> 
     </span>
     <span class='ocr_line' id='line_1_30' title="bbox 1394 2002 2414 2066; baseline 0.002 -17"><span class='ocrx_word' id='word_1_166' title='bbox 1394 2002 1585 2066; x_wconf 77' lang='lat' dir='ltr'>roganti</span> <span class='ocrx_word' id='word_1_167' title='bbox 1622 2002 1820 2049; x_wconf 81' lang='lat' dir='ltr'>dixisset</span> <span class='ocrx_word' id='word_1_168' title='bbox 1851 2002 2167 2050; x_wconf 82' lang='lat' dir='ltr'>Hortensius:</span> <span class='ocrx_word' id='word_1_169' title='bbox 2201 2018 2303 2050; x_wconf 87' lang='lat' dir='ltr'>uon</span> <span class='ocrx_word' id='word_1_170' title='bbox 2338 2006 2414 2051; x_wconf 87' lang='lat' dir='ltr'>in·</span> 
     </span>
     <span class='ocr_line' id='line_1_31' title="bbox 1396 2082 2411 2146; baseline 0.002 -16"><span class='ocrx_word' id='word_1_171' title='bbox 1396 2083 1565 2146; x_wconf 82' lang='lat' dir='ltr'>telligo</span> <span class='ocrx_word' id='word_1_172' title='bbox 1599 2082 1705 2129; x_wconf 78' lang='lat' dir='ltr'>haec</span> <span class='ocrx_word' id='word_1_173' title='bbox 1745 2084 2022 2146; x_wconf 64' lang='lat' dir='ltr'>aenigmata:</span> <span class='ocrx_word' id='word_1_174' title='bbox 2058 2085 2193 2146; x_wconf 73' lang='lat' dir='ltr'>atqui</span> <span class='ocrx_word' id='word_1_175' title='bbox 2234 2083 2379 2132; x_wconf 86' lang='lat' dir='ltr'>debes</span> <span class='ocrx_word' id='word_1_176' title='bbox 2396 2119 2411 2140; x_wconf 84' lang='lat'>‚</span> 
     </span>
     <span class='ocr_line' id='line_1_32' title="bbox 1395 2160 2415 2225; baseline 0.003 -16"><span class='ocrx_word' id='word_1_177' title='bbox 1395 2162 1555 2224; x_wconf 87' lang='lat' dir='ltr'>inquit</span> <span class='ocrx_word' id='word_1_178' title='bbox 1575 2195 1590 2219; x_wconf 87' lang='lat'><strong>,</strong></span> <span class='ocrx_word' id='word_1_179' title='bbox 1622 2176 1773 2224; x_wconf 88' lang='lat' dir='ltr'>quum</span> <span class='ocrx_word' id='word_1_180' title='bbox 1799 2161 2050 2225; x_wconf 82' lang='lat' dir='ltr'>sphingem</span> <span class='ocrx_word' id='word_1_181' title='bbox 2076 2160 2208 2208; x_wconf 88' lang='lat' dir='ltr'>domi</span> <span class='ocrx_word' id='word_1_182' title='bbox 2225 2161 2415 2213; x_wconf 75' lang='lat' dir='ltr'>habens.</span> 
     </span>
     <span class='ocr_line' id='line_1_33' title="bbox 1395 2232 2474 2303; baseline 0.003 -16"><span class='ocrx_word' id='word_1_183' title='bbox 1395 2240 1537 2288; x_wconf 79' lang='lat' dir='ltr'>eous.</span> <span class='ocrx_word' id='word_1_184' title='bbox 1559 2240 1866 2302; x_wconf 65' lang='lat' dir='ltr'>Quintum,</span> <span class='ocrx_word' id='word_1_185' title='bbox 1886 2242 1934 2288; x_wconf 88' lang='lat'>3.</span> <span class='ocrx_word' id='word_1_186' title='bbox 1967 2241 2086 2288; x_wconf 75' lang='lat' dir='ltr'>run.</span> <span class='ocrx_word' id='word_1_187' title='bbox 2108 2232 2347 2302; x_wconf 79' lang='lat' dir='ltr'>xxxlv,</span> <span class='ocrx_word' id='word_1_188' title='bbox 2368 2246 2415 2290; x_wconf 86' lang='lat'>8.</span> <span class='ocrx_word' id='word_1_189' title='bbox 2469 2297 2474 2303; x_wconf 57' lang='grc'><em>,</em></span> 
     </span>
     <span class='ocr_line' id='line_1_34' title="bbox 1396 2319 2413 2377; baseline 0.003 -11"><span class='ocrx_word' id='word_1_190' title='bbox 1396 2320 1638 2367; x_wconf 81' lang='lat' dir='ltr'>Plutarch.</span> <span class='ocrx_word' id='word_1_191' title='bbox 1673 2321 1724 2366; x_wconf 89' lang='lat' dir='ltr'>in</span> <span class='ocrx_word' id='word_1_192' title='bbox 1774 2319 1877 2368; x_wconf 88' lang='lat' dir='ltr'>Cic.</span> <span class='ocrx_word' id='word_1_193' title='bbox 1920 2336 1981 2367; x_wconf 74' lang='lat' dir='ltr'>xo</span> <span class='ocrx_word' id='word_1_194' title='bbox 2003 2356 2017 2377; x_wconf 91' lang='lat'>,</span> <span class='ocrx_word' id='word_1_195' title='bbox 2057 2331 2108 2367; x_wconf 88' lang='lat' dir='ltr'>et</span> <span class='ocrx_word' id='word_1_196' title='bbox 2144 2320 2322 2368; x_wconf 76' lang='lat' dir='ltr'>Sallier</span> <span class='ocrx_word' id='word_1_197' title='bbox 2362 2322 2413 2369; x_wconf 88' lang='lat' dir='ltr'>in</span> 
     </span>
     <span class='ocr_line' id='line_1_35' title="bbox 1396 2399 2413 2460; baseline 0.003 -15"><span class='ocrx_word' id='word_1_198' title='bbox 1396 2399 1637 2447; x_wconf 73' lang='lat' dir='ltr'>dissertat.</span> <span class='ocrx_word' id='word_1_199' title='bbox 1663 2399 1723 2445; x_wconf 89' lang='lat' dir='ltr'>de</span> <span class='ocrx_word' id='word_1_200' title='bbox 1751 2399 1815 2460; x_wconf 85' lang='lat' dir='ltr'>Q.</span> <span class='ocrx_word' id='word_1_201' title='bbox 1844 2401 2106 2448; x_wconf 82' lang='lat' dir='ltr'>Hortensio</span> <span class='ocrx_word' id='word_1_202' title='bbox 2123 2435 2137 2459; x_wconf 90' lang='lat'>,</span> <span class='ocrx_word' id='word_1_203' title='bbox 2159 2400 2413 2448; x_wconf 66' lang='lat' dir='ltr'>Mdmoires</span> 
     </span>
     <span class='ocr_line' id='line_1_36' title="bbox 1394 2476 2414 2543; baseline 0.002 -18"><span class='ocrx_word' id='word_1_204' title='bbox 1394 2478 1457 2525; x_wconf 77' lang='lat' dir='ltr'>de</span> <span class='ocrx_word' id='word_1_205' title='bbox 1482 2476 1785 2525; x_wconf 59' lang='lat' dir='ltr'>l&#39;Academie</span> <span class='ocrx_word' id='word_1_206' title='bbox 1802 2477 1885 2524; x_wconf 81' lang='lat' dir='ltr'>des</span> <span class='ocrx_word' id='word_1_207' title='bbox 1903 2478 2217 2543; x_wconf 59' lang='grc' dir='ltr'>ωπον-ἐρεῖσαι</span> <span class='ocrx_word' id='word_1_208' title='bbox 2237 2492 2288 2527; x_wconf 79' lang='lat' dir='ltr'>ee</span> <span class='ocrx_word' id='word_1_209' title='bbox 2309 2477 2414 2527; x_wconf 58' lang='lat' dir='ltr'>Belss</span> 
     </span>
     <span class='ocr_line' id='line_1_37' title="bbox 1394 2555 1858 2612; baseline 0.002 -11"><span class='ocrx_word' id='word_1_210' title='bbox 1394 2555 1648 2603; x_wconf 77' lang='lat' dir='ltr'>les-lettres</span> <span class='ocrx_word' id='word_1_211' title='bbox 1659 2589 1675 2612; x_wconf 89' lang='lat'><em>,</em></span> <span class='ocrx_word' id='word_1_212' title='bbox 1711 2566 1745 2603; x_wconf 88' lang='grc' dir='ltr'>ι.</span> <span class='ocrx_word' id='word_1_213' title='bbox 1771 2556 1858 2603; x_wconf 81' lang='lat' dir='ltr'>lx.</span> 
     </span>
    </p>
   </div>
  </div>
 </body>
</html>
