3044 4788
690 389 1074 457 ORATIO
1126 389 1328 456 PRO
1379 388 1445 455 S.
1500 387 1909 455 ROSCIO.
2272 391 2354 462 81

227 527 584 612 quantum
624 509 843 581 distet
872 512 1399 605 argumentatio
1433 523 1557 579 tua
1589 506 1682 578 ab
1721 533 1796 578 re
1838 511 2025 607 ipsa,
2066 524 2286 608 atque
2320 537 2362 583 a

229 628 545 696 veritate.
581 619 804 712 Quod
842 617 1367 690 consuetudine
1398 631 1636 715 patres
1667 615 1980 705 faciunt,
2011 617 2084 689 id
2105 672 2124 705 ,
2156 624 2364 716 quasi

230 728 1082 829 novum,·reprehendis;
1122 727 1326 825 quod
1355 727 1859 798 'benivolentia
1893 725 2015 816 fit,
2063 728 2139 799 id
2188 729 2361 801 odio

226 844 501 914 factum
544 841 975 924 criminaris3
1007 837 1221 935 quod⁴
1244 837 1543 909 honoris
1576 860 1786 907 causa
1817 852 2020 936 pater
2049 836 2201 910 filio
2228 866 2363 912 suo

225 955 626 1038 concessit,
665 949 740 1020 id
772 973 941 1019 eum
970 949 1304 1045 supplicii
1340 971 1552 1018 causa
1582 946 1830 1018 fecisse
1863 945 2064 1019 dicis.
2110 954 2363 1047 Neque

226 1064 380 1134 haec
410 1078 497 1132 tu
524 1085 678 1132 non
707 1059 1086 1154 intelligis3
1118 1056 1245 1127 sed
1277 1081 1507 1153 usque
1536 1081 1649 1144 e0,
1677 1055 1855 1152 quid
1883 1080 2175 1153 arguas,
2208 1084 2360 1131 non

232 1170 457 1241 habes
480 1224 500 1255 ‚
544 1183 625 1238 ut
649 1193 798 1237 non
835 1166 1054 1236 modo
1088 1165 1221 1236 tibi
1250 1179 1502 1236 contra
1530 1189 1664 1235 nos
1693 1163 2083 1236 dicendum
2114 1183 2366 1266 putes,

232 1305 486 1350 verum
528 1282 745 1349 etiam
792 1289 1042 1346 contra
1073 1299 1316 1345 rerum
1352 1289 1717 1361 naturam,
1750 1289 2145 1373 contraque
2188 1304 2366 1350 con-2

233 1389 701 1461 suetudinem
728 1387 1145 1474 hominum,
1169 1400 1570 1482 contraque
1603 1388 1983 1482 opiniones
2011 1393 2365 1463 omnium.

332 1503 524 1569 XVI.
550 1501 638 1568 At
662 1499 857 1569 enim
881 1506 931 1582 ¹,
953 1520 1184 1590 quum
1209 1493 1393 1566 duos
1416 1494 1604 1566 filios
1630 1493 1930 1567 haberet
1947 1549 1965 1577 ,
1991 1498 2295 1571 alterum
2322 1526 2367 1574 a

241 1635 322 1679 se
343 1632 497 1677 non
521 1604 943 1689 dimittebat,
958 1596 1264 1675 alterum
1292 1607 1441 1674 ruri
1466 1628 1619 1675 esse
1641 1602 2067 1702 patiebatur.
2087 1610 2372 1699 QuaeSO,

248 1719 502 1802 Eruci,
550 1731 627 1785 ut
665 1714 808 1785 hoc
853 1718 927 1783 in
962 1712 1232 1784 bonam
1264 1728 1541 1812 partem
1579 1717 1886 1812 accipias
1917 1741 1934 1783 :
1970 1741 2120 1787 non
2171 1722 2367 1790 enim

245 1823 732 1925 exprobrandi
761 1848 972 1895 causa
993 1877 1012 1910 ,
1044 1822 1169 1894 sed
1206 1823 1717 1893 commonendi
1751 1827 1972 1919 gratia
2003 1824 2259 1898 dicam.
2299 1831 2372 1899 Si

246 1937 375 2009 tibi
411 1936 704 2008 fortuna
739 1960 891 2004 non
925 1932 1160 2022 dedit,
1206 1948 1289 2003 ut
1317 1947 1519 2030 patre
1555 1943 1797 2003 certo²
1832 1958 2241 2025 nascerere,
2285 1963 2375 2010 ex

242 2072 392 2144 quo
432 2046 835 2140 intelligere
866 2068 1153 2141 posseS,
1197 2046 1325 2140 qui
1359 2044 1645 2112 animus
1686 2046 1960 2139 patrius
1991 2048 2067 2115 in
2105 2045 2373 2119 liberos
2412 2078 2421 2094 ·

242 2173 428 2228 esset
445 2212 464 2245 ,
490 2171 565 2226 at
588 2171 843 2225 natura
865 2169 1056 2226 certe
1079 2152 1315 2240 dedit,
1339 2167 1420 2223 ut
1444 2151 1910 2223 humanitatis
1937 2179 2086 2226 non
2114 2181 2373 2255 parum

242 2266 571 2338 haberes.
608 2269 711 2336 Eo
736 2267 1031 2335 accessit
1063 2261 1384 2334 studium
1413 2260 1795 2350 doctrinae,
1831 2277 1915 2332 ut
1946 2290 2038 2335 ne
2069 2291 2111 2337 a
2148 2268 2373 2340 literis

244 2376 547 2475 quidem
578 2375 856 2447 alienus
888 2399 1097 2445 esses.
1142 2370 1422 2468 Ecquid
1459 2369 1750 2443 tandem
1785 2371 1921 2444 tibi
1951 2375 2262 2467 videtur,
2294 2392 2379 2450 u't

246 2486 337 2556 ad
378 2485 662 2556 fabulas
704 2487 1115 2569 veniamuS,
1154 2507 1375 2552 senex
1405 2481 1524 2552 ille
1558 2480 2028 2554 Caecilianus³
2075 2490 2376 2560 minoris

248 2596 480 2667 facere
526 2590 1236 2689 Eutychum,filium
1272 2594 1662 2680 rusticum,
1713 2617 1931 2689 quam
1964 2595 2171 2666 illum
2210 2599 2380 2669 alte*-

252 2732 437 2792 rum,
455 2704 1010 2776 Chaerestmtum
1052 2701 1274 2796 (nam,
1292 2716 1376 2770 ut
1399 2704 1686 2798 opinor,
1723 2702 1866 2773 hoc
1886 2709 2183 2777 nomine
2202 2707 2379 2803 est)?

252 2816 556 2886 alterum
586 2817 664 2882 in
698 2810 878 2882 urbe
908 2836 1153 2882 secum
1174 2810 1471 2881 honoris
1496 2835 1709 2882 causa
1735 2811 2046 2884 habere?
2070 2817 2375 2889 alterum

258 2952 376 2997 rus
422 2923 761 3023 supplicii
815 2947 1025 2993 causa
1074 2921 1474 3017 relegasse?
1506 2920 1705 3011 Quid
1751 2922 1844 2993 ad
1876 2926 2043 2996 istas
2073 2929 2380 3026 ineptias

256 3033 452 3104 abis?
500 3037 806 3131 inquies.
845 3035 1067 3124 Quasi
1112 3036 1327 3102 vero‘·
1365 3030 1545 3101 mihi
1591 3030 1881 3104 difficile
1922 3038 2013 3106 sit
2048 3042 2378 3133 quamvis

261 3145 527 3214 multos
574 3146 1001 3214 nominatim
1046 3140 1407 3240 proferre,
1460 3165 1553 3212 ne
1596 3143 1884 3239 longius
1928 3143 2221 3235 abeam,
2264 3152 2377 3220 vel

262 3252 627 3340 tribules⁵,
655 3255 765 3324 vel
796 3256 1070 3323 vicinos
1095 3275 1316 3338 meoS,
1344 3253 1471 3346 qui
1505 3274 1675 3320 suos
1708 3250 1996 3339 liberoS,
2018 3280 2204 3351 quos
2229 3256 2386 3353 plu-

260 3365 424 3433 rimi
466 3361 778 3450 faciunt,
825 3360 1169 3457 agricolas
1198 3358 1525 3430 assiduos
1556 3385 1709 3432 esse
1754 3364 2081 3459 cupiunt.
2111 3369 2382 3437 Verum

327 3564 465 3610 xvl.
500 3577 545 3609 ι.
582 3562 653 3608 Ae
680 3562 827 3610 enim.
867 3562 1094 3623 Obiectio
1132 3563 1271 3623 cujus
1430 3561 1479 3610 3.
1510 3562 1814 3613 Caeeilianus.
1841 3565 2077 3614 Inductus
2102 3583 2128 3614 a
2161 3569 2384 3629 caecilio,

254 3657 424 3689 sensus
446 3652 548 3689 est:
574 3641 627 3687 Si
650 3651 707 3688 tu
731 3657 791 3688 ex
817 3642 1004 3690 incerto
1032 3651 1167 3705 patre
1192 3655 1272 3688 ua-
1359 3641 1471 3704 qui,
1499 3649 1646 3705 poeta
1673 3643 1919 3703 comicus,
1950 3646 2120 3693 Romae
2146 3645 2346 3698 florebat
2366 3683 2382 3707 ,

256 3732 363 3777 tus,
398 3721 557 3766 nescis
582 3719 694 3782 quis
717 3721 780 3767 sit
804 3719 991 3784 patrius
1017 3721 1066 3766 iu
1095 3719 1271 3768 liberos
1358 3719 1505 3767 Ennii
1540 3720 1870 3783 temporibus,
1910 3723 2038 3770 ciro·
2070 3741 2251 3772 annum
2284 3730 2380 3776 180

253 3815 409 3854 mor,
434 3809 595 3845 tamen
620 3799 698 3845 vel
721 3798 876 3846 literis
901 3799 1023 3846 scire
1048 3799 1273 3863 potuisti,
1359 3808 1471 3845 aute
1496 3797 1765 3849 Christum.

252 3894 279 3923 a
298 3876 487 3940 quibus
510 3893 615 3924 uon
637 3894 689 3924 es
712 3877 898 3924 alienus
914 3913 928 3935 ,
959 3877 1272 3941 quemadmo·
1431 3885 1483 3932 4.
1530 3877 1684 3939 Quasi
1731 3894 1868 3927 vero.
1923 3880 2185 3942 Subiectio.
2234 3887 2386 3947 Quasi

254 3957 372 4003 dnm
399 3954 537 4004 filios
560 3967 721 4020 patres
746 3956 969 4020 diligant.
1363 3959 1564 4022 penuria
1583 3958 1912 4020 exemplorum
1933 3960 1996 4006 ad
2016 3960 2201 4009 fabulas
2218 3963 2388 4012 decur-

325 4052 377 4082 2.
414 4035 575 4084 cer-eo.
608 4035 862 4098 Legitimo.
890 4036 936 4082 A
962 4035 1127 4083 matris
1153 4034 1280 4083 insa·
1368 4036 1543 4097 rerim3
1572 4052 1671 4083 non
1692 4038 1810 4086 mihi
1834 4037 2065 4098 difficile,
2093 4052 2188 4088 etc.

256 4115 348 4161 nia
374 4113 572 4162 mordet
587 4116 831 4162 Erucium.
1447 4114 1496 4161 5.
1536 4114 1773 4165 Tribules.
1810 4118 1908 4180 Qui
1946 4134 2009 4166 ex
2045 4118 2212 4166 eadem
2258 4118 2390 4168 tribu

458 4203 515 4266 Ῑ.
565 4215 652 4259 Cic.
671 4229 783 4274 pare
803 4205 1018 4260 secundae
2109 4203 2156 4271 (J
