3044 4788
641 396 784 466 600
1424 386 1976 461 APPENDIX

611 544 616 549 ’
645 534 849 580 torem
873 516 1097 579 tulisse
1128 545 1152 569 κ
1175 531 1246 578 ut
1270 516 1388 578 soli
1419 531 1744 577 senatores
1763 513 2131 593 judioerent
2146 545 2171 569 n
2191 536 2209 594 3
2235 514 2415 601 quod
2438 515 2787 601 equitibus

640 639 705 686 et
738 621 909 710 plebi
940 636 1108 685 esset
1138 622 1429 685 infensus
1453 669 1470 693 ‚
1511 620 1625 706 qui
1655 617 1991 683 adversum
2026 643 2096 682 se
2127 643 2247 707 pro
2282 621 2596 684 Marianis
2630 647 2782 710 par-

643 730 816 794 tibus
850 744 1173 792 steterant.

730 838 836 901 Sic
877 836 1159 922 denique
1208 833 1446 912 judicia
1501 833 1905 896 senatoribus
1955 834 2251 896 restituta
2297 849 2487 912 sunt3
2527 857 2670 897 uno
2712 853 2777 898 et

646 941 1069 1029 quadraginta
1094 939 1279 1003 annis
1317 954 1664 1024 postquam
1698 937 1801 1000 illa
1834 937 1924 1001 eis
1959 936 2259 1024 adempta
2296 938 2436 1026 lege
2465 941 2770 1026 Sempro-

648 1048 753 1110 nia
800 1046 1072 1109 fuerant.
1127 1040 1327 1123 Quod
1358 1059 1575 1106 autem
1614 1044 1844 1129 saepius
1892 1060 2165 1129 usurpat
2197 1045 2429 1107 Cicero
2484 1044 2772 1130 -equites

641 1150 881 1232 judicia
920 1150 1060 1212 sine
1109 1148 1373 1210 infamia
1419 1170 1536 1235 per
1572 1164 1783 1210 totum
1835 1148 1963 1211 hoc
2012 1163 2269 1235 tempus
2323 1150 2673 1212 exercuisse
2700 1180 2769 1227 ν,

640 1257 828 1343 plane
861 1251 1237 1316 adversatur
1267 1253 1570 1317 historiae.
1608 1253 1863 1315 Etenim
1891 1270 2119 1315 contra
2155 1271 2370 1317 narrat
2403 1254 2761 1341 Appianas,

640 1377 1007 1448 equestrem
1042 1358 1340 1422 ordinem
1368 1360 1500 1438 jam
1538 1358 1620 1422 ab
1651 1360 1835 1422 initio
1872 1358 2164 1445 potentia
2195 1381 2310 1422 sua
2347 1360 2631 1446 turpiter
2657 1360 2770 1422 ab·

643 1489 836 1529 usum
888 1464 1115 1545 fuisse,
1165 1465 1297 1528 sive
1333 1463 1641 1527 divitibus
1686 1480 2086 1527 accusatores
2128 1464 2589 1544 subornando;
2643 1467 2771 1528 sive

639 1572 811 1659 leges
859 1568 1242 1657 corruptelis
1270 1567 1564 1648 judicum
1608 1568 1934 1657 oppositas
1979 1567 2342 1649 eludendo,
2384 1586 2449 1633 et
2494 1570 2773 1656 superbe

645 1674 1147 1740 contemnendo·

731 1786 827 1848 De
856 1784 1083 1847 iisdem
1112 1783 1437 1870 equitibus
1457 1781 1698 1861 judicia
1719 1782 2315 1846 administrantibus
2341 1784 2615 1846 meliora
2643 1806 2772 1846 nou

642 1888 944 1976 praedicat
971 1888 1126 1952 vell.
1162 1889 1300 1952 Pat.
1332 1889 1438 1955 lib.
1477 1891 1575 1969 11,
1612 1912 1746 1976 cap.
1781 1889 1893 1952 13:
1942 1920 1966 1942 n
1988 1890 2141 1951 Eam
2179 1905 2566 1976 potestatem
2600 1888 2773 1967 judi-

644 1994 861 2075 candi,
901 1996 1068 2058 nacti
1110 1995 1387 2080 equites,
1435 1996 1677 2081 inquit,
1715 1995 2102 2057 Gracchanis
2140 1994 2427 2080 legibus,
2465 2018 2676 2081 quum
2710 1996 2772 2056 in

641 2100 882 2161 multos
920 2100 1298 2162 clarissimos
1339 2116 1535 2186 atque
1575 2099 2137 2163 innocentissimos
2173 2100 2343 2161 viros
2390 2100 2767 2171 saeviissent‚

644 2219 782 2264 tum
818 2203 886 2264 P.
917 2202 1263 2283 Rutilium,
1292 2204 1502 2266 virum
1543 2227 1677 2267 non
1713 2205 1921 2267 saeculi
1952 2205 2081 2283 sui,
2115 2203 2229 2266 sed
2264 2204 2479 2266 omnis
2514 2206 2635 2266 aevi
2661 2226 2771 2291 op*

641 2307 876 2368 timum
896 2353 914 2385 ,
972 2306 1442 2396 interrogatum
1500 2311 1641 2398 lege
1705 2307 2243 2396 repetundarum,
2283 2310 2571 2371 maximo
2631 2330 2769 2372 cum

642 2413 889 2500 gemitu
923 2413 1194 2477 civitatis
1229 2413 1698 2479 damnaverunt
1717 2446 1763 2478 ιι.
1789 2414 1936 2478 Vid.
1964 2415 2095 2478 Liv.
2129 2416 2297 2502 Epit.
2327 2438 2430 2501 70·

730 2520 825 2582 Ex
855 2520 958 2584 his
989 2520 1252 2608 planum
1289 2521 1358 2584 fit
1392 2522 1641 2608 equites
1675 2521 1950 2607 turpiter
1976 2519 2295 2599 judicasse
2317 2568 2334 2600 ,
2366 2537 2566 2606 atque
2599 2523 2775 2584 Cice-

643 2648 873 2689 ronem
892 2671 911 2706 ,
941 2626 1053 2689 toti
1092 2627 1388 2713 equitum
1417 2623 1630 2688 ordini
1662 2643 1734 2688 ut
1752 2624 2150 2712 indulgeret,
2185 2626 2377 2711 gratis
2405 2623 2648 2689 dixisse
2668 2627 2777 2688 ubi

641 2713 869 2817 supra,
905 2731 1222 2811 «nullam,
1249 2731 1467 2817 equite
1499 2750 1769 2804 romano
1798 2728 2132 2808 judicante
2155 2777 2174 2811 ‚
2210 2753 2293 2793 ne
2325 2732 2774 2794 tenuissimam

646 2835 911 2921 quidem
942 2836 1374 2923 suspicionem
1405 2852 1681 2923 acceptae
1712 2836 2028 2921 pecuniae‚
2055 2835 2142 2899 ob
2175 2858 2309 2898 rem
2328 2835 2776 2914 judicandam,

644 2941 1059 3004 constitutam
1088 2942 1283 3004 fuisse
1304 2972 1349 3004 ι».
1380 2941 1652 3020 Rejectis
1684 2940 1881 3029 igitur
1913 2941 2619 3027 equitibus,senatores
2637 2990 2655 3020 ,
2684 2944 2778 3005 uti

647 3061 798 3107 ante
832 3044 1233 3109 Gracchanas
1269 3048 1437 3134 leges
1458 3095 1474 3125 ,
1514 3046 1666 3120 soli,
1692 3047 1840 3133 ‘lege
1873 3047 2192 3127 Cornelia,
2213 3046 2626 3128 judicarunt;
2660 3071 2773 3111 nec

646 3150 767 3237 ipsi
798 3150 1067 3230 minori,
1097 3173 1289 3236 quam
1326 3151 1607 3238 equite5‚
1641 3151 1921 3214 infamia.
1957 3152 2135 3214 Pleni
2167 3151 2308 3214 libri
2336 3173 2351 3214 ε
2384 3151 2591 3238 plenae
2624 3170 2776 3216 sunt

653 3257 981 3320 Ciceronis
1014 3258 1079 3319 in
1105 3257 1373 3321 Verrem
1412 3259 1772 3339 orationes,
1817 3258 1986 3320 inter
2027 3257 2249 3321 decem
2279 3280 2515 3340 annos,
2554 3277 2775 3347 postea

648 3384 844 3448 quam
876 3362 1116 3443 judicia
1150 3361 1230 3425 ad
1275 3377 1568 3425 senatum
1614 3363 1912 3425 translata
1946 3379 2135 3443 sunt,
2171 3364 2567 3432 senatorium
2600 3363 2772 3427 ordi·

648 3489 800 3530 nem
836 3469 904 3530 in
937 3468 1134 3532 rebus
1149 3466 1511 3548 judicandis
1541 3468 1780 3531 nefarie
1806 3465 2246 3556 flagitioseque
2271 3491 2407 3531 esse
2427 3486 2768 3533 versatum.

646 3570 818 3656 Ergo
845 3571 1238 3650 judiciorum
1276 3573 1527 3636 levitate
1560 3572 1801 3635 factum
1838 3589 1961 3653 est,
1994 3589 2070 3635 ut
2103 3570 2266 3635 ordo
2302 3573 2500 3655 alius,
2542 3596 2773 3662 nempe

646 3691 964 3761 equester,
1002 3677 1471 3763 postularetur:
1507 3676 1688 3764 quod
1717 3678 2025 3740 nimirum
2061 3694 2397 3766 putaretur
2426 3679 2771 3768 integriora

647 3782 785 3844 fore
811 3777 1086 3860 judicia,
1120 3782 1172 3844 si
1206 3779 1372 3844 duos
1406 3784 1575 3846 inter
1610 3781 1870 3847 ordines
1904 3800 2117 3848 essent
2146 3785 2640 3849 communicata.

734 3885 943 3973 Igitur
963 3908 1137 3949 anno
1162 3885 1512 3951 undecimo
1539 3904 1685 3975 post
1708 3889 1900 3952 latam
1943 3890 2150 3975 legem
2191 3888 2556 3955 Corneliam
2582 3939 2601 3970 ,
2647 3892 2772 3954 hoc

644 4008 774 4068 est,
800 4015 976 4055 anno
998 3992 1191 4056 Urbis
1221 3991 1348 4057 683
1368 4042 1386 4074 ,
1412 4017 1546 4081 quo
1573 4016 1747 4057 anno
1771 4017 1963 4058 causa
1980 3994 2196 4057 Verris
2222 4010 2361 4058 acta
2387 4012 2514 4076 est,
2547 4000 2620 4060 C.
2643 3999 2770 4058 Au-

638 4098 830 4162 relius
859 4101 1046 4163 Cotta
1070 4116 1308 4186 praetor
1331 4100 1480 4163 tulit
1498 4147 1515 4178 ,
1542 4116 1653 4163 «ut
1672 4097 1942 4180 judicia,
1963 4123 2107 4186 quae
2142 4123 2337 4187 penes
2374 4100 2549 4164 solos
2590 4124 2767 4165 sena·
