3044 4788
675 406 782 475 IN
835 405 1255 473 VERREM
1305 407 1536 474 AcT.
1577 407 1677 490 11,
1724 408 1908 475 LIB.
1950 408 2050 475 11.
2294 363 2427 494 46.

301 521 563 625 hospes
607 525 858 598 fuisset
905 541 1122 622 atque
1165 539 1386 610 esset,
1437 522 1527 595 ad
1566 550 1734 595 eum
1768 551 2155 597 numerum
2195 529 2435 601 claris—

301 642 652 709 simorum
707 636 1081 708 hominum
1129 650 1339 705 tuum
1386 660 1688 732 quoque
1724 661 1993 708 nomen
2037 637 2433 738 adscripsit.

299 753 540 839 Quare
563 745 652 817 de
678 746 994 844 hospitio
1021 746 1319 831 violat0,
1339 759 1412 816 et
1434 742 1525 815 de
1559 748 1694 816 isto
1714 760 1845 816 tuo
1874 745 2148 817 nefario
2165 747 2431 820 scelere

297 858 477 929 nihil
528 881 846 956 queror:
906 855 1049 926 hoc
1094 854 1289 942 dico,
1340 880 1491 925 non
1532 857 1660 943 iis,
1711 860 1840 954 qui
1880 856 2259 928 Sthenium
2298 885 2429 929 no-

296 982 512 1056 runt‘,
552 967 693 1038 hoc
731 981 873 1052 est,
908 966 1184 1036 nemini
1217 988 1509 1051 eorum,
1548 969 1677 1062 qui
1715 968 1790 1035 in
1823 967 2057 1037 Sicilia
2098 964 2430 1058 fuerunt3

296 1103 513 1150 nemo
548 1079 740 1148 enim
769 1079 1084 1173 ignorat,
1119 1100 1268 1171 quo
1299 1073 1418 1144 hic
1449 1076 1524 1143 in
1555 1076 1839 1147 civitate
1864 1101 1992 1148 sua
2021 1077 2435 1175 splendore,

294 1214 440 1286 qua
463 1186 659 1285 apud
687 1211 940 1257 omnes
968 1186 1245 1256 Siculos
1281 1183 1629 1283 dignitate
1660 1201 1877 1282 atque
1906 1190 2433 1262 existimatione

296 1303 421 1387 sit3
443 1298 564 1370 sed
585 1354 604 1387 ,
625 1313 708 1370 ut
727 1297 825 1367 illi
849 1321 1170 1393 quoque,
1187 1297 1315 1393 qui
1344 1297 1419 1365 in
1445 1320 1526 1365 ea
1549 1298 1918 1391 provincia
1937 1324 2086 1369 non
2115 1298 2432 1387 fuerunt,

294 1410 691 1508 intelligere
726 1409 1036 1505 possint,
1065 1408 1141 1476 in
1181 1431 1331 1502 quo
1370 1405 1668 1477 homine
1706 1422 1786 1478 tu
1825 1412 2157 1480 statueris
2196 1437 2433 1483 exem-

294 1521 496 1618 plum
549 1517 939 1612 ejusmodi,
999 1515 1198 1613 quod
1244 1530 1399 1586 tum
1438 1530 1740 1613 propter
1783 1519 2238 1615 iniquitatem
2285 1525 2426 1609 rei,

296 1646 452 1701 tum
479 1632 692 1700 etiam
734 1642 1032 1727 propter
1064 1625 1382 1697 hominis
1407 1624 1825 1723 dignitatem
1844 1683 1863 1715 ‚
1888 1628 2230 1699 acerbum
2266 1656 2424 1701 om·

294 1740 511 1812 nibus
542 1753 757 1836 atque
794 1734 1327 1808 intolerandum
1374 1734 1756 1806 videretur.

392 1854 641 1922 XLVI.
682 1853 899 1921 Estne
930 1847 1268 1918 Sthenius
1302 1847 1400 1934 is,
1439 1850 1566 1943 qui
1593 1872 1845 1918 omnes
1878 1846 2193 1920 honores
2230 1848 2425 1923 domi

292 1972 475 2032 suae‘
518 1959 853 2031 facillime
911 1982 1142 2054 quum
1207 1956 1512 2054 adeptus
1574 1972 1799 2047 esset,
1852 1958 2291 2056 amplissime
2343 1988 2426 2034 ac

292 2070 990 2168 magnificentissime
1011 2066 1272 2164 gessit?
1294 2068 1420 2163 qui
1439 2066 1796 2164 oppidum
1825 2092 1972 2138 non
2005 2072 2425 2157 maximum,

252 2184 617 2254 -maximis
662 2207 753 2253 ex
804 2180 1110 2277 pecunia
1146 2202 1273 2249 sua
1311 2178 1488 2248 locis
1538 2176 2050 2248 communibus
2066 2189 2122 2265 ²,
2160 2205 2421 2252 monu-

288 2296 695 2390 mentisque
719 2289 1124 2361 decoravit?
1148 2288 1351 2383 cujus
1376 2286 1466 2359 ‘de
1498 2290 1770 2358 meritis
1801 2290 1873 2358 in
1894 2289 2419 2386 rempublicam

286 2403 959 2486 Thermitanorum,
988 2399 1411 2495 Siculosque
1455 2401 1862 2483 univerSOS,
1902 2394 2039 2468 fuit
2081 2425 2276 2471 aenea
2316 2417 2420 2474 ta-

285 2512 460 2583 bula
518 2510 658 2580 fixa
695 2510 1018 2580 Thermis
1071 2514 1145 2579 in
1191 2511 1423 2590 curia,
1492 2510 1566 2576 in
1613 2531 1756 2603 qua
1799 2506 2090 2604 publice
2135 2526 2282 2581 erat
2332 2512 2423 2584 de

286 2620 505 2715 hujus
529 2618 904 2705 beneficiis
938 2622 1284 2717 scriptum
1327 2630 1398 2687 et
1426 2617 1782 2687 incisum?
1813 2641 1975 2714 quae
2001 2616 2423 2692 tabulatum

288 2730 595 2827 imperio
630 2743 755 2799 tuo
779 2727 1096 2814 revulsa,
1126 2751 1322 2798 nunc
1347 2752 1389 2797 a
1426 2751 1541 2796 me
1572 2742 1813 2797 tamen
1839 2725 2261 2824 deportata³
2284 2745 2421 2817 est,

288 2854 370 2911 ut
411 2864 664 2911 omnes
698 2838 917 2933 hujus
950 2833 1267 2908 honores
1304 2838 1493 2907 inter
1531 2860 1737 2922 suOS,
1769 2851 1841 2906 et
1868 2836 2421 2934 amplitudinem

286 2965 582 3047 possent
639 2971 1097 3045 cognoscere.
1158 2951 1378 3017 Estne
1429 2945 1583 3032 hic,
1624 2947 1752 3042 qui
1794 2946 1990 3043 apud
2030 2952 2162 3017 Cn.
2207 2952 2421 3020 Pom-

283 3063 532 3157 peium
550 3063 608 3148 ⁴,
668 3059 1138 3129 clarissimum
1186 3060 1456 3144 virum,
1498 3082 1732 3154 quum
1781 3073 2150 3129 accusatus
2201 3077 2422 3147 esset,

284 3169 523 3265 quod,
580 3183 881 3267 propter
913 3171 989 3256 C.
1040 3167 1245 3236 Marii
1290 3165 1844 3237 familiaritatem
1881 3182 1953 3237 et
1988 3168 2419 3266 hospitium,

284 3294 537 3350 contra
572 3279 1092 3377 rempublicam
1119 3272 1149 3318 ⁵
1183 3278 1484 3348 sensisse
1521 3302 1689 3348 eum
1727 3278 1999 3348 inimici
2033 3295 2102 3349 et
2133 3304 2420 3353 accusa-

1464 3455 1489 3478 Ο

354 3496 536 3544 va1.
576 3511 619 3543 1.
657 3499 769 3543 Suoe
804 3496 1062 3544 delendum
1099 3492 1301 3559 putabat
1388 3509 1464 3541 res
1476 3493 1652 3541 frustra
1669 3493 1882 3541 tabulam
1901 3494 2106 3552 revellit,
2125 3511 2236 3559 qnae
2252 3509 2416 3548 eumen

285 3573 562 3621 Gronovius
584 3587 736 3639 pater,
756 3574 959 3624 Observ.
978 3579 1028 3634 1,
1059 3590 1147 3633 1²3
1168 3574 1302 3621 slmi-
1390 3573 1640 3636 diligentia
1672 3574 1925 3621 Ciceronis
1950 3575 2234 3637 investigata
2260 3590 2354 3627 est.

282 3652 344 3699 lia
389 3668 507 3701 vero
548 3654 764 3718 exempla
803 3654 1009 3702 adduxit
1051 3652 1212 3711 filins,
1248 3654 1302 3699 in
1461 3661 1510 3710 4.
1532 3653 1625 3701 Cn.
1653 3653 1953 3716 Pompeium.
1982 3655 2147 3716 Quum
2174 3656 2226 3702 in
2255 3658 2416 3707 Sicilia

282 3734 421 3780 Verr.
448 3734 529 3791 11,
559 3734 623 3780 28
644 3748 659 3790 ς
694 3734 769 3781 111
785 3766 799 3789 ,
821 3733 916 3792 23,
939 3744 1032 3781 etc.
1050 3735 1081 3781 J
1086 3735 1180 3780 .V.
1210 3733 1265 3782 1..
1388 3732 1509 3794 fuit,
1528 3731 1802 3780 Carbonem
1827 3749 2146 3798 persequens,
2178 3737 2420 3787 Matiana·

354 3827 402 3858 2.
459 3811 594 3858 Locis·
660 3811 1015 3861 communibus.
1062 3809 1299 3862 AEdificiis
1386 3827 1493 3858 rum
1521 3812 1733 3875 partium
1759 3812 1947 3860 ducem.
1990 3813 2117 3861 Nam
2149 3816 2413 3879 Pompeius

279 3890 491 3954 publicis
507 3927 522 3951 ‚
544 3905 755 3954 qnorum
774 3906 892 3937 usus
913 3900 986 3938 est
1001 3892 1295 3940 communis.
1388 3906 1480 3954 pro
1498 3892 1628 3939 Suu·
1640 3926 1655 3950 ,
1688 3908 1714 3939 a
1738 3908 1839 3955 qno
1859 3892 2123 3956 imperator
2142 3896 2415 3958 appellatus

352 3971 399 4017 3.
423 3970 589 4031 Olim,
625 3979 890 4033 reportata.
921 3971 970 4017 J.
997 3972 1047 4017 1³.
1075 3971 1296 4020 Gronov.
1387 3980 1488 4028 est,
1519 3981 1688 4017 contra
1716 3972 1930 4019 Marium
1953 3974 2203 4035 pugnavit.

277 4049 533 4112 legendum
552 4059 692 4114 putat
709 4083 722 4106 ‚
745 4070 769 4089 α
784 4063 916 4095 nunc
942 4065 968 4094 a
994 4064 1071 4095 me
1089 4050 1297 4096 Romam
1464 4051 1511 4098 5.
1532 4049 1713 4096 Contra
1739 4049 2102 4113 rempublicam.
2118 4052 2302 4100 Contra
2326 4069 2417 4100 no-

280 4128 533 4192 deportata
558 4140 630 4176 est
646 4150 687 4177 ιι.
709 4128 743 4175 J
747 4130 832 4174 .V.
852 4129 906 4175 1..
926 4155 994 4165 -
1013 4126 1161 4175 Male.
1187 4131 1304 4175 Ver·
1391 4128 1514 4176 biles
1551 4140 1600 4176 et
1637 4123 1859 4177 Sullanas
1901 4140 2064 4192 partes
2108 4146 2218 4194 quae
2265 4148 2418 4197 remp.
2442 4137 2446 4142 '
