3044 4788
727 460 837 527 IN
889 459 1315 527 VERREM
1370 460 1589 527 ACT.
1647 459 1761 542 11,
1813 457 2010 524 Lm.
2069 457 2170 541 11.
2370 455 2500 545 47¹

392 603 647 677 sesque
691 602 1086 674 congruere
1116 576 1372 648 volunt
1403 601 1571 649 cum
1616 576 1788 647 solis
1824 575 2159 671 lunaeque
2197 577 2514 659 ratione,

296 719 303 726 ·
395 705 478 761 ut
515 711 1107 785 nonnumquam,
1141 690 1198 757 si
1238 685 1417 784 quid
1459 686 1859 783 discrepet,
1897 684 2252 756 eximant‘*
2288 707 2521 755 unum

394 799 709 896 aliquem
764 796 992 885 diem,
1057 811 1185 868 aut
1237 821 1646 879 summum,
1697 794 2006 866 biduum
2072 818 2161 865 ex
2227 816 2516 878 mense;

396 928 584 1001 quos
623 903 727 974 illi
770 901 1177 1000 ἐξαιρεσίμους
1222 902 1375 975 dies
1431 907 1867 974 nominant·:
1925 901 2099 970 item
2150 922 2524 969 nonnum-

394 1040 617 1111 quam
647 1039 796 1085 uno
825 1013 940 1085 die
979 1014 1382 1109 longiorem
1421 1036 1745 1084 mensem
1781 1009 2088 1094 faciunt,
2123 1022 2248 1078 aut
2273 1005 2522 1077 biduo.

396 1128 576 1215 Quae
629 1127 764 1196 iste
815 1149 1046 1221 quum
1097 1124 1591 1220 cognovisset,
1638 1145 1870 1191 novus
1911 1118 2350 1214 astrologus,
2397 1117 2527 1214 qui

397 1233 591 1306 non⁵
630 1248 775 1305 tam
808 1233 959 1305 caeli
995 1236 1379 1321 rationem,
1400 1258 1621 1331 quam
1647 1231 1871 1303 caelati
1901 1230 2176 1326 argenti
2204 1226 2527 1313 duceret,

398 1351 614 1419 eximi
646 1347 859 1444 jubet
893 1374 1046 1419 non
1090 1347 1280 1420 diem
1320 1374 1407 1420 ex
1448 1371 1734 1432 mense,
1777 1343 1901 1417 sed
1938 1368 2025 1414 ex
2062 1368 2255 1413 anno
2291 1367 2524 1412 unum

397 1458 999 1555 dimidiatumque
1044 1482 1405 1543 mensem;
1453 1457 1596 1528 hoc
1651 1453 1906 1539 mod0‚
1965 1465 2083 1536 ut,
2151 1475 2303 1547 quo
2369 1448 2527 1534 die,
2633 1458 2638 1463 ’

400 1568 603 1640 verbi
645 1594 890 1656 causa,
917 1593 1071 1641 esse
1110 1583 1483 1666 oporteret
1508 1566 1670 1638 idus
1696 1565 2093 1661 januariaS,
2126 1585 2215 1632 eo
2249 1561 2366 1631 die
2398 1560 2524 1630 ka-

404 1677 651 1749 lendas
678 1680 965 1749 martias
994 1674 1545 1776 proscriberet5.
1586 1682 1839 1772 Itaque
1881 1672 1997 1760 fit,
2032 1669 2375 1742 omnibus
2410 1694 2526 1741 re-

402 1786 823 1859 cusantibus
882 1803 955 1859 et
1018 1787 1470 1886 plorantibus
1492 1798 1544 1857 ⁷.
1605 1788 1777 1858 Dies
1832 1789 1893 1855 is
1956 1797 2108 1854 erat
2170 1782 2530 1877 legitimus

403 1900 712 1970 comitiis
745 1897 1119 1970 habendis.
1166 1905 1272 1970 Eo
1308 1898 1532 1970 modo
1569 1895 1907 1977 ¹sacerdos
1948 1891 2377 1964 Climachias
2416 1914 2530 1961 re-

402 2013 777 2082 nuntiatus
808 2010 1386 2082 est.,Herodotus
1416 2034 1649 2107 quum
1685 2013 1915 2079 Roma
1945 2002 2349 2087 revertitur,
2379 1999 2530 2070 die·

403 2119 543 2192 bus
557 2116 615 2208 ⁸,
647 2135 732 2192 ut
768 2124 921 2219 ipse
957 2121 1290 2219 putabat,
1317 2119 1737 2220 quindecim
1757 2132 1926 2188 ante
1950 2115 2270 2201 comitia,
2301 2109 2532 2182 offen·

405 2230 511 2301 dit
558 2256 729 2301 eum
777 2255 1130 2313 mensem,
1168 2232 1293 2327 qui
1338 2231 1807 2327 consequitur
1850 2248 2173 2296 mensem
2215 2222 2538 2292 comitia-

406 2340 548 2413 lem
566 2396 585 2429 ,
621 2342 930 2414 comitiis
957 2342 1105 2439 jam
1139 2340 1404 2413 abhinc
1430 2340 1722 2437 triginta
1750 2333 2008 2412 diebus
2033 2330 2317 2403 habitis.
2332 2333 2539 2401 Tunc

406 2450 979 2549 Cephaloeditani
1036 2451 1509 2523 decreverunt
1574 2442 2127 2547 intercalarium·
2177 2463 2311 2508 xcv
2387 2435 2540 2507 dies

409 2562 712 2656 longum
735 2614 754 2647 ,
793 2576 877 2632 ut
910 2560 1168 2657 reliqui
1205 2583 1489 2649 menses
1532 2558 1608 2627 in
1654 2576 1858 2626 suam
1907 2550 2261 2621 rationem
2306 2570 2540 2617 rever·

411 2682 759 2739 terentur.
796 2674 951 2740 Hoc
991 2673 1049 2740 si
1085 2675 1381 2741 Romans»
1412 2665 1569 2737 fieri
1606 2677 1885 2763 posset,
1925 2672 2119 2731 certe
2154 2658 2395 2754 aliqua
2432 2679 2542 2726 ra-

483 2904 532 2951 ι.
554 2893 807 2943 Eximane.
833 2893 995 2944 Graeci
1028 2904 1124 2942 tres
1155 2895 1207 2941 in
1234 2905 1424 2958 partes,

412 2991 498 3023 seu
528 2966 776 3032 δεκάδας,
819 2987 1029 3020 mensem
1067 2981 1226 3019 totum
1259 2988 1424 3030 suum,

412 3056 500 3118 qui
524 3053 705 3101 lunaris
730 3063 860 3114 erat,
879 3046 1195 3108 dividebant3
1222 3067 1426 3114 quarum

414 3133 568 3198 prim
601 3143 652 3181 et
681 3131 894 3180 secunda
933 3129 1100 3179 decem
1127 3129 1299 3178 diebus
1328 3130 1428 3176 sin-

415 3213 540 3276 gula
581 3211 900 3269 eonstsbsnu
945 3209 1087 3258 tertia
1118 3220 1308 3266 sutem,
1350 3207 1428 3255 die

414 3308 516 3341 uuo
537 3301 622 3339 sut
645 3290 709 3339 sd
733 3306 973 3339 summum
999 3289 1152 3337 altero
1177 3304 1310 3336 nune
1326 3287 1432 3335 lon·

415 3373 540 3434 gior,
566 3388 699 3420 nune
732 3372 928 3420 brevior
948 3381 1056 3420 erat
1073 3405 1088 3428 ,
1140 3379 1289 3433 prout
1316 3368 1433 3416 lum

415 3450 569 3498 serius
605 3461 691 3500 sut
726 3450 931 3499 celerius
963 3461 1232 3514 appareret.
1267 3449 1435 3502 Exem-

418 3540 533 3592 ptos
556 3540 716 3577 sutem
737 3527 839 3577 dies
866 3525 1208 3596 ἐξαιρισίμους,
1231 3528 1433 3576 interea·

412 3609 541 3656 latos
569 3603 844 3674 ἐμὸολίμους
869 3608 1126 3657 vocabant.
1148 3611 1322 3656 Verres
1344 3622 1433 3654 sn-

418 3699 516 3735 tem
538 3687 737 3735 immun
754 3686 951 3735 neentis
972 3704 1068 3735 xm
1096 3687 1201 3736 dies
1224 3687 1404 3736 exemit
1419 3719 1434 3741 ,

414 3765 801 3832 §igniflua-vitque
832 3783 880 3815 v.
911 3782 964 3830 g.
996 3783 1058 3814 eo
1093 3766 1172 3815 die
1201 3768 1306 3816 fore
1336 3764 1435 3813 kal.

418 3858 555 3895 mart.
572 3863 674 3910 quo
697 3845 777 3893 die
803 3861 905 3894 esse
932 3855 1184 3910 oporteret
1211 3845 1434 3907 idusjsn.

419 3927 491 3974 De
508 3926 585 3974 his
603 3926 705 3974 vid.
718 3925 822 3974 Jul.
835 3925 1123 3984 Pontedera,
1134 3926 1307 3989 Antiq.
1329 3926 1434 3972 Lat.

417 4016 467 4052 et
491 4006 654 4055 Grae.
672 4015 887 4062 eunt-nt,
910 4022 961 4069 p.
987 4005 1106 4052 322.
1126 4006 1232 4053 Jos.
1264 4004 1437 4066 Scalig.

418 4087 579 4133 Petsv.
602 4097 695 4134 etc.
726 4096 775 4132 et
801 4082 955 4132 Indic.

494 4165 542 4212 5.
585 4165 682 4228 Qui
718 4180 831 4212 nou.
877 4166 976 4226 Qui
1022 4163 1182 4211 miuus
1229 4162 1441 4211 siderum

1513 2904 1658 2954 quam
1685 2883 1952 2949 colligendi
1977 2880 2164 2946 argenti
2193 2877 2431 2926 rationem
2456 2875 2540 2923 ha·

1512 2969 1666 3017 beret.
1683 2966 1868 3013 Festive
1884 2962 2011 3011 ludit
2030 2970 2196 3009 orator
2218 2958 2270 3005 in
2289 2955 2535 3020 ambiguo.

1588 3048 1637 3095 6.
1673 3043 1802 3096 eod.
1828 3043 1993 3091 Nann.
2029 3062 2051 3084 ι
2072 3036 2374 3104 proscribere
2395 3033 2537 3094 jubo-

1516 3138 1591 3176 ret
1602 3148 1644 3173 »-
1662 3128 1692 3175 J
1698 3161 1711 3174 .
1727 3127 1795 3173 V.
1817 3125 1870 3169 L.

1519 3380 1701 3429 uosque
1732 3358 2109 3426 implorantibus
2125 3377 2165 3403 ιο.
2201 3352 2393 3410 Nimia,
2431 3350 2543 3414 opi·

1521 3461 1631 3503 nor,
1654 3442 1875 3492 audacis.
1906 3438 2032 3488 LV.
2060 3438 2116 3483 L.

1594 3525 1644 3573 8.
1669 3522 1864 3571 Diebus.
1886 3516 2171 3569 Herodotus
2195 3510 2405 3561 redierat
2430 3529 2475 3560 v.
2492 3528 2544 3575 g.

1520 3604 1601 3654 die
1637 3618 1726 3651 xtv
1765 3600 1888 3649 febr.
1925 3595 2207 3663 quindecim
2235 3590 2405 3640 diebus
2432 3602 2544 3640 ante

1521 3682 1618 3731 kal.
1650 3692 1792 3730 mart.
1835 3681 2002 3741 Quum
2041 3686 2204 3723 sutem
2233 3675 2409 3720 Verres
2443 3687 2543 3719 xta

1525 3762 1628 3811 dies
1679 3759 1932 3810 exemisset
1948 3792 1964 3816 ,
2011 3772 2096 3806 xxv
2141 3752 2264 3802 febr.
2300 3753 2400 3814 jam
2444 3762 2546 3799 erat

1526 3839 1935 3905 Cephaloeditanis
1961 3852 2090 3885 ιω
2117 3832 2310 3890 Martii,
2329 3843 2380 3879 et
2397 3832 2547 3878 comi-

1527 3922 1591 3969 tia
1610 3920 1792 3969 abhinc
1805 3918 2002 3983 triginta
2021 3915 2192 3963 diebus
2208 3922 2343 3959 erant
2360 3910 2544 3959 habita.

1598 4002 1760 4063 9.Hoc
1769 4001 1814 4047 si
1822 3995 2107 4064 Romoefien‘
2113 4003 2294 4058 posset,
2301 4000 2442 4046 ceree,
2456 4000 2552 4037 etc.

1525 4079 1719 4129 Deinde
1742 4092 1901 4130 tamen
1921 4078 2018 4125 hoc
2036 4077 2232 4130 Romae,
2259 4071 2344 4120 sed
2369 4071 2457 4118 alis
2489 4068 2550 4115 de

1532 4176 1675 4209 causa
1692 4194 1707 4218 ,
1744 4161 1924 4208 suctum
1951 4167 2041 4204 est.
2071 4156 2236 4217 Quum
2262 4148 2553 4214 negligentia
