3044 4788
667 417 829 509 xviij
1237 508 1240 512 Δ
1461 423 1988 490 PRAEFATIO

662 543 873 638 primi
905 538 1460 622 descenderunt;
1489 540 1617 611 abs
1651 566 1729 611 re
1766 565 1916 610 non
1947 543 2114 625 erit,
2142 540 2233 612 de
2270 545 2636 615 Ciceronis
2662 568 2786 640 ge-

664 674 834 719 nere
876 647 1198 732 dicendi,
1241 663 1313 718 et
1366 673 1557 744 quos
1605 649 2128 720 obtrectatores
2172 650 2540 739 habuerit,
2595 679 2786 723 non-

659 759 856 829 nulla
892 759 1348 854 praemittere.
1415 759 1863 854 Eloquentiae
1907 784 2230 830 summus
2268 761 2503 833 honos
2541 762 2785 833 liberis

664 875 739 939 iu
780 865 1185 939 civitatibus
1223 893 1508 965 semper
1545 867 1836 940 habitus
1881 880 2005 940 est.
2044 873 2315 941 Graecia
2353 885 2629 957 tamen,
2669 887 2783 943 at-

662 1004 806 1075 que
860 977 1046 1048 adeo
1092 978 1424 1064 Athenae,
1482 977 1610 1049 ubi
1674 1009 1707 1043 α
1739 980 1970 1076 prima
2015 981 2304 1075 vestigia
2329 1034 2348 1066 ‚
2420 1005 2501 1051 ac
2554 1005 2786 1079 prope

658 1086 1097 1158 incunabula
1137 1091 1599 1185 reperiuntur
1629 1089 2098 1185 eloquentiae,
2131 1113 2385 1160 omnes
2430 1104 2616 1160 artes
2656 1116 2784 1162 ve·
2817 1180 2818 1183 Ἴ

660 1199 994 1267 tustiores
1029 1195 1335 1284 habent,
1387 1211 1459 1267 et
1492 1197 1724 1267 multo
1751 1212 1925 1268 ante
1961 1222 2114 1269 non
2140 1199 2467 1267 inventas
2509 1198 2784 1282 solum,

660 1305 784 1376 sed
820 1307 1028 1376 etiam
1064 1304 1455 1402 perfectaS‚
1491 1332 1708 1402 quam
1749 1306 1898 1377 haec
1923 1321 2028 1377 est
2057 1332 2097 1375 a
2133 1309 2395 1378 Graecis
2418 1307 2786 1379 elaborata

657 1412 942 1485 dicendi
986 1418 1089 1485 vis
1140 1431 1362 1512 atque
1400 1418 1610 1512 copia
1636 1447 1687 1483 ».
1744 1418 1887 1484 Cic.
1923 1417 1993 1484 in
2039 1419 2300 1502 Bruto,
2363 1440 2423 1485 c,
2461 1443 2525 1513 7.
2596 1422 2785 1489 Ante

655 1523 1217 1595 Demosthenem
1238 1580 1257 1611 ‚
1289 1527 1365 1593 in
1393 1550 1543 1620 quo
1566 1525 1875 1595 maxime
1903 1524 2248 1623 perfectio
2274 1523 2562 1596 dicendi
2585 1528 2784 1624 apud

658 1638 975 1716 Graecos,
1000 1633 1510 1731 absolutioque
1543 1632 1758 1706 fuisse
1781 1635 2166 1728 judicatur,
2197 1638 2410 1733 pauci
2447 1652 2615 1707 sunt
2654 1642 2786 1734 qui

658 1745 1141 1841 eloquentiam
1169 1743 1442 1817 fuerint
1466 1746 1928 1840 consequuti3
1956 1747 2048 1815 ita
2077 1763 2159 1815 ut
2183 1747 2352 1817 artis
2374 1745 2788 1819 rudimenta

661 1853 1163 1924 tantummodo
1202 1856 1432 1950 posita
1459 1853 1675 1939 fuisse
1710 1852 2107 1924 videantur.

755 1970 1001 2035 Romae
1027 1965 1353 2058 quamvis
1380 1986 1654 2033 merces
1681 1962 2114 2059 amplissima
2137 1961 2460 2033 facultati
2498 1961 2788 2035 dicendi

660 2072 1026 2168 proposita
1055 2069 1295 2157 fuerit,
1318 2096 1400 2141 ac
1421 2096 1551 2168 per
1581 2095 1741 2141 eam
1767 2071 2003 2141 aditus
2036 2072 2345 2168 patuerit
2361 2070 2449 2141 ad
2469 2071 2789 2143 honores

661 2204 994 2276 quosque
1015 2183 1366 2252 maximos
1384 2234 1403 2266 ‚
1438 2181 1912 2250 nihilominus
1932 2179 2329 2252 tardissime
2343 2206 2549 2267 suam
2568 2185 2786 2253 etiam

658 2290 1139 2362 maturitatem
1188 2304 1571 2386 assequuta
1602 2304 1730 2361 est.
1790 2290 1960 2383 Ejus
1992 2293 2350 2387 originem
2396 2295 2545 2385 jam
2591 2317 2633 2362 a
2667 2315 2786 2362 re·

660 2423 832 2494 gum
885 2398 1336 2496 temporibus
1376 2402 1642 2497 repetit
1691 2400 1990 2496 quidem
2030 2402 2304 2472 Tullius
2355 2402 2563 2472 initio
2615 2400 2784 2472 libri

660 2508 750 2579 de
787 2508 874 2578 cl.
906 2507 1265 2579 Oratorib.
1320 2507 1459 2579 Sed
1493 2506 1586 2578 ab
1628 2508 1740 2579 his
1797 2511 2018 2580 initiis
2057 2508 2459 2607 profectu-Q
2515 2524 2589 2580 et
2623 2533 2787 2579 om-

654 2620 860 2690 nium
912 2633 1200 2692 aetatum
1244 2621 1827 2715 *progressionem
1871 2632 2350 2716 persequutus
2366 2672 2387 2704 ‚
2432 2641 2788 2716 suppares

653 2734 838 2799 aetati
868 2753 1011 2800 suae
1046 2732 1377 2799 Crassum
1406 2742 1478 2798 et
1501 2729 1938 2817 Antonium,
1975 2733 2094 2797 vix
2131 2727 2452 2824 repperit
2471 2780 2492 2814 ‚
2521 2727 2594 2796 in
2622 2729 2786 2823 qui·

664 2837 803 2908 bus
861 2840 1231 2935 «primum
1272 2860 1440 2909 cum
1482 2840 1904 2908 Graecorum
1959 2837 2182 2933 gloria
2223 2837 2440 2906 latine
2499 2833 2786 2906 dicendi

661 2951 869 3044 oopia
908 2947 1167 3019 fuerit¹
1209 2961 1572 3044 aequata»;
1609 2970 2049 3043 quamquam
2092 2949 2171 3016 in
2206 2971 2288 3017 ea
2316 2944 2413 3017 de
2453 2969 2530 3016 se
2571 2960 2646 3015 et
2685 2944 2783 3016 de

656 3059 909 3128 Crasso
945 3057 1095 3153 ipse
1133 3081 1283 3126 non
1323 3055 1462 3126 fuit
1500 3058 1846 3153 opinione
1888 3059 2245 3126 Antonius
2269 3108 2288 3142 ‚
2344 3058 2472 3150 qui
2505 3052 2784 3125 diceret

608 3229 613 3238 ,
655 3198 686 3231 α
706 3165 1008 3238 disertos
1050 3191 1128 3236 se
1177 3166 1434 3236 vid-isse
1467 3165 1773 3252 multos,
1810 3165 2276 3262 eloquentem
2322 3163 2624 3234 omnino
2661 3187 2784 3235 ne»

657 3279 923 3348 minem
954 3307 1007 3344 ».
1056 3279 1250 3348 Orat.
1310 3282 1343 3347 I
1366 3329 1385 3363 ,
1444 3301 1558 3346 αι.
1606 3280 1796 3371 Ergo
1843 3276 2010 3346 artis
2054 3260 2387 3371 perfectae
2439 3295 2782 3343 consum-

659 3402 1008 3481 mataeque
1058 3385 1355 3481 gloriam
1397 3388 1652 3460 Cicero
1699 3386 1973 3482 primus
2019 3380 2355 3454 ostendit.
2401 3384 2475 3450 Is
2522 3411 2556 3445 α
2582 3380 2781 3453 dono

656 3495 973 3591 quodam
1015 3493 1479 3591 providentiae
1506 3497 1825 3591 genitus,
1866 3496 1948 3564 in
1980 3516 2130 3588 quo
2166 3503 2351 3561 totas
2390 3490 2575 3559 vires
2615 3513 2782 3562 suas
2829 3585 2832 3588 Δ

660 3602 1070 3698 eloquentia
1110 3605 1610 3700 experiretur»
1633 3603 2083 3701 (Quintil.X‚
2123 3603 2220 3693 1),
2245 3600 2510 3672 Latinis
2544 3601 2779 3670 omni-

662 3710 801 3784 bus
836 3713 1188 3806 superior,
1210 3713 1391 3783 nulli
1418 3717 1830 3786 Groecorum
1864 3710 2182 3799 inferior,
2216 3707 2777 3784 Demosthenem

652 3834 783 3891 aut
801 3822 1142 3916 aequavit,
1174 3836 1298 3891 aut
1332 3825 1548 3894 etiam
1577 3824 1960 3920 superavit.
1997 3826 2166 3898 Erat
2191 3822 2267 3894 in
2301 3844 2392 3891 eo
2429 3817 2778 3889 nimirum

651 3930 1210 4024 praestantissimi
1232 3985 1250 4015 ‚
1293 3946 1366 4000 et
1410 3933 1500 4002 ad
1539 3930 1940 4029 quamlibet
1991 3931 2388 4006 doctrinam
2447 3925 2780 4000 celeriter

650 4039 1126 4136 arripiendam
1189 4043 1704 4137 promptissimi
1777 4065 2079 4113 acumen
2139 4038 2403 4132 ingenii
2476 4064 2489 4105 :
2554 4035 2778 4106 literis

720 4199 773 4229 a.
795 4185 874 4230 De
894 4184 1034 4232 elaris
1053 4188 1243 4233 Orator.
1264 4199 1371 4248 cap.
1400 4186 1510 4232 138.
