3044 4788
614 407 746 476 DE
794 404 1280 473 PRAETORE
1328 403 2036 474 PROVINCIALI.
2245 403 2386 479 513

266 514 390 594 tuti
435 545 624 593 sunt:
674 530 738 590 in
792 550 1027 592 novem
1070 526 1371 590 cohortes
1413 524 1495 588 ab
1524 527 1823 614 Augusto
1853 525 2074 608 divisi,
2106 551 2383 615 quarum

271 630 762 720 numerum,qui
797 631 1054 719 sequuti
1089 647 1244 693 sunt
1268 632 1633 729 Augustum
1654 679 1672 712 ,
1700 632 2020 720 principes
2048 651 2389 700 auxerunt.

270 740 493 804 Selecti
528 761 756 802 omnes
792 738 861 801 hi
895 738 1169 801 fuerunt
1189 736 1420 800 milites
1439 783 1456 816 ,
1485 751 1550 800 et
1575 735 1812 801 robore
1828 785 1845 817 ,
1879 753 1945 802 et
1964 755 2187 826 gente,
2212 758 2288 804 ut
2314 763 2392 805 ex

270 845 400 909 sola
437 846 568 910 fere
602 843 782 907 Italia
816 843 1150 929 assumpti.

356 951 575 1014 Altera
608 950 733 1012 fuit
772 949 1008 1012 cohors
1047 945 1379 1034 praetoria,
1417 966 1562 1033 quae
1610 947 1880 1035 propius
1922 947 2005 1011 ad
2049 949 2177 1014 hoc
2214 952 2395 1039 quod

272 1072 614 1120 tractamus
643 1069 1101 1143 argumentum
1126 1051 1441 1139 pertinet,
1469 1068 1536 1114 et
1567 1074 1762 1138 quam
1794 1051 2213 1120 domesticam
2238 1081 2399 1146 proe-

271 1162 424 1223 toris
457 1159 936 1247 appellavimus,
978 1156 1163 1221 Dicta
1199 1171 1297 1218 est
1335 1155 1668 1243 praetoria,
1703 1157 1883 1243 quod
1917 1182 1953 1222 a
1984 1177 2290 1247 praetore,
2321 1181 2397 1228 ut

266 1266 372 1329 illa
406 1263 726 1343 militaris,
761 1282 1085 1347 nusquam
1116 1257 1501 1340 discederet3
1540 1257 1924 1344 domestica,
1963 1264 2144 1351 quod
2173 1284 2285 1330 aut
2317 1292 2396 1332 ex

269 1369 638 1434 domesticis
671 1382 837 1431 esset
870 1365 1351 1429 convictoribus
1371 1410 1389 1446 ,
1422 1380 1536 1429 aut
1568 1386 1645 1428 ex
1680 1368 2048 1432 necessariis
2081 1374 2403 1460 apparito-

272 1477 469 1540 ribus.
505 1475 635 1536 Cic.
672 1471 755 1535 ad
792 1472 1021 1554 Quint.
1057 1469 1261 1558 Epist.
1297 1471 1370 1552 I,
1424 1492 1449 1531 1
1480 1492 1496 1533 :
1552 1499 1577 1524 α
1606 1470 1792 1552 Quos
1828 1495 1984 1538 vero
2017 1493 2127 1539 aut
2163 1501 2241 1541 ex
2277 1479 2401 1543 do-

272 1581 552 1645 mesticis
584 1575 1102 1656 convictoribus,
1140 1591 1253 1637 aut
1285 1597 1364 1638 ex
1396 1575 1768 1639 necessariis
1800 1579 2273 1665 apparitoribus
2307 1600 2405 1649 te·

273 1711 423 1752 cum
456 1708 592 1750 esse
623 1683 929 1764 voluisti,
969 1682 1084 1769 qui
1119 1682 1302 1769 quasi
1339 1704 1418 1745 ex
1465 1681 1736 1746 cohorte
1770 1686 2062 1771 praetoris
2105 1690 2406 1775 appellari

273 1793 516 1866 solent,
551 1804 670 1853 etc.
697 1820 722 1844 n

363 1896 613 1960 Cohors
642 1893 942 1982 praetoria
969 1889 1320 1954 domestica
1349 1892 1683 1979 complexa
1712 1909 1810 1957 est
1836 1893 2196 1978 adjutores,
2223 1898 2408 1962 mini-

274 2018 476 2083 stros,
498 2000 910 2086 comitesque
937 2017 1165 2061 omnes
1197 1994 1579 2084 praesidum,
1618 2017 1820 2084 quos,
1859 2023 2065 2087 quum
2101 2024 2258 2067 usus
2301 2028 2404 2067 ra·

273 2110 496 2195 tioque
532 2106 907 2194 provinciae,
943 2120 1084 2167 tum
1119 2102 1397 2191 dignitas
1432 2103 1570 2191 ipsa
1607 2105 2131 2193 magistratuum,
2168 2132 2242 2173 ac
2276 2112 2405 2174 rei-

275 2210 551 2302 publicae
586 2210 956 2301 postulavit.

364 2319 708 2400 Adjutores
743 2317 1044 2397 fuerunt,
1078 2314 1301 2403 legati,
1332 2314 1577 2379 tribuni
1606 2316 1921 2399 militum,
1959 2321 2410 2404 centuriones»,

280 2425 596 2514 praefecti,
633 2423 1018 2487 decuriones
1039 2469 1058 2504 ,
1107 2421 1344 2507 aliique
1376 2422 1751 2485 militarium
1788 2444 2097 2510 operum3
2130 2449 2414 2493 assesso..

280 2555 382 2596 res
403 2580 423 2612 ,
451 2529 821 2609 consiliarii,
859 2550 1026 2615 quos
1052 2527 1460 2613 jurisperitos
1494 2549 1718 2592 secum
1744 2526 2091 2611 ducebant,
2121 2555 2407 2619 quorum

281 2635 555 2703 consilio
587 2632 945 2698 secundum
971 2633 1118 2713 jura
1150 2655 1372 2696 causas
1407 2631 1791 2697 definirent:
1829 2635 2085 2718 scribae,
2122 2642 2412 2721 accensi,

280 2763 612 2834 praecones
633 2789 651 2822 ,
688 2739 975 2821 lictores,
1024 2739 1446 2826 interpretes,
1485 2739 1839 2820 tabellarii,
1874 2742 2199 2829 aruspices
2219 2793 2237 2825 ,
2293 2769 2412 2809 cu-

283 2835 612 2928 bicularii,
644 2844 912 2926 medici,
959 2860 1024 2908 et
1070 2845 1184 2931 qui
1234 2842 1627 2932 quotidianae
1659 2845 1804 2909 vitae
1846 2869 2051 2934 prope
2084 2849 2242 2913 socii
2276 2853 2415 2915 fue-

280 2970 475 3035 runt,
513 2953 683 3016 inter
716 2950 1045 3014 ministros
1077 2947 1400 3012 referendi
1434 2964 1607 3012 sunt.
1633 2948 2168 3035 Contubernales,
2199 2973 2264 3019 et
2290 2955 2414 3045 ipsi

283 3064 354 3126 in
402 3061 713 3125 comitatu
748 3056 1037 3146 praetoris
1084 3056 1623 3136 numerabantur,
1672 3054 1786 3119 sed
1832 3079 2047 3144 neque
2086 3058 2415 3140 adjutores

289 3182 502 3248 erant,
536 3187 752 3252 neque
791 3161 1094 3227 ministri.

375 3274 514 3336 Jam
538 3293 694 3335 vero
718 3269 971 3359 singula
992 3267 1131 3332 haec
1152 3282 1268 3338 aut
1296 3265 1507 3331 officia
1522 3314 1541 3347 ,
1567 3283 1680 3332 aut
1713 3267 2064 3333 ministeria
2095 3270 2414 3359 sigillatim

288 3375 658 3466 explicanda
693 3390 865 3439 sunt.
2187 3380 2198 3394 ·

377 3483 596 3571 Legati
629 3479 1101 3568 magistratibus
1132 3477 1201 3540 in
1235 3477 1417 3541 omni
1447 3477 1853 3563 provinciali,
1882 3500 1957 3541 ac
1998 3479 2230 3544 bellico
2267 3506 2422 3546 mu-

291 3611 448 3652 nere
478 3586 804 3667 adjutores
831 3584 1177 3665 dabantur,
1194 3599 1271 3646 ut
1289 3582 1590 3646 vicariam
1620 3583 1710 3646 eis
1737 3592 2001 3671 operam
2024 3602 2420 3673 proestarent.

290 3696 563 3782 Legatos
598 3691 917 3782 permissu
947 3706 1208 3755 senatus
1239 3713 1276 3753 a
1306 3689 1692 3776 praetoribus
1722 3690 1919 3754 fuisse
1953 3691 2260 3777 adscitos,
2309 3713 2423 3760 aut

292 3815 469 3863 certe
502 3799 644 3887 lege
678 3798 895 3884 aliqua
919 3812 1098 3860 extra
1131 3793 1428 3859 ordinem
1458 3793 1740 3859 delectos
1767 3793 1933 3861 dico.
1966 3796 2070 3862 Ad
2099 3799 2387 3887 primum
2409 3849 2428 3882 ,

293 3905 520 3969 Cicero
553 3902 734 3967 testis
765 3900 1114 3965 adducitur
1140 3900 1207 3963 in
1240 3899 1452 3964 Vatin.
1483 3921 1624 3988 cap.
1656 3897 1769 3981 155
1827 3900 1908 3965 ad
1944 3902 2216 3969 alterum
2256 3905 2430 3972 idem

292 4012 560 4085 Cicer0,
595 4009 759 4073 lib.1
786 4007 853 4070 in
877 4006 1060 4070 Verr.
1096 4028 1235 4094 cap.
1269 4005 1368 4071 15.

384 4118 774 4205 Legatorum
788 4134 1102 4177 numerus
1123 4113 1237 4201 qui
1260 4113 1801 4194 minimus,trium
1819 4113 2434 4183 fuit.Verumtamen

494 4229 546 4293 Ῑ.
604 4238 697 4286 cic.
714 4252 827 4299 pars
858 4234 1076 4283 secunda.
2147 4219 2237 4291 33
