3044 4788
659 421 764 491 IN
816 422 1249 490 VERREM
1297 422 1511 488 ACT.
1557 420 1671 506 11,
1722 421 1908 489 LIB.
1963 420 2065 488 11.
2293 414 2435 513 {439

293 541 624 638 amplius.
665 540 1015 637 Idemque
1054 539 1195 609 hoc
1230 540 1478 611 amicis
1514 541 1668 635 ejus
1695 555 1768 611 et
1802 538 2308 613 defensoribus
2339 542 2434 609 vi-

294 650 605 724 debatur
642 678 658 722 :
708 664 930 748 atque
972 676 1061 723 eo
1110 651 1323 722 etiam
1366 652 1624 747 magis,
1669 649 1871 749 quod
1909 653 2042 722 iste
2067 703 2086 737 ,
2128 675 2433 747 quoquo

293 759 512 833 modo
543 785 620 834 se
649 762 726 831 in·
762 786 844 832 ea
872 760 1267 858 quaestione
1307 756 1711 856 praebebat,
1747 774 1987 831 tamen
2020 764 2095 830 in
2131 759 2430 831 consilio

293 870 606 944 habebat
646 870 978 942 homines
1013 869 1360 942 honestos
1398 895 1439 941 e
1483 873 1898 942 conventu⁴
1945 875 2431 967 SyracusanO,

292 982 420 1077 qui
462 979 826 1052 Sacerdoti
865 1006 1165 1077 quoque
1203 981 1280 1050 in
1316 981 1620 1052 consilio
1653 980 1941 1052 fuerant
1968 995 2162 1069 tum,
2199 1007 2431 1078 quum

294 1107 484 1163 esset
527 1091 718 1162 idem
754 1090 871 1162 hic
906 1095 1208 1190 Sopater
1245 1090 1637 1162 absolutus.
1677 1095 1830 1163 Hoc
1869 1092 2163 1164 rationis
2207 1091 2431 1163 habe-

295 1198 543 1289 bant5,
571 1199 806 1273 facere
834 1194 960 1273 eos
987 1200 1191 1271 nullo
1220 1200 1441 1272 modo
1461 1225 1698 1299 posse,
1721 1214 1800 1271 ut
1822 1201 2078 1274 eodem
2109 1202 2435 1288 crimine,

294 1313 545 1385 iisdem
575 1312 901 1400 testibus,
930 1316 1317 1410 Sopatrum
1342 1311 1913 1384 condemnarent
1949 1312 2163 1383 iidem
2203 1312 2434 1383 homi·

294 1447 455 1507 neS,
510 1423 640 1519 qui
687 1436 897 1494 antea
935 1420 1427 1495 absolvissent.
1489 1427 1744 1520 Itaque
1791 1421 1927 1493 hac
1970 1449 2115 1495 una
2159 1448 2288 1520 spe
2338 1422 2430 1494 ad

288 1531 640 1626 judicium
669 1533 974 1602 venitur.
998 1536 1166 1623 Quo
1199 1547 1671 1630 posteaquam
1701 1547 2000 1603 ventum
2030 1548 2172 1619 est,
2199 1558 2430 1631 quum

295 1648 371 1712 in
417 1641 798 1714 consilium
836 1640 1255 1738 frequentes
1301 1645 1812 1714 convenissent
1851 1641 2107 1726 iidem,
2146 1644 2271 1738 qui
2312 1667 2429 1713 so-

293 1748 576 1834 lebant,
601 1766 675 1821 et
700 1751 835 1821 hac
868 1775 1011 1820 una
1036 1775 1165 1848 spe
1192 1764 1341 1822 tota
1371 1749 1697 1822 defensio
1733 1754 2016 1848 Sopatri
2047 1752 2425 1840 niteretur,

293 1860 573 1932 consilii
626 1858 1029 1958 frequentia
1091 1874 1164 1931 et
1225 1859 1613 1958 dignitate,
1657 1876 1730 1932 et
1790 1860 1993 1957 quod
2047 1875 2289 1948 erant,
2345 1876 2432 1932 ut

293 1970 483 2058 dixi,
515 1969 767 2057 iidem,
813 1972 942 2066 qui
988 1984 1201 2041 antea
1239 1975 1627 2068 Sopatrum
1662 1969 1923 2042 eodem
1959 1969 2085 2041 illo
2128 1971 2429 2042 crimine

292 2080 720 2153 liberarant:
754 2081 1169 2176 cognoscite
1196 2080 1509 2151 hominis
1533 2096 1853 2178 apertam
1872 2135 1891 2169 ,
1916 2105 1999 2153 ac
2022 2106 2172 2152 non
2208 2080 2428 2152 modo

290 2216 442 2262 non
494 2192 817 2275 ratione,
882 2189 1009 2261 sed
1056 2216 1149 2262 ne
1200 2189 1769 2262 dissimulatione
1818 2190 2116 2288 quidem
2168 2205 2431 2261 tectam

290 2300 828 2400 improbitatem
863 2315 936 2372 et
974 2300 1366 2372 audaciam.
1399 2306 1498 2370 M.
1532 2301 1871 2371 Petilium
1893 2355 1912 2388 ,
1952 2301 2272 2398 equitem
2310 2326 2430 2372 ro·

291 2437 625 2498 manum,
684 2437 909 2508 quem
964 2410 1283 2485 habebat
1342 2416 1415 2481 in
1477 2410 1816 2499 consilio,
1867 2410 2082 2506 jubet
2137 2437 2434 2510 operam

292 2519 526 2606 daref’,
550 2521 748 2617 quod
774 2524 879 2594 rei
899 2526 1193 2620 privatae
1217 2520 1443 2617 judex
1471 2535 1678 2592 esset.
1709 2519 2000 2592 Petilius
2027 2520 2430 2608 recusabat,

292 2630 498 2728 quod
536 2654 709 2702 suos
753 2635 1022 2702 amicos
1046 2645 1099 2717 7,
1136 2656 1323 2730 quos
1364 2630 1502 2702 sibi
1540 2632 1615 2701 in
1653 2631 1953 2702 consilio
1994 2654 2147 2701 esse
2183 2630 2436 2718 vellet,

293 2741 446 2839 ipse
496 2746 756 2813 Verres
797 2742 1160 2813 retineret.
1210 2747 1388 2830 Iste,
1436 2741 1661 2812 homo
1707 2740 2045 2828 liberaIiS,
2089 2754 2305 2836 negat
2353 2765 2431 2811 se

291 2875 733 2949 quemquam
762 2851 1074 2922 retinere
1102 2876 1383 2939 eorum,
1412 2852 1542 2949 qui
1570 2851 1826 2921 Petilio
1863 2849 2133 2921 vellent
2161 2849 2431 2921 adesse.

294 2970 546 3060 Itaque
585 2960 964 3034 discedunt
1004 2984 1257 3032 omues
1302 2990 1317 3033 :
1376 2985 1543 3032 nam
1589 2960 1809 3031 ceteri
1852 2983 2147 3058 quoque
2197 2962 2430 3057 impe-

294 3077 488 3144 trant'
512 3129 531 3162 ,
571 3097 662 3144 ne
710 3076 1196 3158 retineantur;
1237 3074 1365 3169 qui
1406 3098 1481 3144 se
1520 3071 1701 3143 velle
1730 3069 2066 3144 dicebant
2108 3071 2436 3142 alterutri

362 3277 411 3325 4.
428 3271 474 3317 Ε
488 3282 741 3318 conventu.
759 3269 990 3317 Solebam
1008 3269 1313 3333 magistratus

294 3348 619 3412 provinciales
643 3349 694 3395 in
722 3349 864 3396 certis
898 3348 1194 3412 quibusdam
1227 3364 1313 3412 op-

291 3427 422 3491 pidis
449 3438 707 3474 conventus
741 3443 888 3492 agere
922 3427 987 3491 (V
990 3444 1086 3475 err.
1101 3427 1168 3485 V,
1198 3427 1309 3490 ιι),

292 3506 344 3554 id
374 3517 446 3554 est
467 3541 483 3567 ,
506 3506 668 3553 forum
696 3506 1016 3568 constituere,
1045 3507 1097 3553 in
1119 3522 1222 3570 qno
1234 3507 1314 3568 ju·

292 3584 625 3633 risdictionem
653 3596 945 3634 exercerent.
963 3586 1160 3635 Scilicet
1179 3597 1313 3636 certo

294 3664 375 3713 die
400 3665 752 3713 conveniebant
773 3666 825 3713 in
852 3667 1011 3715 forum
1040 3667 1203 3715 selecti
1228 3666 1315 3714 ho·

294 3744 450 3792 mines
473 3745 560 3808 qui
578 3747 781 3809 praetori
806 3744 1053 3805 adessent,
1069 3758 1117 3795 et
1136 3744 1315 3810 quibus

291 3824 476 3888 privata
492 3823 676 3884 judicia
694 3825 1031 3872 committeret.
1053 3823 1316 3872 Consilium

292 3918 410 3950 vero
453 3918 516 3949 ex
565 3902 753 3951 selectis
803 3902 855 3950 in
907 3913 1156 3950 conventu
1198 3902 1315 3948 viris

291 3980 575 4040 constabat,
607 3998 815 4046 quorum
849 3981 1055 4029 consilio
1086 3979 1138 4029 in
1159 3981 1317 4029 causis

290 4061 501 4126 publicis
523 4061 750 4110 utebatur
774 4071 975 4126 praetor.

367 4142 415 4188 5.
446 4143 552 4189 Hoc
580 4139 787 4190 rationis
823 4140 1082 4188 habebant.
1120 4138 1316 4188 Scilicet

1400 3270 1468 3318 ita
1483 3269 1678 3333 Sopatri
1691 3269 1831 3317 amici
1850 3266 2279 3324 ratiocinabantur,
2293 3265 2433 3314 nullo

1401 3348 1552 3397 modo
1583 3365 1739 3412 neque
1761 3365 1788 3396 a
1808 3352 1986 3408 Verre,
2011 3363 2171 3411 neque
2197 3363 2224 3393 a
2252 3346 2429 3393 ceteris

1400 3428 1595 3493 Sopatri
1635 3429 1920 3477 adversariis
1964 3426 2092 3476 effici
2136 3442 2282 3491 posse
2308 3459 2324 3486 ,
2379 3437 2436 3473 ut

1400 3507 1462 3555 ab
1499 3506 1672 3555 iisdem
1713 3509 1918 3573 Sopater
1964 3507 2297 3565 damnaretur,
2346 3506 2433 3569 qui

1400 3597 1539 3634 antea
1557 3586 1888 3635 absolverant.

1471 3665 1520 3712 6.
1546 3666 1756 3728 Operam
1782 3664 1920 3712 dare.
1949 3663 2101 3714 Jubet
2131 3679 2242 3712 enm
2267 3661 2425 3718 disce·

1404 3743 1543 3802 dere,
1587 3753 1634 3791 et
1679 3745 1750 3792 rei
1799 3745 1993 3792 cuidam
2040 3744 2168 3793 inter
2209 3744 2431 3807 privatos

1402 3823 1785 3887 componenda,
1813 3826 1954 3886 cujus
1974 3823 2131 3886 judex
2167 3833 2323 3880 esset,
2352 3837 2432 3867 va·

1402 3917 1528 3951 cam.

1476 3997 1524 4041 7.
1569 3982 1692 4029 Suos
1737 3981 1936 4031 amicos.
1981 3981 2168 4045 Nempe
2217 3979 2399 4026 amica
2418 4012 2431 4035 φ

1402 4076 1529 4123 quos
1553 4059 1753 4108 Petilius
1784 4061 2022 4125 elegerat,
2061 4071 2118 4108 ut
2141 4058 2264 4120 sibi,
2292 4056 2433 4105 istius

1403 4138 1473 4186 rei
1490 4138 1695 4202 privata
1707 4139 1883 4201 judici,
1892 4139 2116 4188 adessent
2134 4141 2185 4186 iu
2206 4134 2435 4185 consilio.
