3044 4788
637 394 747 463 ΙΝ
797 390 1243 461 VERREM
1296 390 1515 458 ACT.
1574 393 1684 476 11,
1736 392 1928 459 LIB.
1965 394 2017 459 1.
2262 389 2413 468 351,

252 521 671 616 elapsurum
735 514 937 583 omni
985 512 1398 609 suspicione
1444 508 1927 596 arbitrabare,
1976 514 2033 582 si
2060 566 2079 599 ,
2136 512 2405 611 quibus

252 629 644 727 pecuniam
679 622 1063 709 credebas,
1105 623 1189 693 iis
1227 646 1626 719 expensum
1672 646 1824 691 non
1862 620 2121 707 ferreS,
2161 650 2403 722 neque

254 746 334 810 in
375 756 531 811 tuas
571 734 851 812 tabulas
888 732 1117 804 ullum
1155 756 1427 802 nomen
1464 729 1803 817 referreS,
1846 758 2077 831 quum
2116 749 2226 806 tot
2268 736 2403 807 tibi

256 847 679 921 nominibus
724 857 1100 942 acceptum
1135 843 1369 914 Curtii
1406 839 1806 913 referrent?
1831 842 2026 934 Quid
2065 843 2405 942 proderat

259 958 430 1045 tibi,
472 973 545 1029 te
583 976 983 1053 expensum
1024 952 1161 1023 illis
1204 977 1356 1022 non
1398 951 1704 1023 tulisse?
1742 957 1855 1025 An
1901 955 2046 1026 tuis
2090 955 2264 1028 solis
2302 971 2406 1028 ta-

259 1069 452 1139 bulis
488 1083 561 1138 te
600 1089 890 1137 causam
927 1062 1298 1134 dicturum
1335 1060 1810 1137 existimasti?

354 1183 500 1248 XL.
541 1181 809 1248 Verum
849 1173 939 1244 ad
974 1172 1170 1243 illam
1188 1171 1338 1266 jam
1370 1172 1741 1242 veniamus
1774 1173 2188 1270 praeclaram
2222 1201 2405 1275 prae-

264 1303 499 1358 turam
519 1297 575 1375 ¹,
607 1285 1059 1381 criminaque
1094 1306 1210 1369 ea,
1236 1307 1400 1378 quae
1430 1283 1715 1352 notiora
1743 1297 1916 1353 sunt
1938 1282 2086 1371 his,
2126 1287 2253 1381 qui
2289 1287 2408 1358 ad-

262 1411 465 1485 sunt,
484 1420 702 1494 quam
730 1393 1115 1489 nobi5,qui
1139 1391 1467 1464 meditati
1495 1389 1586 1462 ad
1616 1390 2005 1462 dicendum
2039 1398 2410 1493 paratique

263 1509 595 1577 venimus
635 1532 652 1574 :
699 1506 773 1573 in
830 1500 1097 1598 quibus
1138 1527 1291 1573 non
1338 1500 1642 1590 dubito,
1694 1505 1874 1599 quin
1928 1501 2409 1578 offensionem

267 1616 714 1713 negligentiae
749 1614 975 1685 vitare
1017 1627 1238 1710 atque
1277 1610 1603 1710 effugere
1653 1638 1806 1683 non
1843 1615 2143 1712 possim.
2194 1618 2410 1689 Multi

268 1731 466 1799 enim
500 1729 598 1797 ita
639 1724 882 1796 dicent
911 1750 928 1795 ε
964 1754 998 1789 «
1026 1728 1138 1796 De
1175 1725 1301 1795 illo
1337 1724 1520 1794 nihil
1559 1723 1782 1811 dixit,
1816 1725 1895 1794 in
1942 1751 2092 1823 quo
2131 1752 2265 1826 ego
2298 1728 2410 1798 in-

266 1836 540 1908 «terfui
587 1865 603 1906 :
660 1835 853 1907 illam
895 1835 1233 1930 injuriam
1276 1859 1430 1905 non
1471 1835 1749 1931 attigit,
1795 1859 1955 1933 quae
1998 1837 2178 1907 mihi
2206 1892 2226 1926 ‚
2286 1855 2414 1911 aut

267 1980 300 2014 a
327 1974 488 2046 quae
530 1948 764 2017 amico
800 1970 967 2017 meo
1014 1943 1201 2016 facta
1242 1958 1388 2031 est,
1431 1942 1703 2041 quibus
1740 1968 1876 2041 ego
1926 1946 2003 2015 in
2045 1946 2265 2019 rebus
2305 1949 2416 2018 in-

263 2089 295 2123 «
321 2056 557 2129 terfui.
577 2086 608 2121 n
633 2057 759 2126 His
789 2053 1163 2141 omnibus,
1186 2055 1317 2150 qui
1355 2054 1558 2125 istius
1587 2054 1881 2148 injurias
1916 2073 2225 2146 norunt,
2268 2058 2409 2129 hoc

265 2184 407 2256 est,
445 2167 723 2267 populo
764 2187 1069 2236 romano
1109 2165 1475 2251 univers0‚
1520 2188 1639 2234 me
1677 2163 2148 2237 vehementer
2186 2193 2408 2239 excu-

264 2294 497 2350 satum
536 2277 745 2364 volo,
773 2301 926 2346 non
956 2273 1389 2371 negligentia
1418 2298 1578 2344 mea
1617 2272 1772 2346 fore
1791 2327 1812 2359 ,
1852 2290 1936 2346 ut
1963 2277 2192 2347 multa
2227 2302 2413 2376 prae-

265 2398 531 2457 teream
558 2440 577 2472 ‚
612 2383 737 2456 sed
772 2372 973 2482 quod
994 2383 1129 2454 alia
1155 2380 1461 2455 testibus
1478 2383 1762 2480 integra
1787 2390 2134 2463 reservari
2160 2389 2371 2460 velim
2390 2445 2409 2477 ‚

262 2495 492 2567 multa
527 2507 766 2563 autem
798 2508 1100 2591 propter
1133 2494 1490 2564 rationem
1535 2492 1905 2566 brevitatis
1942 2519 2024 2567 ac
2063 2504 2412 2596 temporis

264 2601 879 2703 praetermittenda
934 2604 1357 2674 existimem.
1402 2601 1712 2675 Fatebor
1751 2605 1965 2675 etiam
2010 2605 2189 2676 illud
2225 2609 2409 2679 invi-

265 2727 387 2785 tus
407 2723 463 2801 ²,
507 2737 627 2784 me
664 2705 1254 2811 prorsuS,quum
1292 2713 1424 2785 iste
1462 2728 1819 2812 punctum
1861 2717 2209 2814 temporis
2251 2719 2409 2789 nul-

267 2825 418 2895 lum
449 2847 757 2895 vacuum
784 2839 1082 2921 peccato
1110 2825 1478 2922 praeterire
1507 2848 1758 2922 passus
1787 2828 1910 2912 sit,
1939 2829 2214 2915 omnia,
2252 2853 2413 2925 quae

268 2933 361 3006 ab
388 2939 529 3005 isto
553 2935 932 3005 commissa
957 2948 1164 3022 sunt,
1193 2959 1345 3005 non
1372 2935 1697 3032 potuisse
1729 2958 2184 3033 cognoscere.
2213 2941 2415 3030 Qua-

269 3059 578 3144 propter
609 3043 707 3114 ita
733 3067 850 3115 me
883 3043 975 3116 de
1004 3059 1332 3142 praeturae
1365 3043 1789 3116 criminibus
1823 3046 2180 3136 auditote,
2207 3063 2289 3119 ut
2323 3075 2413 3121 ex

272 3170 587 3250 utroque
620 3177 918 3250 genere,
954 3169 1027 3225 et
1059 3155 1241 3250 juris
1275 3154 1617 3243 dicundi,
1646 3171 1720 3227 et
1755 3156 2155 3251 sartorum?
2191 3173 2417 3230 tecto-

272 3289 440 3337 rum
474 3264 1038 3362 exigendorum,
1067 3288 1149 3334 ea
1187 3264 1608 3363 postuletiS,
1654 3291 1817 3363 quae
1855 3269 2161 3338 maxime
2200 3266 2415 3364 digna

271 3483 548 3548 pecunia»,
583 3492 829 3530 servatum
866 3482 1015 3531 etiam
1049 3497 1077 3530 a
1117 3485 1300 3532 Ferret.
1389 3483 1638 3546 scripsisse
1673 3483 1839 3531 «hand
1863 3484 2046 3533 invitus
2068 3504 2110 3532 n.
2139 3484 2242 3532 Alii
2277 3501 2304 3533 e
2341 3502 2418 3533 re-

273 3564 509 3611 Garaton.
532 3561 682 3609 Beck.
707 3562 918 3610 Munatii
940 3577 1060 3609 vero
1083 3561 1304 3609 emenda·
1390 3562 1694 3611 acutioribus
1728 3562 1955 3611 dubitant
1976 3597 1990 3620 ,
2016 3565 2145 3612 inter
2170 3580 2296 3627 quos
2321 3565 2420 3614 edi-

275 3640 460 3688 tionem
523 3650 578 3688 nt
639 3640 953 3688 certissimam
1015 3651 1305 3705 receperunt
1390 3650 1470 3689 tor
1495 3642 1771 3707 Lipsiensis.
1798 3645 1830 3691 J
1836 3679 1849 3692 .
1865 3645 1931 3692 V.
1959 3645 2015 3690 1..

272 3721 436 3767 Graev.
460 3722 651 3769 Ernest.
669 3715 782 3768 sch.
800 3719 903 3767 alii.
924 3721 956 3768 J
962 3721 1046 3766 ,ἶ
1069 3721 1127 3768 1..
1468 3721 1518 3769 3.
1549 3722 1819 3769 Sar-torum.
1849 3723 2014 3769 Sanus
2039 3734 2090 3770 et
2118 3732 2270 3770 tectus
2293 3722 2422 3771 deri·

345 3801 452 3848 XL.
480 3814 525 3848 1.
552 3802 845 3846 Praeturam.
862 3800 1003 3845 Hane
1030 3798 1177 3862 gessit
1188 3799 1310 3847 Ver-
1393 3811 1504 3848 vata
1554 3811 1670 3849 sunt
1720 3816 1748 3848 s
1791 3800 1954 3849 verbis
1989 3801 2151 3849 sarcio
2183 3813 2234 3850 et
2269 3814 2377 3868 tego
2399 3818 2420 3849 .·

275 3896 352 3927 res
380 3882 435 3927 L.
470 3878 677 3926 Lucullo
704 3889 753 3925 et
778 3879 852 3925 M.
876 3879 1022 3927 Cotta
1040 3893 1309 3926 cosanum>
1394 3891 1531 3927 sarta
1567 3891 1697 3926 tecta
1741 3877 1973 3942 (subaud.
2000 3880 2182 3947 opera)
2219 3880 2426 3946 proprie

275 3957 718 4021 679.Depraetoris
738 3955 911 4002 urbani
932 3955 1214 4003 muneribus
1228 3956 1309 4004 adi
1397 3957 1634 4006 dicuntur
1660 3955 1863 4006 aedificia
1890 3960 2078 4023 integra
2111 3970 2161 4006 et
2192 3960 2244 4005 in
2273 3962 2425 4024 parie-

275 4037 341 4084 ad
359 4051 619 4084 excursum
641 4034 704 4081 ad
723 4032 870 4081 finem
890 4033 1035 4095 huius
1055 4034 1307 4082 orationis.
1395 4037 1529 4084 tibus
1554 4048 1602 4084 et
1630 4036 1681 4083 in
1702 4048 1853 4086 tecto.
1875 4039 2023 4084 Sar-ta
2047 4049 2174 4085 tecta
2196 4040 2422 4104 exigere,

351 4133 403 4164 α.
428 4118 623 4164 Ernest.
650 4113 731 4161 vix
762 4112 981 4172 dubitat,
1020 4113 1307 4162 Ciceronem
1397 4128 1469 4163 est
1507 4133 1675 4164 curare
1716 4128 1772 4164 nt
1811 4133 1960 4180 opera
1997 4117 2221 4180 publica,
2250 4134 2429 4180 nempe
