3044 4788
655 405 745 487 42
1289 399 1384 466 Μ.
1436 400 1515 466 Τ.
1571 396 2155 467 cmERole

653 521 1024 593 communi
1069 518 1229 589 luce
1257 521 1596 616 privaret.
1648 516 1791 590 Ubi
1838 531 2044 589 erant
2081 518 2300 587 ceteri
2338 513 2788 587 creditores?

655 631 973 727 denique
1001 628 1143 698 hoc
1169 643 1496 725 tempore
1529 626 1658 699 ubi
1681 628 1892 699 sunt?
1918 629 2082 724 quis
2105 640 2235 711 est,
2246 626 2374 723 qui
2399 623 2792 696 fraudatio·

655 742 767 811 nis
799 759 1010 811 causa
1040 738 1326 809 latuisse
1349 736 1580 809 dicat?
1612 741 1778 836 quis
1800 792 1820 825 ‚
1851 740 1979 834 qui
2006 735 2377 828 absentem
2405 732 2789 806 defensum

758 3502 805 3548 4.
827 3490 1031 3554 Schiitz‚
1060 3502 1257 3539 auctore
1284 3492 1532 3550 Eruenda,
1557 3493 1709 3540 corri-

688 3571 791 3634 git:
832 3569 1009 3617 «Fidei
1020 3604 1140 3619 .....
1167 3570 1375 3633 coguitae
1407 3587 1469 3618 ne
1493 3587 1545 3634 p.
1568 3571 1616 3618 S.
1644 3572 1709 3619 N.

692 3650 1006 3713 derogetur».
1033 3652 1086 3698 J.
1110 3653 1172 3699 V.
1209 3652 1262 3699 L.
1296 3655 1505 3698 Frustra.
1544 3648 1711 3696 Latine

688 3727 819 3777 enim
845 3728 1023 3777 dicitur
1033 3728 1194 3797 fidem
1220 3730 1372 3779 alicui
1389 3721 1711 3793 derogata—⁶

686 3807 923 3873 Perfidia.
941 3810 1033 3856 Per
1055 3808 1322 3873 perfidiam.

765 3886 813 3933 5.
841 3887 1078 3935 Nominis.
1100 3888 1275 3935 Sensus
1298 3899 1369 3938 est
1392 3903 1404 3936 :
1435 3890 1599 3949 Quum
1625 3885 1708 3933 de·
1732 3887 1755 3905 '

689 3966 875 4025 bitum,
903 3967 1036 4030 quod
1073 3966 1306 4015 infitiatus
1340 3978 1469 4027 erat,
1505 3965 1709 4029 probas-

691 4062 818 4102 sem,
850 4057 900 4095 et
930 4062 981 4093 se
1006 4045 1379 4095 condemnatum
1409 4045 1467 4091 iri
1494 4044 1707 4102 videret,

690 4137 880 4196 tempqa
907 4125 1104 4189 aliquod
1129 4142 1155 4172 a
1185 4141 1260 4173 me
1283 4124 1435 4187 petiit.

1869 3495 1917 3540 6.
1948 3494 2137 3540 Graves.
2165 3490 2470 3539 Auctoritate
2504 3484 2698 3550 praediti
2735 3499 2824 3548 pa·

1799 3583 1967 3619 rantur
2004 3582 2175 3628 testem
2221 3568 2307 3616 sed
2346 3566 2441 3613 nisi
2481 3580 2650 3612 verum
2689 3562 2825 3609 dixe-

1800 3653 1913 3709 rint,
1937 3651 2058 3699 levis
2081 3665 2247 3699 eorum
2267 3646 2527 3696 auctoritas
2547 3645 2714 3691 futura
2731 3654 2828 3698 est,

1801 3745 1890 3776 nec
1908 3728 2082 3777 efficiet
2103 3740 2156 3776 ut
2177 3730 2339 3776 vincat
2355 3724 2682 3773 mendacium.

1875 3826 1922 3868 7.
1960 3809 2089 3859 Edit.
2114 3810 2276 3868 1480,
2319 3828 2343 3848 ι
2366 3803 2670 3868 neglexerint
2687 3822 2732 3846 a.
2768 3800 2826 3846 J.

1804 3892 1864 3934 V.
1882 3891 1937 3936 L.

1870 3969 1915 4014 8.
1971 3966 2293 4015 (ibeinendum
2338 3961 2664 4011 mendacium.
2706 3958 2832 4008 Effi-

1800 4047 2023 4095 ciendum
2037 4081 2051 4103 ,
2082 4058 2135 4094 ut
2156 4042 2410 4093 mendacio
2431 4040 2675 4088 credatur.

1869 4128 2058 4176 Xle.
2095 4142 2139 4174 1.
2185 4124 2262 4171 Id.
2306 4121 2489 4170 Pendet
2531 4136 2559 4166 a
2605 4117 2832 4167 secundo
