3044 4788
604 458 730 537 ,IN
780 460 1213 527 VERREM
1262 459 1474 527 ACT.
1534 464 1641 545 II,
1690 465 1875 532 LIB.
1916 466 2019 533 ΙΙ.
2244 466 2385 553 413

256 577 781 669 (verumtamen
817 604 898 650 ea
939 577 1363 650 liberalitas‘*
1409 596 1519 651 est
1562 582 1979 680 probanda,
2023 612 2181 683 quae
2231 590 2386 660 sine

255 689 582 784 periculo
614 689 1157 760 existimationis
1198 704 1335 773 est,
1370 705 1452 760 ut
1491 695 1565 761 in
1604 692 1727 763 illo
1769 691 1904 765 fuit
1927 695 1974 790 ).
2017 699 2262 786 Quum
2298 698 2389 769 ab

256 824 346 868 co
390 798 688 894 quidam
732 813 937 870 vetus
973 813 1383 884 assectator,
1427 799 1558 871 ex⁵
1607 828 1914 874 numero
1954 809 2389 896 amicorum,

254 934 406 980 non
446 910 903 1007 impetraret,
946 910 1053 978 uti
1091 933 1167 979 se
1204 907 1667 1007 praefectum⁶
1709 916 1784 981 in
1813 911 2121 984 Africam
2167 915 2387 988 duce-

253 1032 402 1103 ret,
440 1033 514 1088 et
556 1017 628 1088 id
662 1016 883 1089 ferret
921 1019 1224 1091 moleste
1256 1047 1273 1089 ε
1303 1020 1549 1105 «Noli,
1589 1023 1827 1118 inquit
1850 1078 1868 1110 ,
1902 1028 2188 1111 mirari,
2219 1028 2278 1097 si
2312 1042 2393 1098 tu

255 1159 289 1191 «
315 1153 356 1198 a
385 1152 501 1210 me
534 1127 674 1201 hoc
699 1153 850 1198 non
891 1132 1252 1226 impetras.
1297 1135 1449 1226 Ego
1479 1129 1626 1223 jam
1664 1131 1945 1227 pridem
1983 1132 2075 1204 ab
2114 1159 2201 1205 eo
2222 1187 2242 1222 ,
2275 1140 2392 1206 cui

255 1269 290 1302 «
316 1263 549 1309 meam
593 1240 1196 1309 existimationem
1235 1263 1471 1309 caram
1509 1236 1664 1309 fore
1694 1239 2025 1327 arbitror,
2064 1259 2237 1342 peto
2259 1300 2278 1333 ,
2314 1260 2394 1315 ut

256 1379 290 1413 α
318 1373 598 1420 mecum
631 1346 1011 1446 praefectus
1052 1348 1551 1446 proficiscatur
1577 1404 1595 1435 ,
1633 1365 1707 1421 et
1740 1350 1976 1423 adhuc
2008 1355 2394 1451 impetrare

256 1490 290 1523 «
318 1483 466 1528 non
494 1483 795 1556 possum
822 1488 874 1527 ».
923 1459 1207 1528 Etenim
1250 1484 1329 1529 re
1369 1484 1538 1529 vera
1579 1461 1810 1532 multo
1856 1464 2076 1559 magis
2116 1480 2222 1534 est
2263 1491 2390 1564 pe·
2456 1464 2459 1471 ⁴

260 1564 561 1640 tendum
599 1568 689 1640 ab
734 1567 1190 1654 hominibus,
1236 1571 1295 1639 si
1336 1570 1507 1640 salvi
1550 1586 1622 1641 et
1665 1571 1949 1642 honesti
1994 1598 2143 1644 esse
2190 1577 2392 1646 volu·

261 1706 461 1767 muS,
486 1696 568 1750 ut
596 1696 764 1752 eant
792 1679 1177 1751 nobiscum
1208 1682 1282 1750 in
1316 1683 1797 1777 provinciam,
1827 1708 2048 1779 quam
2080 1684 2220 1756 hoc
2256 1684 2394 1756 illis

260 1792 337 1860 in
376 1790 752 1862 beneficii7
797 1790 957 1861 loco
994 1787 1494 1861 deferendum.
1538 1792 1676 1862 Sed
1715 1806 1833 1880 tu,
1860 1819 2090 1889 quum
2131 1810 2203 1866 et
2228 1810 2396 1867 tuos

261 1904 528 1972 amicos
549 1903 625 1971 in
651 1902 1117 2000 provinciam,
1141 1902 1347 1997 quasi
1380 1904 1453 1970 in
1483 1902 1795 2000 praedam
1816 1958 1834 1990 ,
1879 1904 2232 1976 invitabas
2252 1960 2272 1992 ,
2318 1921 2389 1976 et

260 2012 619 2092 cumillis,
658 2036 739 2082 ac
769 2034 901 2108 per
927 2035 1050 2081 eos
1074 2010 1487 2108 praedabare
1507 2067 1528 2099 ,
1557 2028 1627 2083 et
1648 2039 1772 2085 eos
1801 2016 1876 2082 in
1902 2017 2251 2088 concione
2275 2042 2396 2087 an-

261 2124 452 2196 nulis
477 2116 757 2195 aureis8
796 2120 1116 2193 donabas
1142 2150 1160 2210 ;
1191 2148 1343 2194 non
1375 2124 1776 2210 statuebas,
1814 2123 1945 2195 tibi
1975 2149 2125 2196 non
2155 2127 2390 2197 solum

259 2232 355 2302 (le
387 2247 456 2303 te
479 2287 497 2318 ,
539 2231 667 2304 sed
705 2234 918 2302 etiam
949 2230 1039 2302 de
1082 2233 1369 2304 illorum
1405 2231 1605 2304 factis
1638 2237 1993 2305 rationem
2037 2261 2191 2308 esse
2226 2238 2391 2311 red-

259 2341 617 2413 dendam?

358 2456 609 2542 Quum
647 2453 781 2524 hos
806 2453 941 2525 sibi
969 2471 1281 2550 quaestus
1305 2457 1826 2542 constituisset,
1854 2483 2152 2556 magnos
2175 2475 2393 2559 atque

258 2563 557 2647 ubereS,
596 2589 686 2635 ex
720 2563 832 2635 his
869 2567 1134 2653 causis,
1172 2591 1352 2664 quas
1393 2569 1547 2665 ipse
1588 2567 1996 2638 instituerat
2035 2570 2108 2638 in
2156 2577 2391 2642 consi-

260 2674 397 2758 lio,
434 2672 573 2745 hoc
609 2687 756 2760 est,
792 2698 955 2745 cum
991 2699 1116 2747 sua
1157 2676 1457 2749 cohorte
1484 2731 1503 2762 ,
1552 2700 1985 2772 cognoscere
2016 2705 2033 2747 ε
2074 2694 2229 2749 turn
2283 2683 2391 2751 in-

258 2910 324 2957 de
351 2908 537 2957 minore
563 2923 751 2971 semper
784 2907 1155 2973 intelligendum
1189 2925 1285 2974 pu-

258 2999 334 3036 tat
355 2990 815 3037 Maundus.—Hoc.
841 2989 1054 3038 Subaud.
1084 2992 1283 3039 factum.

336 3078 383 3125 4.
418 3072 629 3116 Verumt.
659 3085 721 3116 ea
748 3068 831 3117 lib.
854 3069 970 3116 Non
1005 3070 1285 3131 inhumani,

258 3149 349 3196 sed
382 3149 445 3197 ad
485 3149 607 3197 bene
651 3148 713 3196 de
746 3149 975 3197 omnibus
1002 3150 1285 3197 merendum

258 3229 632 3293 promptissimi;
668 3228 830 3292 itaque
867 3228 992 3276 illud
1035 3239 1285 3276 verumta-

259 3324 370 3356 men
411 3309 474 3356 ad
516 3310 618 3368 ejus
667 3307 943 3357 docendum
985 3307 1285 3358 liberalitatis

258 3388 461 3436 modum
488 3389 728 3437 concinne
752 3389 1025 3437 adhibetur.

338 3469 385 3517 5.
406 3468 568 3530 Vulgo
596 3479 643 3514 ee
669 3485 753 3517 εκ.
774 3469 887 3516 Tria
906 3468 1052 3516 verba
1071 3490 1098 3510 κ
1119 3482 1181 3516 ex
1197 3485 1287 3515 nu-

259 3562 397 3595 mero
445 3547 708 3595 amicorum
726 3570 751 3589 ι-
801 3548 1059 3612 glomtori
1113 3547 1286 3595 tribuit

260 3629 452 3675 Ernest.
496 3627 751 3674 assentitur
801 3625 1000 3675 Schiitz.
1040 3643 1100 3675 eo
1150 3625 1286 3690 quod

261 3717 583 3754 assectatores
638 3717 774 3754 erant
826 3706 1025 3754 clientes
1068 3707 1285 3754 virorum

200 3789 211 3798 ”
260 3785 527 3844 clarorum,
550 3787 836 3850 plerumque
861 3786 1081 3833 homines
1104 3796 1289 3848 tenues,

260 3879 387 3928 quos
412 3880 513 3911 non
541 3876 734 3929 poterat
754 3865 922 3929 Scipio
943 3865 993 3911 in
1020 3865 1289 3913 amicorum

259 3960 468 3993 numero
494 3945 691 3993 habere.
728 3945 823 3993 Sed
851 3955 900 3992 et
927 3955 1208 3999 assectator,
1235 3956 1289 3993 ut

259 4025 462 4072 verbum
490 4037 721 4085 assector,
753 4041 853 4074 non
878 4025 1024 4074 semel
1042 4026 1097 4072 in
1111 4023 1291 4070 bonam

264 4116 445 4168 partem
468 4107 737 4171 accipitur-3
761 4117 810 4154 et
830 4121 1010 4153 nomeu
1027 4103 1150 4152 illud
1168 4103 1291 4150 ami-

263 4184 311 4230 ci
340 4185 476 4248 quod
505 4186 764 4249 adjicitur,
815 4203 875 4235 eo
905 4185 1055 4249 magia
1075 4184 1291 4235 Africani

1372 2908 1695 2958 constantiam
1718 2910 1772 2957 in
1795 2909 2065 2958 recusando
2089 2911 2318 2969 ostendit,
2346 2924 2395 2960 et

1373 3007 1427 3038 ea
1454 2988 1632 3054 probat
1657 3006 1766 3052 quae
1787 3004 1816 3036 a
1839 2990 2075 3039 Cicerone
2096 2991 2263 3055 paullo
2285 3002 2396 3040 aute

1374 3069 1623 3126 dicuntur,
1641 3077 1698 3115 ut
1714 3068 1897 3116 amicos
1918 3069 2212 3132 quandoque
2231 3071 2398 3119 missos

1358 3147 1633 3213 faciamus.

1445 3229 1497 3276 6.
1524 3223 1823 3289 Proefecenm.
1853 3228 1911 3273 In
1945 3227 2146 3275 cohorte
2173 3230 2397 3291 proetoria

1373 3311 1416 3356 ia
1452 3322 1555 3358 erat
1595 3308 1764 3374 legatis
1807 3306 2030 3364 inferior,
2064 3307 2189 3353 nulli
2227 3306 2397 3355 officio

1374 3387 1609 3452 peculiari
1633 3387 1878 3437 addictus.
1902 3386 2090 3448 Saepius
2113 3386 2254 3433 etiam
2267 3403 2400 3450 proe-

1360 3466 1491 3532 ficti
1513 3485 1693 3517 nomen
1729 3465 1901 3515 titulus
1943 3465 2034 3511 fuit
2065 3465 2167 3512 sine
2191 3482 2258 3514 re.
2277 3466 2397 3514 Vid.

1374 3548 1502 3612 Nep.
1529 3551 1584 3596 in
1606 3552 1709 3597 Ait.
1729 3546 1817 3593 vit.
1839 3561 1946 3607 cap.
1971 3545 2019 3591 6.

1449 3645 1493 3688 7.
1524 3625 1769 3695 Beneficii.
1811 3627 1870 3672 In
1905 3623 2029 3669 hanc
2070 3623 2309 3671 rationem
2339 3624 2399 3672 de

1376 3709 1438 3770 Q.
1464 3706 1660 3755 Fufidio
1685 3708 1755 3754 sic
1780 3703 2000 3767 loquitur
2031 3701 2082 3748 iu
2110 3704 2312 3765 epistola
2338 3703 2402 3752 ad

1375 3790 1513 3836 Brut.
1542 3788 1602 3834 16
1622 3820 1636 3846 ,
1665 3795 1752 3834 «et
1792 3785 1884 3831 suit
1928 3783 1980 3829 in
2002 3782 2173 3830 Cilicia
2208 3800 2400 3832 mecum

1379 3866 1608 3915 tribunus
1636 3867 1845 3914 militum
1884 3879 1984 3926 quo
2022 3862 2074 3909 iu
2107 3880 2307 3912 munere
2332 3865 2399 3912 ita

1376 3963 1427 3994 se
1449 3947 1671 3995 tractavit
1684 3979 1701 4007 ,
1727 3956 1781 3993 ut
1802 3944 2042 4007 accepisse
2064 3942 2127 3991 ab
2148 3960 2207 3992 eo
2225 3960 2402 3992 munus

1381 4026 1587 4084 viderer,
1611 4040 1713 4073 uon
1741 4024 1930 4072 dedisse
1945 4045 1988 4069 u.

1453 4107 1503 4154 8.
1549 4104 1759 4153 Annalis
1795 4103 1969 4150 aureis.
1999 4101 2116 4148 Vid.
2152 4101 2266 4152 infr.
2301 4114 2396 4150 act.

1382 4186 1456 4232 111
1472 4219 1486 4242 ,
1511 4187 1593 4232 80.
