3044 4788
647 435 755 505 IN
805 433 1232 529 VERREM
1282 436 1494 503 Ac‘r.
1542 435 1655 520 11,
1705 436 1892 505 Lm.
1945 436 1998 502 1.
2256 434 2384 507 301

263 563 409 633 hoc
448 563 538 631 sit
572 581 910 642 necesse;
956 580 1205 626 verum
1243 570 1327 626 ut
1374 557 1724 653 experiar,
1762 570 2010 626 utrum
2054 553 2174 626 ille
2211 553 2401 627 ferat

264 672 672 754 molestius,
708 692 825 738 me
865 680 1037 737 tunc
1074 667 1381 736 tacuisse
1403 718 1423 751 ‚
1464 688 1557 734 an
1604 688 1801 735 nunc
1838 663 2099 736 dicere.
2143 668 2275 757 Hic
2313 680 2395 735 tu

264 780 564 852 fortasse
607 780 749 849 eris
784 776 1119 873 diligens,
1165 799 1259 846 ne
1299 798 1519 871 quam
1564 798 1700 871 ego
1739 773 1991 846 horam
2029 772 2169 845 de⁵
2214 777 2394 845 meis

262 890 600 987 legitimis
645 887 848 958 horis
896 889 1310 957 remittam:
1359 886 1499 955 nisi
1545 887 1745 954 omni
1790 897 2154 982 tempore,
2193 882 2397 981 quod

263 1000 445 1081 mihi
476 999 634 1095 lege
672 1020 1099 1069 concessum
1128 1007 1236 1066 est
1257 1048 1277 1083 ‚
1303 992 1576 1066 abusus
1603 1018 1730 1065 ero
1749 1048 1768 1080 ‚
1802 1016 2149 1090 querere;
2173 991 2394 1065 deum

260 1125 482 1208 atque
554 1109 937 1179 hominum
1004 1103 1227 1175 fidem
1302 1102 1778 1201 implorabis;
1841 1092 2401 1174 circumveniri⁶

263 1225 341 1291 C.
366 1225 707 1306 Verrem,
773 1214 976 1313 quod
1022 1227 1395 1285 accusator
1453 1210 1641 1283 nolit
1690 1211 2000 1299 tamdiu,
2049 1212 2401 1310 quamdiu

263 1329 474 1401 liceat
493 1380 513 1415 ‚
545 1326 810 1398 dicere.
850 1323 1069 1414 Quod
1103 1322 1279 1394 mihi
1301 1321 1418 1394 lex
1449 1347 1611 1393 mea
1637 1334 1892 1393 causa⁷
1918 1321 2074 1409 det,
2101 1348 2190 1394 eo
2220 1323 2400 1393 mihi

263 1463 418 1509 non
454 1440 561 1507 uti
589 1459 740 1506 non
769 1433 1063 1506 licebit?
1096 1456 1266 1503 nam
1295 1430 1679 1503 accusandi
1716 1430 1893 1501 mihi
1923 1446 2208 1529 tempus
2238 1458 2399 1505 mea

264 1571 480 1618 causa
533 1545 781 1617 datum
830 1558 978 1632 est,
1044 1557 1128 1614 ut
1180 1566 1468 1639 possem
1513 1545 1844 1613 oratione
1894 1566 2053 1613 mea
2100 1546 2400 1614 crimina

265 1679 699 1753 causamque
737 1653 1137 1751 explicare:
1183 1651 1323 1722 hoc
1356 1654 1416 1721 si
1451 1675 1606 1720 non
1645 1666 1834 1736 utor,
1858 1675 2013 1722 non
2052 1649 2182 1721 tibi
2215 1651 2403 1747 inju-

266 1770 442 1837 riam
480 1763 703 1851 faci0‚
747 1762 873 1835 sed
918 1762 1010 1833 de
1045 1785 1212 1831 meo
1239 1761 1404 1856 jure
1432 1759 1710 1857 aliquid
1746 1774 1820 1831 et
1848 1762 2235 1833 commodo
2274 1761 2401 1833 de-

266 1874 495 1945 traho,
532 1878 833 1945 Causam
868 1874 1060 1942 enim
1080 1865 1135 1958 ⁸,
1174 1872 1450 1966 inquit,
1477 1872 1815 1966 cognosci
1840 1885 2152 1968 oportet.
2185 1875 2284 1942 Ea
2318 1897 2397 1944 re

263 1984 600 2081 quidem,
640 1979 845 2079 quod
896 1981 1102 2051 aliter
1146 1978 1618 2050 condemnari
1661 2003 1829 2050 reus
1855 2032 1874 2067 ,
1930 1984 2258 2075 quamvis
2299 1984 2398 2052 sit

264 2118 534 2169 nocens
561 2146 580 2181 ,
627 2113 781 2162 non
824 2104 1083 2188 potest.
1152 2088 1235 2159 Id
1288 2091 1510 2186 igitur
1553 2103 1636 2158 tu
1681 2088 1985 2161 moleste
2025 2090 2294 2179 tulisti,
2358 2117 2401 2163 a

263 2228 379 2275 me
416 2200 694 2299 aliquid
730 2199 1001 2272 factum
1036 2222 1190 2272 esse
1220 2252 1239 2286 ‚
1278 2223 1429 2295 quo
1465 2202 1706 2271 minus
1751 2202 1883 2270 iste
1927 2199 2400 2272 condemnari

263 2312 557 2410 posset?
587 2335 755 2381 nam
793 2332 1005 2380 causa
1030 2310 1321 2406 cognita
1347 2308 1561 2378 multi
1594 2324 1904 2406 possunt
1940 2302 2215 2382 absolvi
2247 2339 2262 2381 ε
2293 2316 2398 2383 in-

262 2425 552 2520 cognita
617 2419 912 2518 quidem
992 2419 1457 2489 condemnari
1527 2443 1745 2489 nemo
1809 2433 2068 2516 potest.
2136 2420 2398 2492 Adimo

264 2536 466 2603 enim
543 2527 1268 2628 comperendinatum
1294 2539 1349 2599 9.
1426 2527 1647 2621 Quod
1716 2526 1939 2599 habet
2001 2528 2116 2599 lex
2183 2531 2260 2600 in
2319 2555 2396 2603 se

1374 2722 1453 2754 me
1494 2722 1583 2754 reo
1629 2705 2190 2771 comperendinationem
2207 2739 2222 2763 ,
2272 2705 2312 2754 i.
2350 2723 2395 2756 e.

1374 2801 1533 2833 causae
1583 2785 1635 2832 in
1686 2785 1882 2833 tertium
1931 2783 2059 2832 diem
2109 2782 2395 2833 dilationem

262 2710 460 2758 actione
512 2717 706 2756 constat
758 2723 893 2755 reum
942 2705 1132 2755 absolvi
1184 2721 1289 2754 non

261 2804 430 2854 posse.

336 2870 387 2915 5.
420 2869 495 2913 De
526 2865 664 2915 meis.
697 2868 772 2914 De
796 2879 857 2912 eo
885 2874 1128 2927 tempore,
1148 2864 1287 2928 quod

262 2946 386 2994 mihi
401 2946 483 2993 lex
507 2943 571 2992 ad
591 2943 918 2992 accusandum
938 2935 1127 2991 tribuit.
1142 2945 1287 2992 Tem·

262 3043 357 3090 pus
406 3023 660 3073 definitum
688 3024 877 3072 Tullius
923 3024 1096 3072 horam
1141 3037 1287 3074 vocat

262 3121 425 3170 graeco
447 3119 597 3152 more.
609 3104 795 3169 Viginti
813 3104 915 3152 dies
932 3103 1087 3151 actori
1105 3101 1285 3151 daban·

264 3195 348 3232 tur
382 3184 446 3231 ad
475 3183 825 3241 accusandum,
864 3181 1169 3245 totidemque
1200 3180 1286 3228 de-

265 3262 449 3310 fensori
476 3262 540 3310 ad
567 3261 975 3326 respondendum.
1020 3260 1153 3309 Nota
1184 3260 1285 3307 iro-

264 3341 394 3388 niam
424 3339 477 3388 in
500 3339 598 3388 hoc
626 3351 731 3388 toto
758 3339 891 3389 loco.

334 3420 386 3467 6.
408 3417 763 3468 circumveniri.
788 3418 1003 3467 Subaud.
1027 3417 1282 3467 clamabis.

336 3516 385 3560 7.
406 3501 527 3547 Mea
553 3515 723 3549 causa.
744 3500 949 3564 Ptopter
972 3514 1127 3547 meam
1151 3495 1287 3546 utili·

264 3589 434 3626 tatem.
744 3633 755 3636 ,

336 3658 384 3704 8.
419 3656 630 3704 Causam
662 3655 806 3705 enim.
845 3655 1124 3720 Propositio
1160 3659 1287 3705 Hor·

262 3735 405 3783 tensii
426 3748 440 3782 2
466 3735 548 3781 cui
568 3734 834 3799 respondet
860 3734 1034 3784 Cicero
1066 3734 1205 3783 fateri
1234 3751 1286 3783 se

260 3829 453 3861 causam
500 3815 732 3877 cognosci
781 3824 1009 3876 oportere
1059 3829 1163 3861 eam
1216 3813 1284 3862 ob

261 3909 363 3940 rem
374 3928 390 3950 ,
413 3892 550 3956 quod
565 3893 720 3951 aliter,
737 3903 831 3940 etc.
1194 3931 1199 3938 .

334 3987 386 4034 9.
407 3970 488 4019 Al.
508 3969 999 4036 comperendinatum
1014 4004 1029 4027 ,
1059 3988 1110 4034 q.
1145 3971 1197 4020 J.
1217 3973 1286 4021 V.

262 4053 318 4098 1..
350 4077 422 4087 —-
458 4050 657 4098 Adimo.
686 4049 849 4098 Verba
887 4047 992 4095 haec
1035 4041 1287 4096 Hortensii

262 4130 462 4178 nomine
492 4129 758 4191 dicuntur-3
779 4126 916 4190 quasi
940 4138 1080 4188 esset,
1094 4138 1143 4177 at
1167 4127 1289 4176 dicis

1374 2862 1543 2928 (qnam
1562 2864 1666 2926 lege
1684 2865 1745 2912 de
1762 2858 2044 2927 repetundis
2063 2863 2206 2925 jussit
2222 2863 2276 2913 C.
2289 2864 2398 2912 Ser·

1373 2943 1521 2990 vilius
1540 2942 1744 2992 Glaucia
1766 2944 1832 2990 Δ.
1853 2943 1918 2990 U.
1942 2944 2042 2992 653
2065 2941 2265 3006 praetor)
2280 2979 2296 3005 ,
2314 2959 2396 2991 au-

1374 3022 1513 3071 ferre.
1561 3021 1715 3070 Notat
1753 3021 1996 3069 Asconius
2010 3055 2026 3080 ,
2068 3023 2399 3087 comperendi-

1374 3111 1488 3149 nato
1508 3099 1726 3163 judicio,
1745 3099 1904 3148 dicere
1930 3101 2145 3165 priorem
2172 3100 2398 3149 defenso·

1372 3196 1505 3241 rem,
1552 3181 1870 3246 posteriorem
1901 3195 2017 3227 vero
2052 3190 2400 3228 accusatorem.

1372 3269 1419 3307 et
1440 3260 1770 3307 defensionem
1792 3270 2038 3322 tamquam
2060 3259 2114 3305 in
2132 3256 2295 3306 medio
2307 3275 2400 3323 po·

1371 3339 1512 3386 sitam
1540 3338 1601 3386 ab
1629 3338 1803 3386 ultimo
1824 3337 1969 3386 obrui
1989 3348 2283 3384 accusatore.
2304 3338 2396 3386 Ce-

1372 3429 1531 3466 terum
1583 3412 1707 3465 illud
1755 3432 1858 3465 non
1915 3416 2029 3464 satis
2072 3424 2263 3463 constat
2279 3449 2296 3476 ,
2346 3425 2397 3464 et

1372 3496 1593 3558 quamvis
1619 3493 1751 3545 docti
1779 3494 1873 3543 viri
1897 3491 2118 3559 plerique
2152 3495 2362 3559 probent
2378 3529 2394 3554 ,

1372 3590 1475 3622 non
1522 3574 1646 3623 male
1697 3575 1975 3622 adversatur
2021 3575 2259 3621 Ferratius
2286 3611 2302 3637 ,
2348 3587 2399 3624 et

1373 3639 1631 3718 postquam
1660 3654 1896 3702 rationem
1921 3654 2065 3702 istam
2097 3653 2179 3700 isti
2204 3652 2300 3718 legi
2326 3671 2403 3702 re·

1372 3749 1592 3798 pugnare
1648 3733 1818 3782 docuit
1833 3769 1848 3793 ,
1896 3733 2059 3797 ipsum
2112 3732 2398 3781 Ciceronem

1373 3812 1592 3860 Asconio
1609 3813 1836 3877 opponit.
1855 3812 2045 3876 Nempe
2058 3826 2151 3875 pro
2167 3811 2403 3869 Fonteio,

1382 3893 1474 3941 13:
1498 3914 1524 3933 -r
1543 3892 1621 3940 M.
1647 3893 1875 3940 Fonteius
1894 3892 1961 3939 ita
1983 3889 2172 3938 duabus
2198 3890 2402 3937 actioni-

1374 3971 1470 4019 bus
1495 3982 1747 4019 accusatus
1773 3980 1845 4017 est
1863 4003 1879 4028 ,
1914 3980 1969 4018 nt
2004 3969 2251 4030 obiectum
2277 3966 2402 4015 nihil

1375 4050 1467 4108 sit,
1496 4066 1599 4113 quo
1641 4047 1905 4114 significari
1942 4048 2197 4111 vestigium
2235 4045 2402 4093 libidi-

1375 4129 1452 4176 nis
1475 4162 1490 4186 ,
1538 4138 1623 4176 aut
1667 4126 1881 4177 andaciae
1926 4127 2081 4190 possit
2101 4147 2145 4173 a.
2203 4121 2405 4171 Duabus
