3044 4788
678 444 786 517 ΙΝ
834 442 1259 517 VERREM
1306 442 1518 512 A-CT.
1569 443 1685 526 11,
1735 441 1920 509 LIB.
1972 445 2027 510 1.
2276 445 2448 542 289,

292 582 802 664 certamenque
829 567 1181 639 venerint.
1208 558 1534 634 Absens⁸
1556 562 1615 630 si
1643 564 1774 632 iste
1803 576 1988 633 esset
2013 560 2417 655 damnatuS,

293 704 444 749 non
480 692 625 747 tam
657 680 811 774 ipse
849 674 986 747 sibi
1028 673 1508 760 consuluisse,
1548 693 1768 767 quam
1803 671 2140 744 invidisse
2171 691 2422 748 vestrae

292 787 487 858 laudi
525 786 916 858 videretur.

389 901 472 967 ΙΙ.
530 896 788 993 Neque
824 895 1019 966 enim
1062 894 1253 965 salus
1317 892 1468 963 ulla
1516 890 1932 989 reipublicae
1987 893 2219 988 major
2281 894 2422 968 hoc

289 1016 657 1104 tempore¹
699 1006 1001 1104 reperiri
1050 1017 1289 1102 potest
1314 1055 1333 1088 ‚
1378 1024 1600 1099 quam
1639 1000 1995 1098 populum
2038 1027 2420 1075 romanum

290 1116 726 1214 intelligere,
781 1114 1166 1211 diligenter
1209 1112 1536 1207 rejectis²
1591 1108 1683 1179 ab
1720 1124 2133 1181 accusatore
2164 1110 2428 1206 judici-

290 1227 470 1314 bus.
513 1229 784 1311 socios,
829 1223 1060 1321 legeS,
1102 1220 1627 1318 rempublicam
1650 1273 1670 1307 ‚
1716 1226 2077 1316 senatorio
2126 1223 2429 1296 consilio

236 1360 239 1363 “
292 1340 607 1409 maxime
643 1358 852 1433 posse
892 1330 1223 1405 defendi:
1252 1355 1494 1427 neque
1525 1343 1721 1400 tanta
1758 1326 2071 1403 fortunis
2102 1338 2433 1404 omnium

239 1520 242 1524 Α
293 1449 656 1546 pernicies
682 1458 923 1542 potest
959 1441 1297 1514 accedere
1313 1437 1369 1528 ³,
1404 1463 1625 1537 quam
1652 1442 2001 1537 opinione
2025 1442 2280 1540 populi
2310 1470 2434 1516 ro-

293 1557 495 1626 mani
522 1558 875 1625 rationem
903 1554 1258 1639 veritatis,
1286 1551 1714 1647 integritatis
1733 1604 1753 1638 ‚
1791 1547 1992 1639 fidei.
2029 1552 2436 1650 religioniS,

300 1657 394 1736 ab
424 1663 567 1734 hoc
593 1662 846 1734 ordine
864 1661 1276 1755 abjudicari.
1297 1663 1553 1756 Itaque
1575 1657 1755 1729 mihi
1780 1657 2034 1733 videor
2062 1686 2400 1760 magnam
2418 1720 2437 1754 ,

301 1790 377 1848 et
436 1777 770 1845 maxime·
796 1798 1091 1872 aegram,
1146 1786 1220 1843 et
1271 1795 1504 1869 prope
1557 1769 1960 1868 depositam
2018 1766 2437 1870 reipublicae

302 1889 634 1984 partem4
682 1883 1119 1981 suscepisse-3
1173 1905 1413 1978 neque
1456 1883 1532 1950 in
1578 1905 1668 1950 eo
1698 1881 1924 1977 magis
1961 1905 2175 1970 meae,
2219 1908 2440 1979 quam

303 2009 559 2068 vestrae
609 1993 807 2066 laudi
855 1993 1514 2088 existimationique
1553 1995 1876 2062 servisse.
1926 1994 2205 2063 Accessi
2244 1994 2440 2064 enim

304 2103 395 2176 ad
423 2104 763 2176 invidiam
783 2102 1223 2198 judiciorum
1260 2100 1664 2187 levandam,
1684 2099 2443 2199 vituperationemque

303 2213 702 2288 tollendam
749 2241 764 2284 z
803 2227 920 2302 ιιι,Ὶ
976 2237 1204 2311 quum
1256 2212 1409 2283 haec
1454 2236 1572 2283 res
1612 2235 1748 2309 pro
1782 2210 2152 2282 voluntate
2187 2213 2445 2311 populi

306 2327 589 2399 romani
632 2339 821 2399 esset
843 2324 1203 2422 judicata,
1228 2323 1472 2421 aliqua
1504 2347 1594 2393 ex
1638 2330 1843 2420 parte
1879 2344 2042 2392 mea
2076 2321 2446 2420 diligentia

304 2439 539 2507 consti
548 2434 732 2506 tuta⁵
749 2438 1136 2506 auctoritas
1150 2432 1595 2529 judiciorum
1614 2430 1984 2502 videretur
2000 2457 2019 2519 ;
2046 2448 2443 2528 postremO,

306 2559 394 2615 ut
423 2540 656 2615 essetfi
676 2543 816 2615 hoc
848 2544 1290 2638 judicatum5
1321 2550 1404 2613 ut
1438 2539 1604 2612 finis
1642 2539 2032 2637 aliquando
2051 2541 2444 2635 judiciariae

314 2657 821 2725 controversiae
865 2658 1446 2726 constitueretur.
1496 2655 1784 2723 Etenim
1819 2654 1973 2722 sine
2019 2649 2284 2739 dubio,
2322 2654 2442 2747 ju·-

312 2907 414 2945 tute
450 2873 841 2960 laboris‘ftuctus
869 2894 920 2942 in
958 2894 1164 2943 honesta
1193 2894 1338 2943 laude
1425 2908 1549 2942 rom.
1578 2894 1809 2957 opinetur
1835 2891 2143 2956 aequitatem,
2169 2904 2268 2943 etc.
2293 2895 2346 2942 iu
2372 2911 2448 2944 oe-

311 2975 540 3038 ponitur.
553 2974 683 3022 Vide
704 2974 925 3023 Curtium
942 2974 1008 3021 nd
1023 2974 1214 3023 Sallust.
1231 2975 1338 3024 Cat.

314 3054 533 3111 xxxv,
564 3053 613 3102 3.
905 3039 912 3046 ’

390 3133 443 3179 8.
460 3131 658 3179 Absens.
672 3133 733 3178 In
759 3130 985 3179 exsilium
1006 3131 1340 3181 voluntarium

317 3220 432 3258 ante
466 3209 613 3257 latam
645 3210 932 3258 sententiam
975 3211 1242 3274 profectus.
1275 3239 1341 3248 —

318 3290 612 3337 Damnatus.
637 3290 857 3354 Namque
880 3289 993 3338 ideo
1022 3304 1128 3336 nou
1158 3288 1345 3336 vitaba-

319 3379 403 3415 tur
427 3368 697 3428 damnatio,
716 3380 764 3417 et
791 3369 1069 3417 demnatum
1087 3368 1168 3416 hic
1182 3368 1343 3431 ipsum

321 3447 383 3495 iri
408 3448 717 3513 supponitur.

391 3528 460 3574 11.
485 3543 506 3572 1
516 3561 530 3574 .
548 3528 650 3574 Hoc
664 3537 895 3591 tempore.
907 3527 1026 3588 Quo
1042 3524 1259 3591 populu·
1282 3524 1347 3571 il-

319 3606 416 3653 lam
442 3615 650 3653 veterem
668 3605 971 3666 judiciorum
992 3605 1094 3652 vim
1120 3604 1340 3669 requirit.

320 3684 489 3733 Divin.
519 3685 566 3731 3.

393 3777 446 3811 a.
480 3760 703 3825 Reseen's.
731 3763 777 3811 1.
814 3777 863 3809 e.
893 3760 1077 3809 electis.
1094 3762 1209 3809 Vid.
1232 3762 1342 3809 Aet.

322 3845 378 3902 1,
410 3843 459 3889 3.
734 3878 746 3888 .

398 3923 445 3970 3.
463 3918 727 3968 Ruhnken.
746 3919 811 3967 ad
828 3918 984 3966 Rutil.
1010 3919 1136 3983 Lup.
1161 3934 1274 3983 pag.
1298 3920 1351 3981 3,

322 3997 571 4055 accidere,
600 3997 736 4061 quod
753 3996 997 4044 habebant
1012 3997 1115 4057 jam
1130 3997 1351 4061 quaednm

324 4078 440 4128 edd.
457 4080 508 4126 J.
527 4079 594 4124 V.
620 4076 907 4137 L—Quam
926 4075 1172 4138 opinione.
1194 4077 1352 4138 Quam

327 4172 478 4222 prave
511 4153 782 4217 judicando
827 4154 1011 4212 facere,
1046 4166 1103 4203 ut
1138 4156 1352 4221 populus

526 4245 581 4311 1.
636 4259 728 4306 ca'c.
742 4274 855 4320 pars
875 4256 1093 4304 secunda.

1425 2983 1653 3020 natorum
1673 2972 1872 3034 judiciis
1893 2988 2137 3021 remanere
2159 2989 2263 3022 non
2286 2992 2447 3039 posse.

1499 3062 1547 3110 ⁴·
1568 3057 1781 3100 Partem.
1815 3037 2026 3102 Judicia.
2054 3079 2127 3090 —-
2147 3042 2445 3118 Depositam.

1425 3132 1756 3196 Desperatum.
1804 3131 2097 3196 Metaphora
2144 3133 2205 3180 de
2258 3134 2454 3196 aegrotis

1428 3221 1645 3274 sumpta,
1670 3209 1759 3273 qui
1774 3207 2015 3274 desperati
2028 3219 2140 3257 ante
2153 3211 2324 3271 januas
2343 3227 2455 3258 suan

1431 3288 1805 3353 deponebantur
1823 3322 1838 3346 ‚
1880 3300 1939 3336 ut
1975 3304 2002 3335 n
2045 3289 2454 3351 praetereuntihue

1431 3367 1704 3416 viserentur
1720 3383 1777 3415 ae
1794 3379 2096 3426 curarentur,
2126 3367 2167 3414 οἱ
2186 3368 2308 3432 quid
2329 3370 2455 3417 forte

1433 3446 1544 3510 opis
1577 3447 1631 3494 iu
1664 3448 1742 3495 eis
1769 3456 1909 3511 esset.
1939 3446 2068 3494 Vide
2095 3445 2231 3495 Serv.
2252 3448 2316 3496 ad
2344 3451 2456 3498 AEn.

1434 3528 1561 3585 ΧΠ,
1591 3527 1712 3588 395.

1502 3605 1557 3656 5.
1579 3603 1866 3655 Constituto.
1885 3605 2225 3656 constabilita.
2495 3644 2517 3656 κ

1504 3684 1556 3731 6.
1596 3683 1834 3733 Lambino
1863 3684 2086 3748 placebat
2111 3708 2136 3726 α
2155 3701 2307 3749 quum
2334 3695 2461 3734 estet

1433 3762 1531 3810 hoc
1551 3761 1709 3823 judie.
1731 3785 1756 3804 -ο
1783 3763 1983 3811 Mun-eto
2008 3774 2103 3812 »ut
2128 3775 2184 3812 ut
2209 3776 2334 3812 esset
2359 3765 2410 3814 h.
2431 3786 2460 3807 ι·

1436 3841 1538 3890 Alii
1575 3841 1715 3890 aliter
1758 3841 2045 3902 conjiciunt.
2081 3842 2218 3906 Legit
2254 3845 2459 3891 Rotom.

1440 3942 1462 3964 ι
1477 3932 1528 3969 et
1550 3918 1715 3971 finis».
1737 3923 1964 3971 Ceterum
1991 3921 2138 3969 docet
2154 3925 2186 3971 J
2190 3956 2204 3967 .
2226 3924 2277 3968 F.
2302 3924 2462 3970 Gron-

1438 3999 1644 4048 Obeerv.
1667 4002 1767 4059 111,
1792 4001 1856 4060 6,
1886 4010 1941 4047 ut
1965 4016 2093 4063 saepe
2119 3999 2250 4047 idem
2279 4016 2380 4047 esse
2404 4015 2461 4046 ae

1441 4090 1573 4136 utut,
1599 4091 1869 4143 utcumque.
1883 4078 2033 4141 Quod
2050 4078 2140 4127 etsi
2166 4078 2468 4125 verissimum

1440 4168 1541 4218 est,
1579 4174 1776 4220 parvam
1801 4168 1962 4206 tamen
1986 4155 2037 4205 h.
2057 4157 2092 4206 1.
2119 4155 2463 4205 obscuritatem

2142 4265 2225 4333 ¹9
