3044 4788
659 385 801 473 434
1305 384 1403 455 Μ.
1446 389 1528 455 Τ.
1581 386 2145 457 CICERONIS

750 512 879 582 Hic
922 532 1120 579 nunc
1180 508 1272 580 de
1314 509 1602 581 miseria
1644 507 2094 592 Siculorum,
2146 504 2466 600 judices,
2521 505 2813 579 audite.

648 626 739 692 Et
772 620 1141 692 Heraclius
1177 618 1296 690 ille
1332 622 1820 715 Syracusanus
1843 671 1863 704 ,
1902 631 1975 687 et
2011 616 2128 687 hic
2171 616 2462 688 Bidinus
2493 622 2811 716 Epicra-

648 747 791 817 oeS,
823 728 1103 828 expulsi
1139 727 1352 799 bonis
1380 726 1756 815 omnibus,
1794 733 2097 798 Romam
2123 741 2480 798 venerunt
2510 755 2528 797 ε
2561 728 2811 799 sordi·

647 839 833 927 dati,
859 839 1168 909 maxima
1196 836 1419 908 barba
1448 851 1524 907 et
1547 836 1833 934 capillo,
1863 841 2104 907 Romae
2135 836 2516 909 biennium
2558 863 2804 938 prope

646 950 958 1022 fuerunt.
1012 949 1261 1036 Quum
1308 951 1389 1018 L.
1420 946 1758 1017 Metellus
1794 948 1868 1016 in
1913 948 2364 1044 provinciam
2412 945 2800 1045 profectus

643 1077 784 1148 est,
823 1074 978 1129 tum
1010 1058 1125 1127 isti
1158 1056 1348 1128 bene
1385 1056 1871 1129 commendati
1907 1081 2074 1128 cum
2095 1058 2390 1129 Metello
2427 1083 2577 1128 una
2610 1083 2792 1157 pro-

642 1169 1081 1241 ficiscuntur.
1114 1166 1449 1239 Metellus
1483 1166 1698 1237 simul
1725 1190 1807 1238 ac
1833 1170 2031 1238 venit
2064 1171 2481 1264 Syracusas,
2513 1183 2800 1239 utrum·

640 1304 788 1376 que
816 1275 1105 1349 rescidit
1129 1332 1148 1362 ‚
1181 1292 1253 1349 et
1274 1276 1365 1348 de
1392 1280 1722 1373 Epicrate
1741 1332 1760 1364 ,
1786 1290 1859 1348 et
1891 1276 1982 1348 de
2002 1277 2355 1349 Heraclio.
2389 1283 2479 1349 In
2513 1284 2793 1350 utrius-

638 1415 783 1488 que
816 1388 1029 1460 bonis
1062 1388 1243 1459 nihil
1281 1401 1434 1459 erat
1449 1383 1505 1472 ⁸,
1539 1384 1739 1483 quod
1772 1388 2052 1460 restitui
2089 1401 2367 1486 posset3
2402 1389 2542 1459 nisi
2581 1388 2794 1485 quod

643 1499 917 1570 moveri
958 1497 1121 1570 loco
1159 1522 1312 1567 non
1357 1510 1662 1595 poterat.

736 1615 991 1682 XXVI.
1026 1613 1318 1680 Fecerat
1344 1606 1495 1676 haec
1524 1608 1808 1705 egregie
1827 1607 2068 1704 primo
2089 1606 2405 1678 adventu
2419 1608 2790 1693 Metellus,

635 1737 720 1793 ut
753 1745 1009 1793 omnes
1045 1721 1250 1791 istius
1295 1717 1632 1811 injurias,
1673 1741 1856 1814 quas
1898 1716 2118 1789 modo
2165 1731 2455 1815 posset,
2498 1719 2785 1789 rescin-

634 1834 873 1920 deret,
919 1845 992 1904 et
1034 1832 1268 1901 irritas
1313 1826 1603 1899 faceret.
1648 1826 2055 1898 Heraclium
2098 1829 2380 1899 restitui
2410 1828 2779 1922 jusserat:

634 1969 787 2015 non
841 1938 1443 2013 restituebatur¹z
1494 1939 1823 2035 quisquis
1873 1951 2070 2009 erat'
2127 1936 2434 2009 eductus
2490 1954 2789 2010 senator

633 2057 1117 2150 Syracusanus
1163 2048 1256 2120 ab
1293 2048 1671 2135 Heraclio,
1713 2046 1882 2119 duci
1915 2047 2222 2143 jubebat
2263 2074 2279 2116 :
2323 2050 2575 2145 itaque
2620 2074 2781 2147 per·

631 2163 840 2234 multi
861 2160 1058 2231 ducti
1084 2174 1278 2231 sunt.
1301 2160 1666 2256 Epicrates
1693 2159 1991 2256 quidem
2021 2160 2374 2231 continuo
2402 2162 2782 2232 restitutus

633 2286 762 2343 est.
806 2270 958 2340 Alia
984 2268 1255 2365 judicia
1290 2267 1618 2364 Lilybaei,
1656 2268 1791 2339 alia
1822 2270 2229 2367 Agrigenti,
2266 2269 2403 2340 alia
2440 2274 2777 2342 Panormi

631 2383 962 2455 restituta
989 2394 1178 2452 sunt.
1221 2381 1496 2451 Census
1515 2376 1570 2466 3,
1608 2381 1738 2476 qui
1778 2381 1918 2452 isto
1957 2394 2266 2479 praetore
2301 2393 2474 2451 sunt
2504 2379 2729 2452 habiti
2754 2437 2776 2467 ,

632 2519 781 2564 non
838 2507 1285 2563 servaturum
1339 2513 1452 2572 se,
1497 2490 1833 2561 Metellus
1881 2490 2351 2561 ostenderat:
2390 2490 2769 2575 decumas,

630 2628 812 2702 quas
852 2605 986 2674 iste
1036 2614 1288 2671 contra
1324 2598 1558 2697 legem
1596 2601 2048 2672 Hieronicam
2087 2599 2581 2687 vendiderat⁴‚
2619 2626 2773 2674 sese

629 2714 1097 2787 venditurum
1157 2710 1541 2779 Hieronica
1591 2708 1784 2807 lege,
1833 2707 2182 2782 dixerat⁵.
2234 2711 2496 2780 Omnia
2565 2727 2771 2783 erant

629 2823 897 2894 Metelli
932 2817 1319 2916 ejusmodi,
1348 2835 1433 2890 ut
1464 2834 1690 2891 totam
1729 2822 1933 2892 istius
1967 2819 2403 2920 praeturam⁶
2440 2835 2770 2894 retexere

1739 3032 1849 3063 eum
1875 3017 2105 3064 Metellus
2127 3016 2242 3065 duci
2264 3017 2316 3065 iu
2337 3016 2538 3064 vincula
2552 3017 2770 3078 jubebat,

626 3035 687 3067 ee
705 3016 889 3080 redegit
904 3014 1188 3080 pecuniam,
1212 3026 1308 3064 ete.
1332 3026 1390 3063 ut
1406 3014 1512 3063 haec
1527 3050 1540 3074 ,
1556 3026 1649 3063 etc.

1741 3097 1818 3145 vel
1833 3113 1945 3145 eum
1970 3096 2197 3147 Heraclio
2223 3096 2500 3144 addicebat.
2540 3100 2640 3145 Pro
2658 3097 2769 3143 eda-

700 3102 752 3147 8.
776 3096 917 3146 Nihil
929 3108 1054 3144 erae.
1080 3098 1176 3144 Res
1202 3097 1332 3143 enim
1361 3095 1570 3143 mobiles
1592 3112 1654 3143 ex

624 3179 789 3226 edicto
832 3174 1043 3224 venditae
1086 3190 1142 3222 ac
1190 3191 1278 3238 per
1312 3175 1473 3221 varios
1513 3174 1654 3222 locos

629 3261 857 3324 disperse
896 3254 1027 3303 haud
1062 3254 1205 3303 facile
1243 3269 1409 3301 ruram
1440 3253 1651 3301 inveniri

626 3351 675 3386 et
731 3336 921 3386 restitui
970 3343 1212 3399 poterant.
1264 3334 1483 3396 Apparet
1533 3333 1649 3380 inde

627 3419 830 3464 omnino
854 3417 908 3463 in
933 3412 1202 3478 provinciis
1227 3411 1421 3458 licuisse
1445 3411 1649 3476 pretori

624 3493 928 3551 succedenti,
955 3509 983 3539 a
1001 3491 1305 3556 pra-cedente
1321 3501 1530 3554 praetore
1549 3507 1646 3538 rem

619 3573 883 3635 judicatam
935 3570 1220 3620 rescindere.
1274 3568 1417 3617 Conf.
1465 3569 1645 3632 Gaius,

625 3653 714 3710 IV,
742 3651 859 3706 105,
893 3650 1003 3697 106.

694 3726 887 3778 XXVI.
913 3741 933 3772 ι
947 3760 960 3774 .
979 3727 1039 3774 In
1066 3726 1178 3775 cod.
1202 3727 1351 3774 veteri
1375 3726 1507 3790 apud
1528 3729 1646 3778 Hot.

623 3811 705 3857 ..vi
732 3803 1128 3857 restituebatur».
1151 3804 1297 3852 Male.
1319 3805 1374 3854 J.
1392 3808 1455 3855 V.
1483 3806 1539 3855 1..

694 3905 741 3937 a.
774 3883 1001 3950 Quisquis
1026 3894 1146 3933 emt.
1184 3882 1417 3949 Quisquis
1447 3897 1646 3934 senator

621 3974 952 4034 Syracusanus
977 3963 1040 4012 ab
1071 3962 1298 4011 Heraclio
1331 3964 1382 4011 in
1401 3964 1642 4025 judicium

619 4050 798 4097 ductus
838 4054 985 4103 esset,
1032 4053 1289 4109 propterea
1329 4044 1465 4109 qnod
1510 4043 1642 4094 bona

615 4124 829 4176 Heraclii
855 4141 883 4173 a
909 4142 959 4173 ae
984 4138 1199 4188 possessa
1224 4139 1326 4172 non
1348 4124 1639 4188 restitueret,

1737 3187 1843 3224 ems
1876 3176 2046 3225 Lamb.
2074 3192 2102 3223 e
2128 3174 2240 3224 cod.
2262 3175 2401 3224 Fabr.
2434 3174 2574 3223 dedit
2594 3175 2765 3223 editas.

1737 3254 1887 3304 Male.
2089 3297 2110 3306 -

1811 3336 1858 3381 3.
1914 3334 2110 3382 Census.
2163 3333 2467 3381 Facultatum
2530 3334 2764 3398 cujusque

1736 3424 1839 3461 erat
1862 3414 2143 3471 estimatio,
2176 3431 2241 3462 ex
2273 3430 2370 3477 qna
2409 3429 2559 3460 onera
2592 3415 2762 3478 cuique

1735 3492 2127 3556 imponebantur.
2168 3520 2239 3529 —
2292 3492 2403 3539 Non
2448 3506 2758 3542 servatur-un.

1736 3572 1863 3635 Quia
1888 3572 2056 3638 inique
2080 3583 2216 3620 erant
2245 3571 2501 3635 descripti.

1809 3659 1857 3706 4.
1891 3651 2205 3700 Vendiderae.
2234 3653 2502 3699 Locaverat
2544 3650 2756 3715 publiea-

1734 3729 1833 3778 nia.
1863 3731 2009 3780 Verr.
2039 3732 2127 3790 tv,
2166 3733 2215 3779 6.

1807 3810 1853 3859 5.
1889 3808 2116 3858 Dia-emt.
2140 3809 2306 3858 Editio
2322 3807 2638 3857 Veri-inarum
2663 3809 2754 3873 pri·

1733 3905 1836 3952 ma,
1861 3888 2103 3937 edixerat.
2141 3892 2285 3936 Forte
2317 3886 2502 3937 excidit
2533 3887 2673 3936 litera
2691 3887 2750 3936 ob

1732 3968 1949 4017 ultimam
1976 3967 2295 4027 praecedenti·
2318 3966 2470 4014 verbi.
2491 3968 2611 4015 ΙΝ.
2631 3970 2684 4016 1..

1803 4047 1856 4098 6.
1884 4051 2178 4096 Proeeuram.
2209 4046 2378 4095 Lamb-
2414 4056 2505 4094 «ut
2530 4062 2636 4095 non
2661 4058 2750 4095 tam

1730 4142 1862 4175 auam
1889 4144 1965 4191 pr.
1987 4143 2177 4193 gerere,
2195 4142 2341 4190 quam
2372 4125 2515 4173 iatius
2544 4137 2750 4174 retexere
