3044 4788
634 426 772 520 472
830 528 835 533 ὁ
1289 427 1386 493 Μ.
1430 427 1507 492 Τ.
1552 426 2112 497 CICERONIS

633 550 831 617 tione
868 561 1342 644 expugnasset
1375 550 1546 634 iste,
1591 560 1675 617 ut
1716 545 1870 617 dies
1919 557 2138 615 xnv¹⁰
2178 550 2365 617 inter
2397 547 2624 617 binos
2664 547 2767 618 lu-

632 656 765 728 dos
802 657 1248 744 tollerentur,
1288 682 1419 754 per
1449 681 1640 753 quos
1676 657 1869 727 solos
1905 654 2264 752 judicium
2299 654 2454 726 fieri
2498 643 2763 752 posset.
2839 676 2846 681 ·

725 772 911 855 L111.
949 773 1103 839 Jam
1137 793 1309 839 vero
1336 779 1745 856 censores‘,
1774 765 2391 865 quemadmodum
2416 769 2495 837 in
2534 766 2769 837 Sicilia

631 881 769 950 isto
819 894 1124 977 praetore
1165 879 1382 949 creati
1431 878 1643 966 sint2,
1681 902 1920 977 operae
1964 879 2282 976 pretium
2334 892 2442 948 est
2499 900 2766 974 cogno-

628 1014 848 1061 scere.
894 989 1025 1059 Ille
1051 989 1260 1058 enim·
1283 1001 1391 1058 est
1427 991 1883 1086 magistratus
1916 986 2114 1085 apud
2145 987 2452 1073 Siculos,
2486 989 2626 1082 qui
2663 983 2766 1053 di·

626 1100 1084 1197 ligentissime
1138 1096 1524 1168 mandatur
1572 1124 1614 1170 a
1653 1098 1969 1195 popuIO,
2024 1113 2323 1196 propter
2365 1096 2567 1168 hanc
2616 1120 2765 1166 cau·

626 1234 823 1295 sam,
857 1206 1061 1305 quod
1102 1232 1357 1281 omnes
1400 1208 1622 1280 Siculi
1661 1234 1750 1279 ex
1795 1233 2021 1280 censu
2063 1214 2457 1305 quotannis
2497 1205 2764 1278 tributa

630 1316 1062 1391 conferunt:
1101 1323 1179 1390 in
1211 1344 1436 1391 censu
1469 1318 1811 1390 habendo
1849 1333 2165 1416 potestas
2206 1323 2444 1389 omnis
2473 1320 2764 1388 aestima-

633 1424 894 1498 tionis³
932 1427 1282 1501 habendae
1309 1453 1753 1525 summaeque
1782 1427 2134 1500 faciundae
2169 1431 2445 1500 censori
2477 1431 2763 1527 permit·

629 1539 825 1608 titur.
857 1544 1110 1636 Itaque
1134 1564 1305 1610 eum
1328 1539 1645 1637 populus
1663 1592 1682 1626 ,
1701 1541 1817 1609 cui
1846 1539 2148 1611 maxime
2165 1542 2192 1589 ⁴
2219 1537 2440 1610 fidem
2467 1560 2762 1637 suarum

626 1672 869 1719 rerum
898 1648 1198 1737 habeat,
1220 1654 1530 1720 maxima
1557 1674 1728 1720 cura
1750 1647 2031 1746 deligit3
2060 1664 2133 1721 et
2164 1666 2466 1748 propter
2505 1649 2767 1744 magni-

625 1756 951 1830 tudinem
999 1762 1368 1858 potestatis
1409 1758 1528 1829 hic
1569 1761 2023 1855 magistratus
2070 1785 2110 1830 a
2164 1761 2444 1858 populo
2490 1781 2764 1832 summa

629 1868 1026 1940 ambitione
1076 1869 1564 1941 contenditur.
1623 1876 1705 1940 ln
1767 1893 1851 1940 ea
1903 1894 1981 1941 re
2043 1874 2177 1940 iste
2229 1869 2406 1941 nihil
2454 1869 2762 1940 obscure

630 1977 869 2063 facere,
894 1980 1147 2067 voluit,
1177 2006 1328 2050 non
1359 1985 1435 2050 in
1473 1977 1888 2051 sortitione⁵
1919 1977 2202 2067 fallere,
2226 2004 2465 2076 neque
2501 1979 2659 2050 dies
2683 1975 2769 2045 de

630 2087 828 2159 fastis
871 2090 1219 2175 eximere3
1256 2089 1654 2159 nibil‘sane
1696 2086 1926 2177 vafre,
1958 2113 2093 2159 nec
2135 2088 2488 2162 malitiose
2536 2086 2758 2158 facere

629 2213 931 2269 conatus
965 2212 1074 2268 est
1110 2224 1126 2265 ε
1180 2197 1344 2287 sed,
1382 2212 1465 2268 ut
1499 2197 1737 2269 studia
1770 2198 2354 2296 cupiditatesque
2397 2197 2756 2271 honorum

624 2322 841 2405 atque
875 2306 1305 2379 ambitiones
1334 2333 1423 2379 ex
1451 2307 1792 2380 omnibus
1817 2307 2225 2408 civitatibus
2258 2307 2590 2396 tolleret,
2610 2330 2758 2404 quae
2834 2308 2838 2315 ’

626 2441 738 2490 res
785 2419 1186 2491 evertendae
1234 2419 1648 2519 reipublicae
1690 2420 1926 2491 solent
1973 2444 2169 2506 esse,
2213 2418 2574 2506 ostendit,
2617 2440 2758 2488 sese

623 2532 698 2601 in
733 2529 1072 2603 omnibus
1104 2531 1512 2603 civitatibus
1546 2555 1883 2602 censores
1914 2555 2070 2600 esse
2101 2528 2489 2601 facturum.
2537 2533 2757 2599 Tanto

625 2656 948 2712 mercatu
964 2642 1287 2740 praetoris
1305 2640 1606 2728 indict0‚
1622 2641 2078 2713 concurritur
2096 2640 2425 2736 undique
2438 2639 2530 2710 ad
2549 2643 2755 2711 istum

624 2872 944 2937 pontificum,
963 2874 1142 2939 quibus
1167 2875 1485 2925 intercalandi
1511 2888 1651 2942 pote-
1737 2879 1796 2924 In
1820 2875 1982 2925 Sicilia
2008 2886 2213 2942 apparet
2237 2891 2372 2923 cm
2393 2884 2589 2922 creatos
2609 2873 2758 2925 fitium,

628 2963 724 3000 stas
744 2963 875 3013 erat,
902 2946 1251 3017 equinoctinm
1277 2972 1479 3005 vernum
1506 2958 1648 3021 Cice-7
1737 2971 1845 3018 cap.
1863 2956 1948 3004 55.

624 3033 760 3079 ronis
778 3042 919 3080 aetate
942 3049 1081 3096 paene
1100 3035 1152 3081 in
1167 3036 1651 3096 aestatemincideret‚
1809 3051 1858 3082 a.
1894 3035 1973 3084 Sic
1998 3036 2187 3084 Emest.
2205 3032 2465 3097 Vulgmm
2501 3043 2665 3080 tamen
2695 3028 2758 3075 le·

625 3111 658 3158 J
667 3147 679 3160 .
691 3110 851 3160 Caesar
866 3111 1090 3161 adhibito
1107 3115 1338 3179 Sosigene
1351 3127 1653 3178 astronomo,
1741 3115 1954 3162 ctionem
1971 3149 1986 3172 ,
2026 3125 2161 3168 sune,
2215 3111 2438 3160 defendit
2458 3112 2686 3160 Goerenx·
2699 3106 2755 3156 sd
2805 3113 2816 3126 '

628 3191 831 3239 confusa
862 3193 1023 3240 omnia
1049 3193 1254 3257 redegit.

703 3286 780 3318 ro.
808 3271 922 3318 Dies
953 3273 1109 3322 XLV.
1148 3273 1302 3332 Elate.
1336 3274 1461 3322 Nam
1487 3289 1653 3321 revera

626 3361 814 3413 septem
842 3361 1031 3399 tautum
1058 3362 1107 3399 et
1141 3353 1341 3416 triginta
1375 3351 1477 3400 dies
1514 3365 1653 3402 erant

625 3431 767 3477 vacui
798 3430 943 3478 binos
972 3432 1101 3480 inter
1126 3432 1298 3491 ludos,
1335 3431 1585 3481 Circenses
1604 3443 1653 3480 et

622 3508 857 3556 ‘Victorias
867 3544 881 3568 ,
902 3526 992 3573 per
1003 3528 1127 3575 quos
1142 3511 1245 3560 dies
1262 3511 1398 3559 solos
1409 3510 1652 3572 iudicium

624 3584 730 3634 fleri
762 3600 943 3651 posset.
982 3592 1057 3639 De
1087 3593 1253 3639 Verris
1289 3591 1343 3638 in
1381 3590 1506 3638 hanc
1547 3606 1650 3637 rem

622 3666 1022 3715 machinamentis
1048 3669 1160 3717 vide
1184 3672 1301 3719 Act.
1322 3673 1374 3729 1,
1406 3684 1482 3718 ro.

693 3747 824 3793 Lm.
855 3761 899 3792 1.
936 3746 1181 3796 Censores.
1208 3748 1287 3794 1111
1316 3764 1344 3795 a
1370 3745 1647 3811 provincia-

622 3825 754 3873 libus
777 3823 1063 3872 creabantur
1081 3859 1095 3884 ,
1128 3824 1235 3872 bini
1260 3826 1314 3873 in
1338 3825 1554 3890 singulas
1579 3828 1647 3875 ci·

624 3905 817 3953 vitates.
863 3905 1046 3952 Eorum
1091 3920 1266 3952 munus
1309 3916 1413 3953 erat
1448 3921 1648 3954 censum

624 3983 851 4032 ordinare
871 4017 886 4041 ,
924 3994 972 4031 et
1012 3982 1135 4048 quid
1182 3982 1416 4047 quisque,
1450 4001 1514 4032 ex
1557 4001 1648 4033 suo

624 4079 772 4112 censu
785 4097 799 4120 ,
831 4061 1042 4127 pendere
1063 4063 1116 4111 in
1135 4062 1376 4127 privatam
1395 4063 1648 4112 civitatum

621 4141 1090 4192 administrationem
1134 4142 1355 4207 deberet,
1396 4145 1645 4194 aetimare.

1742 3193 1847 3243 Cic.
1868 3193 1929 3241 de
1950 3192 2108 3241 Finib.
2126 3195 2218 3252 lv,
2238 3198 2325 3246 24.
2348 3192 2464 3239 ΙΝ.
2480 3192 2536 3236 L.

1816 3274 1863 3321 3.
1883 3271 2258 3320 AEseimationis.
2277 3268 2576 3318 AEstimandi
2607 3268 2755 3327 eujus-

1739 3369 1837 3416 que
1865 3351 2025 3410 bona,
2076 3361 2124 3398 et
2160 3347 2494 3398 constituendi
2528 3360 2756 3396 summam

1740 3447 1850 3495 quae
1895 3447 1922 3478 a
1963 3445 2163 3494 quoque
2216 3440 2288 3477 est
2338 3429 2514 3477 tributi
2568 3427 2756 3476 nomine

1740 3509 2054 3558 conferenda.
2429 3493 2450 3502 „

1811 3598 1861 3644 4.
1901 3587 1995 3637 cni
2021 3587 2254 3636 maxime.
2281 3589 2440 3650 Quem
2470 3587 2667 3648 indicat
2691 3584 2753 3632 di·

1737 3669 2020 3731 gnissimmn
2047 3669 2187 3730 cujus
2219 3665 2339 3714 fidei
2376 3681 2579 3714 suorum
2610 3667 2755 3714 bono·

1737 3763 1844 3794 rum
1863 3747 2233 3795 aestimationem
2250 3778 2265 3804 ,
2296 3757 2347 3793 et
2368 3744 2490 3793 adeo
2512 3744 2645 3793 bona
2665 3745 2758 3809 ipss

1735 3827 2023 3875 committat.
2044 3854 2115 3862 —
2134 3824 2259 3884 Alii,
2288 3848 2314 3867 ιι
2329 3825 2415 3888 qui
2440 3826 2698 3872 maximam
2721 3822 2752 3868 s.

1735 3923 1774 3953 8.
1802 3923 1844 3955 1¹·
1867 3905 2130 3954 habebat..
2157 3907 2206 3954 J·
2220 3906 2285 3951 v.
2315 3905 2370 3950 L.

1811 3989 1858 4035 5.
1887 3987 2001 4034 Non
2021 3986 2071 4033 in
2094 3984 2360 4033 sortitione.
2380 3986 2451 4034 Ut
2475 3983 2657 4031 fecerat
2676 3985 2754 4044 Sy-

1735 4066 2017 4114 racusis.—
2032 4066 2207 4130 Neque
2229 4064 2350 4114 dies.
2385 4067 2453 4114 Ut
2480 4058 2753 4126 Cephaloedi

1735 4145 1932 4193 fecerat.
