3044 4788
654 434 790 505 292
1292 412 1391 477 M.
1441 410 1519 477 Τ.
1572 407 2159 477 CICERONIS

648 535 875 629 pisse,
920 554 1151 628 quum
1180 520 1354 601 fana
1389 528 1753 627 spoliarit,
1790 552 2021 625 quum
2058 541 2172 598 tot
2208 526 2534 598 homines
2561 529 2812 600 inno-

646 656 893 714 centes
916 642 1193 712 necarit
1214 693 1233 726 ‚
1267 664 1497 737 quum
1529 642 1723 709 cives
1747 662 2092 710 romanos
2116 653 2382 727 morte,
2417 643 2763 711 cruciatu
2784 696 2807 727 ,

642 776 860 824 cruce
894 748 1253 834 affecerit3
1284 773 1517 846 quum
1547 747 1974 846 praedonum
2018 748 2278 837 duces,
2312 764 2606 845 accepta
2650 775 2801 847 pe-

640 865 896 946 cunia,
931 857 1315 943 dimiserit,
1356 880 1579 954 quam
1621 883 1781 946 eos,
1825 859 1885 928 si
1920 861 2049 955 qui
2081 859 2309 929 istum
2348 872 2498 944 tot,
2529 862 2800 945 tantiS,

641 985 785 1041 tam
828 964 1118 1049 nefariis
1164 965 1562 1039 sceleribus
1603 983 2032 1067 coopertum
2050 962 2104 1055 ³,
2149 967 2372 1062 jurati
2419 972 2796 1041 sententia

639 1103 771 1150 sua
800 1076 1215 1149 liberarint?
1255 1079 1419 1148 Non
1457 1092 1603 1165 est,
1642 1103 1797 1149 non
1833 1092 1943 1149 est
1977 1082 2055 1148 in
2097 1077 2242 1151 hoc
2276 1078 2576 1151 homine
2615 1084 2796 1151 cui-

640 1211 863 1285 quam
904 1184 1253 1285 peccandi
1288 1185 1529 1275 locus,
1561 1187 1843 1282 judices
1875 1213 1893 1256 ε
1939 1213 2093 1259 nou
2131 1188 2194 1259 is
2227 1203 2338 1260 αεὶ
2368 1213 2575 1277 reus,
2619 1214 2788 1261 non

638 1297 711 1368 id
750 1298 1103 1395 tempus⁴,
1149 1321 1300 1367 nou
1340 1295 1416 1366 id
1460 1295 1885 1384 consilium;
1923 1311 2172 1368 metuo
2211 1323 2306 1369 ne
2348 1298 2529 1396 quid
2565 1323 2785 1369 arro-

634 1408 919 1505 gantius
950 1405 1145 1504 apud
1184 1405 1361 1478 tales
1399 1410 1594 1478 viros
1625 1404 1873 1478 videar
1907 1405 2190 1494 dicere,
2230 1432 2326 1479 ne
2362 1422 2564 1479 actor
2603 1414 2782 1507 qui-

633 1516 801 1590 dem
835 1531 943 1589 est
976 1522 1073 1605 is,
1111 1520 1228 1589 cui
1266 1540 1434 1589 reus
1466 1530 1617 1587 tam
1658 1541 1968 1605 nocens,
2004 1531 2153 1587 tam
2194 1516 2568 1615 perditus,
2620 1532 2776 1590 tam

629 1629 864 1698 victus
880 1625 936 1715 ⁵,
975 1640 1103 1697 aut
1141 1624 1427 1697 occulte
1464 1627 1767 1725 surripi,
1801 1641 1928 1697 aut
1969 1630 2270 1724 impune
2297 1632 2478 1726 eripi
2511 1633 2772 1727 possit.

629 1738 755 1809 His
806 1756 940 1835 ego
983 1735 1355 1831 judicibus
1406 1761 1560 1808 nou
1610 1735 1988 1835 probabo,
2050 1740 2129 1808 C.
2160 1741 2462 1809 Verrem
2514 1754 2775 1811 contra

624 1847 819 1945 leges
853 1850 1200 1945 pecunias
1240 1846 1567 1941 cepisse?
1601 1845 2068 1918 sustinebunt
2109 1846 2283 1917 tales
2317 1847 2492 1933 viri,
2535 1872 2614 1919 se
2656 1864 2775 1920 tot

625 1953 1123 2041 senatoribus,
1169 1969 1279 2024 tot
1326 1953 1697 2051 equitibus
1748 1961 2101 2044 romanis,
2153 1971 2266 2028 tot
2310 1958 2725 2031 civitatibus
2744 2015 2769 2047 ‚

623 2081 735 2136 tot
762 2061 1180 2134 hominibus
1206 2062 1728 2135 honestissimis
1756 2089 1845 2136 ex
1881 2080 2029 2137 tam
2057 2065 2316 2138 illustri
2354 2070 2767 2166 provincia,

625 2188 736 2244 tot
771 2170 1221 2270 populorum
1259 2174 1854 2271 privatorumque
1893 2175 2115 2248 literis
2153 2202 2303 2248 non
2333 2178 2766 2251 credidisse?

620 2297 835 2352 tantae
872 2280 1126 2379 pop'uli
1157 2285 1442 2353 romani
1480 2282 1839 2356 voluntati
1883 2288 2276 2360 restitisse?
2299 2292 2757 2361 Sustineant:

621 2393 1100 2490 reperiemus,
1148 2396 1207 2464 si
1250 2393 1469 2463 istum
1514 2391 1811 2465 vivum⁶
1841 2394 1934 2467 ad
1969 2397 2165 2469 aliud
2193 2398 2546 2494 judicium
2586 2401 2754 2499 pei·-

617 2503 884 2576 ducere
921 2498 1358 2601 poterimus,
1396 2501 1666 2600 quibus
1700 2503 2098 2603 probemus
2122 2562 2143 2597 ,
2182 2509 2401 2579 istum
2437 2511 2513 2578 in
2554 2535 2756 2607 quae-

616 2629 816 2687 stura
865 2618 1251 2712 pecuniam
1292 2607 1705 2709 publicam,
1753 2619 1884 2687 Cn.
1926 2615 2241 2689 Carboni
2296 2617 2577 2689 consuli
2624 2618 2751 2690 da·

616 2740 762 2795 tam
785 2776 805 2810 ,
845 2723 1222 2810 avertisse;
1257 2719 1529 2817 quibus
1564 2723 2162 2820 persuadeamus,
2210 2730 2428 2798 istum
2466 2727 2743 2800 alieno⁷

615 2833 914 2902 nomine
955 2854 999 2901 a
1042 2828 1524 2926 quaestoribus
1561 2831 1887 2921 urbanis,
1925 2835 2128 2931 quod
2167 2840 2411 2935 priore
2462 2842 2748 2911 actione

611 2934 1025 3025 didicistis⁸‚
1061 2940 1445 3035 pecuniam
1477 2937 1877 3014 abstulisse.
1934 2949 2207 3033 Erunt,
2251 2948 2381 3044 qui
2425 2962 2501 3019 et
2545 2951 2622 3018 in
2658 2974 2746 3020 eo
2799 2976 2805 2981 ·

612 3073 912 3148 qnoque
961 3047 1327 3121 audaciam
1386 3050 1546 3146 ejus
1598 3053 2168 3150 reprehendant,
2216 3055 2421 3154 quod
2469 3058 2745 3157 aliquot

679 3252 730 3299 3.
760 3248 1065 3315 coopertum.
1086 3248 1165 3296 Sic
1192 3248 1327 3312 apud
1353 3246 1468 3297 San.
1489 3247 1632 3298 catil.
1792 3253 1841 3301 6.
1876 3252 2065 3304 rivum.
2098 3252 2375 3302 Periculum
2407 3267 2483 3304 est
2509 3256 2667 3318 enim,
2701 3259 2742 3306 si

610 3329 707 3379 23:
742 3350 763 3372 ι
782 3328 977 3393 flagitiis
1009 3338 1157 3390 atque
1184 3325 1484 3376 facinoribus
1510 3342 1631 3375 coo·
1719 3329 2004 3391 absolvitur,
2024 3348 2086 3380 ne
2111 3333 2287 3398 populi
2312 3334 2538 3384 manibus
2565 3336 2740 3385 discer-

608 3418 776 3469 pertus
789 3429 831 3453 ¹·-
1719 3422 1878 3472 pstur.

677 3492 727 3539 4.
761 3484 828 3532 Id
850 3495 1049 3550 tempus.
1088 3484 1252 3546 Quum
1286 3494 1536 3534 senatores
1561 3484 1632 3533 in·
1792 3505 1841 3550 7.
1863 3489 1970 3537 Jsc.
2003 3489 2313 3552 Gronovius,
2348 3491 2469 3541 dum
2495 3494 2738 3559 corrigen-

606 3561 735 3608 vidia
770 3574 1115 3627 corruptorum
1150 3561 1451 3623 judiciorum
1489 3562 1630 3611 labo·
1717 3565 1835 3615 dum
1851 3577 2014 3631 putat,
2036 3590 2061 3611 ιι
2077 3570 2227 3635 e-pti
2242 3571 2470 3621 frumenti
2488 3575 2737 3634 nomine»,

607 3640 871 3688 rann—Id
885 3639 1158 3689 consilium.
1190 3641 1266 3688 Ex
1291 3641 1481 3705 optimo
1502 3660 1630 3708 quo-
1711 3656 1843 3694 ενι-ιι
1870 3656 1971 3694 tou
2000 3647 2094 3695 via.
2130 3650 2179 3698 J.
2202 3652 2266 3699 V.
2291 3655 2346 3701 L.
2374 3684 2441 3693 --
2465 3652 2581 3701 Non
2609 3656 2735 3702 enim

604 3734 700 3781 qne
715 3718 970 3767 adscitum.
992 3721 1162 3782 Itaque
1181 3731 1498 3784 corruptores
1519 3739 1627 3771 non
1712 3723 1818 3772 hac
1844 3727 2091 3789 pertinent
2122 3729 2186 3777 sd
2221 3741 2481 3794 praetnrsm
2511 3733 2738 3783 Sicilien-

602 3795 808 3854 habent,
839 3796 960 3860 qnid
986 3806 1197 3861 sperent.
1711 3819 1841 3863 sem,
1873 3804 1961 3853 sed
1993 3807 2059 3855 ad
2097 3808 2221 3856 illud
2267 3820 2458 3875 tempus
2495 3828 2599 3875 quo
2642 3814 2734 3862 Q.

675 3877 722 3924 5.
746 3873 932 3924 Victus.
952 3875 1236 3926 Convictus.
1262 3878 1476 3930 Occulta.
1503 3883 1620 3929 Iar·
1710 3882 1949 3933 Carbonis
1967 3897 2274 3951 proquoestor
2285 3891 2460 3939 Verres
2479 3892 2734 3955 pecuniam

599 3951 868 4017 gitiouibus
884 3953 1218 4017 pecuniarum.
1229 3983 1301 3994 —
1320 3959 1411 4007 Tor
1423 3971 1621 4009 senato·
1705 3963 1951 4027 publicem
1969 3966 2131 4015 alieno
2142 4002 2158 4028 ,
2175 3985 2216 4018 s.
2241 3965 2364 4017 falso
2387 3970 2586 4019 nomine
2603 3987 2735 4019 sver-

600 4030 746 4080 ribus.
801 4032 1030 4082 'restibus
1078 4032 1261 4083 scilicet
1317 4036 1369 4085 in
1415 4039 1616 4088 Verrem
1706 4041 1784 4091 tit.
1808 4043 1929 4094 Vid.
1947 4044 2037 4094 ins.
2058 4061 2103 4094 c.
2124 4048 2202 4094 18.

600 4109 871 4174 productis.
1776 4121 1824 4168 8.
1846 4121 2114 4174 Didica'seis.
2135 4125 2208 4174 Ex
2226 4123 2446 4175 testibus.
