3044 4788
628 423 772 515 470
1271 422 1368 488 M.
1420 421 1498 487 T.
1552 419 2121 489 CICERONIS

628 565 894 640 nempe
912 542 1257 639 scriptum
1286 542 1384 612 ita
1412 555 1552 630 est,
1575 572 1609 607 α
1627 556 1809 638 quot
1829 543 2225 641 renuntiati
2253 559 2463 614 erunt
2489 575 2560 616 n:
2589 565 2788 643 quot

626 676 800 749 ergo
818 706 838 740 ,
861 653 1136 749 inquit,
1162 666 1334 722 sunt
1353 652 1794 723 renuntiati?
1818 656 2276 750 Responsum
2295 708 2315 742 ,
2346 668 2513 726 tres.
2546 661 2788 728 Num-

630 762 809 861 quid
858 765 1076 861 igitur
1127 776 1451 859 oportet,
1510 765 1647 834 nisi
1700 778 1844 833 tres
1896 753 2126 836 sortes
2186 765 2491 860 conjici,
2545 794 2782 838 unam

632 874 890 946 educi?
943 873 1145 944 nihil.
1189 874 1467 968 Conjici
1498 873 1711 970 jubet
1752 888 1936 960 tres,
1987 879 2064 943 in
2107 874 2378 972 quibus
2422 878 2784 949 omnibus

628 986 978 1085 scriptum
1022 998 1209 1055 esset
1248 1008 1518 1055 nomen
1557 984 2045 1056 Theomnasti.
2090 987 2199 1056 Fit
2231 986 2505 1057 clamor
2545 993 2778 1059 maxi·

630 1120 833 1183 mus,
891 1119 1122 1191 quum
1173 1093 1248 1165 id
1295 1096 1650 1166 universis
1703 1093 2085 1191 indignum
2136 1110 2356 1192 atque
2406 1096 2777 1169 nefarium

627 1205 1016 1277 videretur.
1082 1210 1190 1276 Ita
1232 1206 1425 1277 Jovis
1482 1202 1663 1275 illud
1710 1203 2191 1275 sacerdotium
2241 1206 2777 1304 amplissimum

628 1340 760 1413 per
798 1315 984 1385 hanc
1027 1317 1380 1386 rationem
1416 1313 1906 1385 Theomnasto
1943 1313 2178 1385 datur.

729 1429 878 1495 LII.
929 1424 1351 1522 Cephaloedi
1388 1426 1653 1495 mensis
1698 1437 1807 1495 est
1843 1438 2119 1511 certus»,
2178 1450 2331 1522 quo
2369 1451 2627 1498 mense
2664 1452 2778 1498 sa·

631 1533 1003 1605 cerdotem
1035 1536 1425 1607 maximum
1455 1536 1683 1605 creari
1709 1549 2066 1631 oporteat.
2095 1540 2265 1606 Erat
2287 1536 2445 1631 ejus
2470 1537 2780 1609 honoris

634 1642 942 1742 cupidus
1002 1650 1298 1716 Artemo
1321 1656 1340 1688 ¹
1402 1643 1700 1742 quidam
1722 1699 1741 1731 ‚
1798 1645 2226 1718 Climachias
2293 1655 2781 1744 cognomine,

632 1754 861 1827 homo
892 1779 1063 1826 sane
1090 1753 1412 1852 locuples
1430 1808 1449 1841 ‚
1479 1769 1554 1825 et
1580 1753 1777 1826 domi
1809 1755 2109 1845 nobilis3
2140 1755 2263 1828 sed
2290 1758 2349 1828 is
2373 1756 2539 1829 fieri
2572 1760 2783 1829 nullo

635 1865 857 1937 modo
884 1879 1202 1963 poterat,
1246 1866 1305 1936 si
1340 1863 1753 1937 Herodotus
1780 1865 2075 1964 quidam
2111 1864 2394 1938 adesset
2429 1894 2444 1936 :
2476 1870 2545 1939 ei
2573 1868 2782 1940 locus

633 1974 757 2047 ille
789 1991 1006 2072 atque
1029 1975 1266 2047 honos
1302 1975 1616 2047 inillum
1641 2000 1914 2047 annum
1943 1981 2041 2049 ita
2069 1976 2320 2049 deberi
2359 1978 2783 2075 putabatur.

634 2098 725 2154 ut
764 2108 859 2154 ne
882 2084 1305 2155 Climachias
1332 2084 1631 2182 quidem
1657 2100 1910 2156 contra
1936 2085 2228 2158 diceret.
2264 2093 2406 2159 Res
2438 2089 2533 2160 ad
2558 2091 2780 2161 istum

637 2191 986 2280 defertur,
1003 2207 1074 2264 et
1094 2194 1295 2265 istius
1328 2219 1533 2267 more
1556 2194 1928 2267 deciditur.
1942 2201 2373 2268 Toreumata
2402 2222 2576 2270 sane
2607 2215 2782 2271 nota
2843 2180 2854 2203 ⁸

637 2328 722 2375 ac
756 2306 1069 2403 pretiosa
1104 2302 1603 2378 aufemntur2.
1638 2305 2050 2378 Herodotus
2088 2313 2334 2379 Romae
2370 2324 2524 2379 erat
2553 2336 2569 2379 ε
2612 2312 2781 2379 satis

636 2414 942 2514 putabat
991 2439 1065 2487 se
1118 2415 1211 2487 ad
1254 2419 1543 2492 comitia
1586 2432 1915 2517 tempore
1953 2433 2385 2508 venturum,
2435 2422 2494 2490 si
2546 2421 2779 2518 pridie

640 2528 974 2599 venisset.
1010 2532 1154 2599 Iste
1177 2581 1197 2616 ‚
1224 2553 1319 2599 ne
1355 2543 1480 2599 aut
1506 2528 1648 2599 alio
1682 2554 1930 2600 mense
1952 2583 1971 2616 ‚
2000 2553 2084 2601 ac
2126 2529 2230 2601 fas
2267 2545 2457 2617 erat,
2487 2531 2778 2601 comitia

626 2635 1106 2727 haberentur,
1147 2653 1271 2710 aut
1302 2637 1672 2710 Herodoto
1702 2643 2033 2736 praesenti
2070 2639 2307 2711 honos
2334 2639 2780 2711 adimeretur

634 2749 755 2846 (id
784 2748 984 2847 quod
1015 2751 1147 2819 iste
1168 2745 1197 2796 ³
1226 2773 1377 2818 non
1406 2748 1781 2822 laborabat
1800 2804 1819 2838 ‚
1859 2749 2284 2821 Climachias
2320 2751 2626 2821 minime
2657 2775 2779 2820 vo-

638 2858 918 2953 lebat),
956 2859 1315 2955 excogitat
1342 2857 1530 2955 (dixi
1553 2856 2014 2954 jamdudum;
2044 2884 2195 2931 non
2221 2873 2329 2930 est
2359 2859 2588 2929 homo
2615 2884 2781 2929 acu·

636 2973 782 3041 tior
816 2969 1239 3067 quisquam,
1282 2992 1419 3040 nec
1459 2967 1671 3062 fuit),
1711 2972 2104 3067 excogitat,
2140 2971 2480 3067 inquam,
2517 2992 2779 3066 quem-

642 3069 1039 3150 admOdum
1065 3101 1309 3149 mense
1334 3078 1456 3148 illo
1475 3077 1796 3175 legitimo
1829 3081 2119 3150 comitia
2152 3073 2624 3167 haberentur,
2648 3103 2780 3149 nec

645 3204 888 3264 tamen
925 3188 1334 3259 Herodotus
1361 3185 1607 3258 adesse
1632 3204 1896 3286 posset.
1928 3193 2053 3259 Est
2086 3185 2545 3259 consuetudo
2581 3188 2779 3257 Sicu-

640 3299 880 3374 lorum
896 3354 921 3387 ,
939 3313 1491 3394 ceterorumque
1511 3300 1964 3388 Graecorum,
1985 3297 2187 3396 quod
2214 3323 2383 3369 suos
2403 3298 2556 3368 dies
2581 3321 2778 3369 men·

714 3520 819 3566 LII.
843 3535 889 3565 ι.
905 3519 984 3566 Sic
1010 3517 1150 3566 multi
1175 3516 1323 3566 codd.
1341 3515 1467 3575 Alii,
1494 3514 1669 3563 Anhe-
1755 3510 2053 3562 concffiandi
2107 3521 2158 3559 et
2210 3508 2404 3558 emendi
2452 3508 2776 3558 consuetudo.

645 3596 747 3645 m’o.
774 3596 1055 3646 P.''Manut.
1085 3596 1318 3645 Athenio.
1340 3597 1393 3644 J.
1416 3596 1484 3643 V.
1512 3595 1570 3642 1..
1598 3620 1669 3630 —
1804 3575 1878 3640 ⁶3.
1913 3591 1981 3638 Id
2011 3590 2149 3655 quod
2183 3589 2285 3637 iste.
2313 3591 2490 3636 Verres
2528 3588 2669 3636 facile
2703 3590 2777 3637 vd

652 3677 961 3724 Tor-cumaea.
1006 3676 1073 3721 En
1118 3685 1236 3722 sunt
1287 3689 1432 3730 vasa,
1482 3673 1524 3721 si
1570 3672 1670 3720 vim
1755 3670 1853 3718 elio
1878 3686 2064 3728 mense,
2094 3685 2151 3716 sc
2176 3684 2282 3716 mos
2306 3679 2436 3726 erat,
2471 3668 2673 3715 comitia
2696 3666 2778 3716 ha·

568 3799 569 3804 ,
647 3769 815 3819 graecn
852 3751 1056 3813 originis
1094 3763 1314 3815 spectes,
1349 3762 1496 3799 torno
1519 3752 1670 3809 sacta,
1755 3749 1962 3807 buisset,
1982 3759 2067 3796 sut
2090 3746 2350 3795 Herodoto
2376 3749 2605 3811 praesenti
2626 3748 2780 3795 hono-

647 3832 931 3897 plerumque
952 3840 1113 3878 sutem
1134 3831 1201 3877 ita
1225 3829 1438 3892 sculpta,
1466 3842 1524 3879 ut
1544 3828 1669 3893 figu-
1757 3844 1860 3875 rem
1883 3827 2167 3887 ademisset,
2194 3827 2289 3874 nisi
2311 3826 2604 3875 Climachias
2629 3827 2777 3875 obsti·

647 3928 713 3960 rae
741 3912 998 3959 emineant.
1761 3907 1897 3955 tisset
1912 3942 1927 3965 ,
1975 3906 2063 3971 qui
2116 3906 2314 3954 minime
2367 3905 2561 3954 volebat
2612 3919 2777 3954 eontra

720 4007 770 4039 a.
801 3989 1022 4037 Pretiosa
1047 3985 1353 4053 auferrentur.
1384 3987 1575 4051 Nempe
1608 4004 1669 4035 ex
1760 4003 1942 4035 morem
1973 4003 2029 4035 ac
2064 3987 2195 4051 leges
2229 3986 2454 4034 sacerdos
2484 3987 2665 4048 creari,
2691 3987 2777 4035 etsi

648 4069 834 4120 adibus
861 4069 1141 4117 Artemonis
1174 4066 1237 4114 sd
1259 4069 1459 4114 Verrem
1493 4066 1666 4129 depor·
1755 4070 1934 4115 Verres
1974 4067 2076 4127 ejus
2112 4065 2263 4113 moris
2297 4065 2535 4114 rationem
2568 4081 2672 4114 non
2704 4067 2781 4113 ha-

648 4162 836 4209 tantm-3
855 4165 962 4215 quae
987 4148 1129 4198 solita
1154 4160 1257 4198 erat
1280 4147 1502 4214 praetoris
1527 4146 1665 4195 istius
1753 4146 1913 4194 bebat.
