3044 4788
695 462 811 536 IN
857 461 1293 534 VERREM
1340 462 1555 535 ACT.
1592 464 1713 550 11,
1759 464 1948 535 LIB.
1994 464 2054 534 1.
2304 460 2447 561 359

310 587 523 660 minis
558 587 966 684 ingenium,
1023 589 1206 658 mira
1256 584 1665 684 prudentia.
1725 586 2090 660 Minucius
2147 586 2442 685 quidam

310 711 642 771 mortuus
669 712 781 769 est
804 712 970 770 ante
1010 699 1231 769 istum
1262 710 1644 795 praetorem
1676 722 1694 767 t
1739 697 1898 792 ejus
1931 711 2445 771 testamentum

310 824 464 881 erat
513 807 848 880 nullum·
888 835 905 878 ε
968 807 1126 905 lege
1169 807 1530 880 hereditas
1571 806 1664 880 ad
1718 822 2010 906 gentem
2053 811 2444 881 Minuciam

310 917 671 991 veniebat.
716 919 791 989 si
831 916 1204 991 habuisset
1238 920 1373 991 iste
1413 917 1765 1007 edictum,
1792 917 1995 1017 quod
2028 933 2194 991 ante
2228 920 2446 990 istum

308 1044 383 1100 et
417 1043 670 1128 postea
699 1052 955 1101 omnes
989 1026 1436 1111 habuerunt,
1476 1031 1836 1127 possessio
1872 1030 2206 1101 Minuciae
2245 1029 2446 1126 genti

309 1153 496 1211 esset
534 1136 725 1211 data.
765 1140 837 1211 Si
872 1141 1043 1237 quis
1076 1153 1511 1211 testamento
1551 1163 1628 1211 se
1671 1138 2010 1212 heredem
2053 1162 2210 1213 esse
2249 1138 2442 1211 arbi·

311 1263 648 1337 tutetur,
689 1247 893 1347 quod
936 1264 1095 1321 tum
1131 1273 1288 1321 non
1326 1262 1639 1321 exstaret
1660 1304 1681 1337 ,
1725 1248 1881 1347 lege
1926 1264 2168 1347 ageret
2202 1250 2279 1321 in
2322 1248 2445 1321 he-

309 1359 686 1433 reditatem
728 1386 745 1431 ε
795 1374 955 1449 aut,
1007 1382 1144 1458 pro
1197 1358 1436 1458 praede
1488 1360 1637 1431 litis
1695 1357 2169 1432 vindiciarum
2214 1384 2446 1457 quum

313 1474 485 1542 satis
506 1471 936 1568 accepisset,
960 1473 1429 1569 sponsionem
1464 1467 1767 1556 faceret3
1801 1473 1898 1542 ita
1929 1468 2020 1542 de
2046 1468 2448 1543 hereditate

314 1594 639 1652 certaret.
684 1586 877 1670 Hoc,
907 1583 1200 1678 opinor,
1231 1580 1395 1676 jure
1434 1593 1511 1651 et
1546 1577 1854 1674 majores
1891 1582 2157 1666 nostri,
2199 1594 2274 1651 et
2310 1604 2446 1651 nos

315 1712 602 1788 semper
625 1691 739 1761 usi
763 1712 1035 1761 sumus.
1054 1687 1338 1779 Videte,
1359 1702 1445 1761 ut
1465 1688 1612 1763 hoe
1627 1690 1764 1761 iste
1781 1693 2194 1762 correxerit.
2226 1693 2446 1761 Com-

317 1800 529 1898 ponit
560 1799 877 1872 edictum
912 1801 999 1876 iis
1034 1799 1276 1872 verbis
1295 1852 1318 1888 ,
1356 1814 1441 1871 ut
1475 1801 1714 1897 quivis
1748 1798 2144 1896 intelligere
2177 1801 2406 1897 possit
2425 1854 2448 1887 ‚

317 1912 537 1984 unius
565 1910 886 1983 hominis
921 1932 1134 1984 causa
1168 1909 1665 2008 conscriptum
1701 1933 1890 1999 esse;
1934 1924 2215 1982 tantum
2245 1909 2448 2007 quod

387 2184 438 2221 a.
464 2168 686 2223 Nun-m.
716 2168 849 2220 Toto
873 2169 997 2220 ede
1027 2180 1189 2220 errant
1220 2168 1340 2223 h.1.
1428 2169 1613 2221 interea
1647 2170 2007 2256 possessionem
2047 2171 2256 2221 retinere
2288 2174 2452 2235 jussus

313 2261 721 2301 commentatores
757 2265 816 2299 ae
851 2248 1054 2315 gamen·
1077 2251 1336 2316 interpres.
1424 2246 1604 2314 fucit,
1641 2234 1958 2317 sponsionem
1993 2250 2270 2301 adversario
2309 2252 2455 2303 faciet

315 2331 421 2381 Nec
464 2331 597 2381 enim
646 2340 987 2380 testamentum
1030 2346 1061 2379 a
1113 2329 1338 2380 Minucio

316 2411 521 2459 omnino
562 2409 745 2460 factum
783 2425 888 2459 non
922 2427 1051 2473 esse,
1090 2420 1180 2457 aut
1220 2419 1340 2458 tune

317 2489 554 2554 temperis
567 2501 672 2537 non
688 2488 927 2553 prodiisse
939 2489 1008 2538 sit
1025 2487 1232 2549 Tullius,
1253 2488 1341 2538 sed

317 2566 446 2616 illud
470 2565 608 2632 quod
631 2567 887 2632 sesipserat
905 2569 1018 2629 jure
1033 2568 1219 2617 nnllam
1239 2570 1341 2616 vim

319 2645 565 2706 babuisse,
579 2661 637 2693 sc
656 2644 845 2694 nullum
862 2646 1022 2696 fuisse.
1041 2648 1165 2710 Qun
1188 2663 1342 2712 quum

319 2724 390 2774 tta
415 2734 601 2787 asem,
630 2734 680 2772 et
703 2723 767 2773 ad
790 2724 1104 2774 hereditatem
1129 2725 1191 2773 ab
1218 2727 1341 2775 inte·

317 2813 452 2854 statu
500 2803 721 2854 Minucia
763 2818 883 2869 gens
927 2813 1051 2853 esset
1092 2805 1339 2864 vocanda,

318 2900 535 2951 quonam
558 2883 709 2933 modo
728 2901 804 2933 res
822 2884 923 2949 gni
942 2883 1157 2932 solerent
1172 2882 1347 2933 descri-

318 2959 395 3012 bit
414 2961 588 3013 Cicero
608 2977 623 3013 ς
663 2963 878 3022 scilicet,
909 2978 1063 3027 quum
1087 2974 1226 3029 parte
1251 2962 1345 3011 alia

317 3039 460 3091 berea
476 3052 814 3092 testamentum
831 3041 1007 3101 valere,
1030 3039 1124 3091 alia
1145 3049 1346 3092 testato-

321 3120 393 3171 ris
438 3121 619 3171 finilia
657 3122 849 3172 nullum
893 3138 1000 3170 esse
1048 3119 1315 3170 contundat
1332 3153 1349 3181 ,

322 3202 453 3249 inter
476 3200 704 3250 heredem
732 3201 1010 3249 institutum
1039 3210 1090 3247 et
1114 3199 1347 3247 familiam

323 3279 387 3329 de
422 3279 690 3330 hereditate
723 3290 949 3330 certatur.
986 3279 1101 3327 Duo
1126 3278 1208 3327 hie
1232 3295 1346 3344 pos-

320 3369 440 3410 sunt
478 3377 733 3411 occurrere
754 3376 770 3410 ε
795 3358 855 3409 1⁰
874 3363 982 3412 Aut
1021 3359 1162 3409 berea
1197 3370 1345 3409 testa·

322 3449 492 3489 mento
524 3439 778 3489 institutus
808 3435 938 3489 bona
975 3438 1195 3488 defuncti
1242 3455 1348 3488 non

322 3520 575 3584 possedit,
614 3531 732 3569 tunc
771 3520 975 3570 heredes
1011 3520 1074 3569 ab
1114 3517 1346 3569 intestato

322 3598 377 3647 in
393 3598 474 3660 ins
492 3610 653 3659 vocat,
672 3611 728 3648 ut
750 3599 845 3664 ipsi
863 3601 994 3648 bona
1011 3599 1348 3660 restituantur,

324 3677 433 3743 lege
466 3678 573 3746 agit
610 3675 662 3726 in
698 3675 1031 3728 hereditatem.
1064 3673 1123 3724 2⁰
1154 3680 1257 3728 Aut
1292 3694 1349 3727 ea

323 3758 489 3806 statim
503 3791 519 3817 ,
555 3753 797 3807 exstineto
819 3768 1050 3807 testatore
1070 3758 1348 3822 occupavit,

324 3846 444 3885 tune
493 3835 655 3902 ipsum
706 3834 1019 3886 restituenda
1068 3836 1348 3886 hereditatis

324 3931 469 3964 eausa
494 3916 698 3964 heredes
727 3916 789 3964 ab
826 3916 1057 3964 intestato
1085 3916 1137 3963 in
1159 3918 1239 3978 jus
1266 3933 1349 3965 vo·

324 4006 456 4044 eant.
497 3996 629 4044 Ante
662 3993 826 4043 omnia
854 4009 1047 4042 necesse
1074 4004 1147 4041 est
1172 4005 1351 4060 prato·

325 4090 428 4122 rem
452 4084 662 4123 statuere
677 4083 802 4133 uter,
821 4073 1065 4139 pendente
1089 4072 1201 4134 lite,
1230 4090 1350 4139 pos·

327 4154 592 4202 sessionem
617 4151 827 4202 retinere
853 4153 1058 4203 debeat:
1085 4153 1222 4219 quod
1241 4154 1350 4218 qui-

329 4231 439 4282 dem
482 4231 545 4282 lis
580 4230 912 4281 vindiciarum
947 4232 1218 4282 dicebatur.
1250 4234 1352 4295 Qui

1415 2344 1514 2398 pm
1537 2330 1711 2396 proede
1738 2330 1838 2380 licis
1870 2329 2233 2388 vindiciarum,
2276 2347 2454 2398 nempe

1426 2410 1753 2475 adstipulatus
1778 2427 1830 2459 se
1856 2421 1904 2460 et
1931 2427 2032 2459 rem
2058 2421 2112 2459 et
2137 2412 2352 2459 fructum
2377 2429 2453 2461 re·

1426 2490 1731 2550 stitutnrnm,
1742 2489 1783 2537 si
1795 2488 1989 2551 judicio
2001 2490 2159 2537 victus
2177 2488 2452 2540 decesserit.

1428 2569 1543 2618 Gai.
1569 2567 1659 2630 tv,
1697 2567 1731 2633 s
1755 2570 1818 2618 16
1842 2578 1892 2618 et
1919 2580 2007 2632 9⁸.
2050 2565 2301 2631 Simulque
2337 2568 2454 2617 satis

1428 2647 1637 2712 accipiet
1656 2647 1719 2695 sb
1744 2647 1856 2707 illo,
1882 2644 1937 2695 id
1961 2656 2051 2703 est,
2069 2645 2453 2706 satisdationem,

1428 2737 1524 2790 qua
1548 2739 1600 2775 se
1626 2726 1896 2791 obstringat
1929 2725 2118 2791 petitor
2137 2742 2220 2785 se,
2263 2726 2305 2772 ai
2328 2728 2456 2791 peti·

1426 2807 1565 2855 tinne
1580 2804 1855 2867 deiiciatur,
1876 2816 2057 2854 certam
2074 2804 2297 2869 pecuniae
2322 2821 2458 2853 snm·

1431 2901 1593 2946 mann,
1628 2885 1793 2936 damni
1817 2900 1988 2946 eausa,
2020 2885 2319 2945 soluturum,
2347 2879 2460 2950 qna?

1432 2965 1713 3030 quingentis
1752 2962 1942 3012 essibus
1983 2975 2205 3016 constare
2248 2963 2459 3014 solebat.

1433 3042 1546 3093 (ἰαί.
1577 3043 1664 3092 nbi
1701 3058 1864 3108 supra.
1910 3041 2048 3106 Quid
2087 3054 2251 3093 autem
2293 3053 2459 3108 egerat

1431 3125 1609 3173 ‘Verres
1629 3124 1655 3170 t
1703 3124 1802 3171 Ista
1843 3138 1998 3186 quum
2047 3137 2458 3186 supervacaneum

1433 3202 1638 3252 omnino
1660 3199 1908 3261 duxisset,
1938 3212 2102 3250 utrum
2127 3216 2460 3266 possessorem

1433 3297 1537 3329 esse
1582 3291 1835 3346 oporteret
1873 3289 2111 3338 statuere,
2155 3279 2252 3327 hoc
2293 3277 2460 3327 edicto
2562 3312 2569 3319 -

1433 3369 1660 3408 sanxerat
1691 3369 1750 3407 ut
1783 3358 1871 3424 qui
1900 3373 2183 3423 possessor,
2226 3356 2313 3405 lite
2343 3356 2467 3405 inci·

1432 3439 1625 3503 piente,
1643 3448 1785 3498 esset,
1810 3437 2163 3503 possessionem
2178 3471 2194 3497 ,
2218 3435 2466 3502 pendente

1431 3518 1546 3578 lite,
1581 3517 1646 3566 ad
1687 3534 1841 3582 usque
1882 3516 2029 3566 finem
2072 3515 2326 3576 retineret,
2369 3531 2463 3563 neo

1434 3608 1597 3646 tamen
1618 3598 1930 3662 sponsionem
1952 3598 2148 3645 feceret.
2163 3594 2215 3643 Si
2239 3594 2351 3658 quis
2375 3610 2464 3642 au-

1435 3687 1533 3725 tem
1549 3677 1782 3726 honestm
1800 3692 1857 3725 sc
1878 3675 2085 3740 diligens
2108 3685 2294 3740 prator
2310 3672 2458 3723 exsti-

1434 3757 1595 3817 tisset,
1629 3773 1731 3806 non
1755 3756 1838 3805 ille
1869 3755 2161 3820 quoesiisset‚
2194 3765 2304 3803 nter
2330 3754 2460 3801 sacto

1434 3836 1734 3901 possideret,
1758 3835 1845 3884 sed
1871 3847 2036 3886 utrum
2061 3837 2173 3898 jure
2210 3833 2463 3899 possidere

1435 3926 1703 3981 oporteret.
1728 3919 1801 3966 lta
1830 3913 1918 3975 fit,
1956 3913 2213 3964 concludit
2246 3913 2420 3963 Cicero
2439 3943 2458 3971 ,

1436 4007 1494 4043 ut
1512 4031 1529 4058 ,
1562 4005 1734 4044 neutra
1768 4006 1907 4061 parte
1943 3993 2256 4060 possidente,
2300 3990 2464 4039 neutri

1436 4076 1793 4139 possessionem
1821 4072 1935 4122 dare
1962 4073 2080 4122 velis
2095 4107 2110 4134 ,
2150 4086 2296 4135 quam
2321 4067 2461 4116 cuili-

1436 4152 1521 4201 bet
1560 4154 1721 4202 alieno
1755 4151 1988 4202 libentius
2030 4150 2296 4215 permittas.
2331 4151 2463 4198 Pon-

1437 4247 1608 4280 esur.
