3044 4788
675 419 785 488 IN
834 415 1270 485 VERREM
1320 414 1638 484 ACTIO
1672 416 2032 486 PRIMA.
2285 417 2421 491 255

269 577 273 582 ·
285 542 541 638 judicii
565 538 750 610 facta
781 536 1035 636 grandi
1061 537 1368 633 pecunia
1396 562 1412 604 ε
1444 533 1575 606 ea⁶
1604 539 1871 606 mansit
1897 538 2425 612 in‘conditione

289 667 513 751 atque
540 664 752 749 pacto
781 671 1012 745 usque
1039 645 1129 716 ad
1157 669 1325 715 eum
1354 643 1573 715 finem
1592 699 1611 732 ‚
1661 644 1837 714 dum
1871 646 2152 741 judices
2181 650 2430 744 rejecti

288 775 515 833 sunt7.
549 763 1024 855 Posteaquam
1062 755 1358 850 rejectio
1383 754 1716 849 judicum
1750 754 1930 826 facta
1952 773 2094 845 est,
2109 760 2315 855 quod
2351 777 2426 833 et

288 876 364 943 in
394 872 776 944 sortitione
803 871 1010 939 istius
1047 862 1283 964 spem⁸
1305 865 1600 936 fortuna
1633 867 1887 964 populi
1914 871 2222 960 romani,
2244 887 2317 942 et
2347 877 2424 944 in

286 981 692 1078 rejiciendis
715 977 1083 1075 judicibus
1113 999 1272 1047 mea
1292 975 1664 1072 diligentia
1689 978 1993 1049 istorum
2036 981 2423 1077 impuden-

284 1097 461 1166 tiam
493 1096 781 1175 vicerat‚
816 1087 1227 1160 renuntiata
1265 1101 1374 1156 est
1407 1100 1561 1156 tota
1590 1087 2043 1159 conductio9.
2086 1091 2425 1164 Praeclare

286 1231 362 1276 se
385 1230 500 1276 res
528 1200 880 1275 habebat:
903 1197 1128 1271 libelli
1160 1197 1547 1268 nominum
1571 1210 1980 1268 vestrorum
1999 1202 2428 1300 consiliique

289 1316 502 1411 hujus
529 1317 604 1385 in
639 1310 974 1384 manibus
1006 1323 1211 1379 erant
1241 1308 1612 1394 omnium;
1639 1306 1841 1377 nulla
1869 1323 2042 1379 nota
2067 1321 2152 1398 ¹⁰,
2180 1314 2427 1383 nullus

286 1426 513 1514 color,
559 1423 772 1495 nullae
832 1417 1083 1493 sordes
1134 1415 1576 1488 videbantur
1636 1416 1752 1487 his
1806 1422 2178 1493 sententiis
2227 1422 2425 1495 allini

285 1559 539 1633 posse:
570 1558 800 1631 quum
829 1533 961 1601 iste
996 1541 1292 1626 repente
1324 1551 1413 1597 ex
1448 1524 1665 1597 alacri
1696 1541 1919 1625 atque
1949 1530 2110 1601 laeto
2139 1536 2240 1604 sic
2270 1550 2425 1605 erat

285 1647 580 1716 humilis
598 1660 814 1742 atque
839 1641 1223 1725 demissus,
1241 1650 1324 1707 ut
1355 1661 1502 1707 non
1540 1636 1760 1709 modo
1788 1642 2067 1737 populo
2095 1668 2423 1732 roman0‚

288 1756 417 1828 sed
451 1757 665 1827 etiam
702 1751 838 1824 sibi
881 1754 1035 1849 ipse
1074 1746 1603 1820 condemnatus
1649 1748 2034 1821 videretur.
2075 1755 2257 1825 Ecce
2293 1779 2421 1825 au-

288 1882 431 1938 tem
455 1879 756 1964 repente
773 1919 792 1952 ,
811 1863 925 1933 his
946 1859 1204 1932 diebus
1224 1860 1473 1955 paucis
1495 1869 1514 1902 ¹
1532 1869 1579 1946 ¹,
1615 1860 1920 1933 comitiis
1943 1872 2001 1905 ¹²
2024 1865 2421 1936 consulari-

283 1975 421 2049 bus
440 1975 672 2064 factis‚
700 1973 953 2047 eadem
973 1972 1091 2042 illa
1111 1983 1355 2041 vetera
1374 1972 1670 2042 consilia
1685 1976 1995 2069 pecunia
2014 1975 2286 2069 majore
2305 2003 2423 2049 re-

278 2091 652 2185 petuntur,
671 2085 1089 2181 eaedemque
1113 2094 1364 2151 vestrae
1383 2077 1587 2151 famae
1613 2079 2071 2181 fortun-isque
2091 2089 2418 2158 omnium

1393 2309 1630 2380 cujusque
1645 2332 1824 2364 nomen
1842 2316 2142 2369 educeretur.
2156 2319 2422 2386 Diligeneia

1393 2396 1646 2445 Ciceronis
1668 2398 1762 2445 suit
1786 2398 1838 2444 iu
1864 2399 2136 2458 rejiciendis
2159 2404 2419 2466 suspeetis3

281 2325 400 2374 Inde
438 2334 642 2389 apparet
675 2337 778 2369 non
816 2322 883 2369 ita
919 2333 1071 2366 novas
1102 2332 1204 2364 esse
1227 2331 1305 2363 eas

277 2406 530 2454 societates
564 2418 686 2467 quas
721 2417 813 2449 nos
846 2412 1132 2447 assur-ancos
1159 2410 1305 2443 voca-

279 2502 413 2543 mus,
457 2483 715 2543 multoque
749 2481 840 2527 bac
881 2479 933 2526 in
975 2484 1113 2542 parte
1159 2475 1305 2522 nobis

278 2566 560 2613 solertiores
593 2561 739 2608 fuisse
773 2563 1049 2615 Romanos,
1076 2556 1162 2620 qui
1202 2570 1304 2601 non

280 2643 564 2708 grandinem
577 2675 592 2700 ‚
608 2655 694 2687 seu
711 2637 989 2685 incendium
1002 2673 1017 2696 ,
1035 2635 1120 2682 sed
1145 2636 1302 2698 ipsam

193 2788 196 2789 ⁷
277 2734 484 2772 mortem
505 2733 651 2785 atque
670 2717 914 2766 infamiam
934 2715 1245 2764 redimerent.

351 2803 404 2852 6.
429 2801 582 2851 Abest
603 2816 683 2848 ea.
706 2799 756 2846 J.
772 2799 836 2843 V.
856 2799 913 2843 L.
1147 2852 1162 2863 Ο

351 2898 399 2942 7.
445 2879 626 2946 Rejecei
665 2888 791 2926 sunt.
832 2873 1063 2925 Judicum
1102 2872 1301 2921 nomina

277 2961 441 3025 primo
473 2961 525 3007 in
555 2973 726 3007 urnam
758 2956 935 3004 sortito
965 2953 1297 3011 mittebantur,

279 3053 335 3089 ut
372 3040 433 3103 de
474 3038 697 3104 pluribus
735 3034 1032 3084 necessarius
1069 3048 1298 3080 numerus

277 3118 633 3177 conficeretur-3
686 3127 852 3182 postea
919 3122 1174 3161 accusator
1241 3127 1297 3158 ac

277 3218 412 3261 reus,
433 3217 495 3248 ex
519 3200 606 3247 illo
627 3211 829 3246 numero
851 3192 1156 3255 rejiciebant,
1171 3207 1295 3254 quos

275 3281 373 3328 sibi
397 3291 478 3328 aut
498 3280 712 3342 iniquos,
736 3288 820 3324 aut
842 3291 906 3323 ex
930 3273 1092 3335 aliqua
1127 3287 1179 3317 re
1213 3271 1295 3318 in-

270 3359 561 3408 commodos
591 3359 696 3406 sore
718 3365 966 3421 putarent.
980 3352 1121 3399 Tunc
1134 3350 1189 3398 in
1212 3365 1296 3397 eo-

277 3456 384 3487 rum
449 3439 644 3494 locum,
695 3436 779 3500 qui
842 3432 1010 3494 rejecti
1080 3431 1294 3485 fuerant,

274 3516 664 3567 subsortiebatur
697 3525 879 3579 praetor
910 3512 1060 3568 alios,
1116 3508 1298 3573 quibus

266 3599 492 3657 judicum
531 3595 774 3659 legitimus
807 3607 1037 3640 numerus
1082 3588 1299 3652 comple-

275 3688 425 3725 mur.
448 3676 539 3725 His
570 3673 823 3738 perfectis,
858 3672 1058 3720 nomina
1095 3668 1300 3716 selecto-

274 3773 384 3804 rum
421 3755 643 3816 judicum
684 3754 739 3801 in
776 3752 956 3800 libellis
988 3765 1075 3798 seu
1112 3747 1301 3798 tabellis

275 3834 434 3898 palam
461 3834 870 3891 inscribebantur,
899 3828 1125 3892 nepravi
1148 3827 1301 3891 aliqui

269 3930 324 3961 se
352 3915 478 3962 inter
502 3930 588 3962 eos
612 3912 947 3961 obtruderent.

347 3995 396 4041 8.
425 3993 569 4040 Istius
596 4007 742 4059 spem.
762 3987 996 4053 Sperabat
1012 3989 1188 4034 Verres
1207 3986 1300 4033 im·

273 4072 457 4135 probos
483 4083 730 4120 senatores
758 4085 821 4117 ex
846 4083 967 4116 urna
987 4064 1294 4115 educendos:

271 4153 390 4198 fecit
405 4153 601 4200 fortuna
621 4150 794 4214 populi
815 4148 1018 4205 romani,
1043 4157 1098 4194 ut
1116 4146 1289 4210 optimi

1391 2473 1693 2538 impudentia
1730 2476 1897 2524 'Verris
1934 2479 1989 2525 in
2027 2479 2293 2529 retinendis
2333 2483 2419 2547 qui

1390 2566 1555 2619 aperte
1584 2566 1721 2603 eraut
1746 2556 1974 2619 improbi.

1462 2651 1511 2697 9.
1535 2636 1781 2682 Asconius
1799 2635 2038 2696 condicio,
2052 2637 2185 2700 quod
2204 2639 2419 2702 probant

1390 2718 1615 2765 Gronov.
1652 2726 1702 2763 et
1739 2716 1929 2765 Ernest.
1979 2743 2051 2752 —
2097 2717 2413 2769 Renuntiata.

1390 2798 1655 2857 Postquam
1681 2795 1851 2856 rejecti
1876 2807 1989 2844 sunt
2009 2795 2227 2858 judices,
2246 2797 2416 2863 displi-

1389 2874 1493 2922 cuit
1519 2874 1772 2937 negotium
1800 2874 2219 2938 redemptoribus,
2261 2887 2310 2923 et
2338 2894 2410 2924 re-

1385 2954 1608 3002 silierunt
1627 2971 1654 3001 a
1677 2954 1961 3001 conditione
1984 2964 2032 3001 et
2055 2965 2221 3017 pacto.

1463 3048 1541 3081 10.
1579 3034 1732 3081 Nota.
1769 3032 1948 3080 Nullus
1984 3033 2143 3080 fraudi
2177 3033 2319 3083 locus
2357 3035 2410 3082 in

1384 3114 1479 3161 hoc
1521 3112 1738 3175 judicio,
1775 3112 1964 3175 qualem
2015 3112 2066 3158 in
2105 3113 2412 3161 Varroniano

1383 3193 1470 3241 illo
1495 3190 1719 3240 adhibuit
1746 3191 2054 3239 Hortensius.
2079 3192 2146 3240 Η.
2169 3191 2204 3242 l.
2232 3191 2414 3241 intelli·

1384 3288 1466 3336 ges
1487 3289 1550 3320 ex
1576 3281 1744 3319 annot.
1758 3270 2006 3319 adDivin.
2027 3286 2134 3333 cap.
2158 3289 2202 3331 7.

1462 3367 1518 3399 ιι
1533 3387 1546 3400 .
1594 3350 1683 3398 His
1727 3349 1891 3397 diebus
1926 3348 2118 3414 paucis.
2162 3349 2414 3399 Familiare

1384 3429 1611 3478 Ciceroni
1646 3444 1738 3492 pro
1776 3428 1979 3492 «paucis
2012 3437 2128 3490 post
2172 3427 2345 3477 diebus
2360 3452 2407 3480 ιι.

1384 3510 1466 3558 Sic
1508 3507 1685 3557 catull.
1723 3529 1749 3550 α
1769 3505 1985 3554 coenabis
2026 3505 2183 3566 bene,
2218 3509 2288 3555 mi
2322 3511 2412 3556 Fa-

1387 3588 1541 3644 bulle,
1569 3589 1764 3652 paucis,
1788 3587 1829 3634 si
1846 3585 1899 3633 di
1919 3583 2160 3645 dederint,
2183 3586 2354 3636 diebus
2367 3613 2409 3638 a.

1465 3682 1548 3716 12.
1580 3666 1798 3715 Comitiis
1829 3664 2175 3715 consularibus.
2218 3668 2415 3728 Quibus

1379 3747 1680 3799 Hortensius
1691 3745 1858 3792 Verris
1883 3743 2113 3792 defensor
2135 3755 2185 3791 et
2215 3748 2278 3808 Q.
2300 3749 2410 3797 Me-

1390 3828 1534 3877 tellus
1569 3824 1793 3873 consules
1819 3823 2055 3888 designati
2082 3822 2285 3868 fuerant.
2314 3823 2417 3870 Fie-

1388 3907 1507 3955 bant
1533 3916 1693 3955 autem
1732 3903 1928 3952 comitia
1965 3894 2237 3950 consularia
2264 3901 2413 3964 vulgo

1388 3997 1500 4034 ante
1545 3984 1672 4032 diem
1709 4000 1762 4030 vr
1803 3982 1898 4031 lul.
1940 3981 2101 4030 sextil.
2145 3977 2231 4044 (27
2265 3979 2414 4042 jul.);

1386 4062 1712 4113 accusationis
1738 4078 1856 4110 vero
1878 4064 2063 4125 primus
2085 4057 2189 4106 dies
2205 4059 2297 4107 fuit
2322 4075 2414 4105 no·

1389 4161 1466 4193 nae
1493 4143 1705 4192 sextiles.
1734 4142 1831 4188 Ins.
1852 4157 1958 4204 cap.
1988 4155 2070 4187 10.
