3044 4788
648 416 788 512 398
1286 420 1382 487 M.
1434 419 1511 485 T.
1567 419 2154 489 CICERONIS

630 538 854 635 ligens
889 551 964 609 et
999 535 1252 609 firmus
1288 534 1706 607 accusator3
1746 536 1838 607 ad
1870 537 2225 633 judicium
2266 542 2573 612 veniret.
2620 545 2794 633 Quo

634 648 812 718 mihi
856 649 1207 719 maturius
1241 646 1333 717 ad
1371 647 1627 718 Siciliae
1667 672 1954 719 causam
1992 649 2433 721 veniendum
2478 668 2641 741 est,
2681 680 2794 725 re·

636 759 818 829 lictis
855 759 1110 829 ceteris
1144 756 1299 850 ejus
1334 753 1545 828 furtis
1579 782 1661 828 ac
1688 756 1971 854 flagitiis
1991 814 2011 847 ‚
2052 774 2134 829 ut
2162 774 2235 831 et
2262 760 2532 832 viribus
2563 789 2793 861 quam

637 867 1114 964 integerrimis
1142 889 1352 962 agere
1371 919 1390 953 ‚
1419 879 1493 936 et
1516 865 1609 936 ad
1629 866 2016 940 dicendum
2045 872 2395 968 temporis
2424 874 2642 944 satis⁴
2668 874 2796 945 ha-

639 976 815 1050 bere
845 975 1135 1073 possim.

737 1089 976 1181 Atque
1010 1082 1192 1154 adeo
1210 1079 1263 1172 ⁵,
1283 1098 1676 1182 antequam
1704 1085 1795 1157 de
1822 1087 2299 1161 incommodis
2322 1091 2573 1162 Siciliae
2595 1093 2791 1175 dico,

644 1218 874 1293 pauca
907 1192 1084 1262 mihi
1122 1191 1458 1265 videntur
1490 1219 1646 1266 esse
1687 1195 1779 1266 de
1814 1200 2198 1293 provinciae
2235 1197 2617 1298 dignitate,
2663 1229 2793 1273 ve-

641 1318 930 1391 tustate,
950 1302 1181 1374 utilita
1191 1317 1256 1379 te
1277 1303 1606 1375 dicenda.
1622 1310 1807 1378 Nam
1827 1332 2057 1404 quum
2072 1315 2397 1380 omnium
2416 1315 2795 1384 sociorum

642 1415 1327 1514 provinciarumque
1364 1416 1720 1485 rationem
1760 1415 2145 1514 diligenter
2181 1417 2448 1492 habere
2480 1420 2799 1509 debetis,

643 1541 799 1596 tum
829 1528 1191 1623 praecipue
1213 1523 1464 1596 Siciliae
1484 1579 1503 1611 ‚
1526 1524 1845 1621 judices,
1875 1526 2203 1626 plurimis
2226 1532 2796 1631 justissimisque

643 1633 734 1706 de
776 1636 1006 1706 causis
1037 1660 1053 1702 ε
1086 1634 1439 1732 primum,
1482 1633 1686 1731 quod
1722 1641 2048 1707 omnium
2085 1642 2466 1712 nationum
2504 1658 2796 1714 extera-

642 1771 808 1817 rum
838 1742 1226 1845 princeps⁶
1267 1745 1501 1817 Sicilia
1554 1768 1630 1816 se
1676 1746 1767 1818 ad
1810 1749 2193 1819 amicitiam
2238 1749 2610 1849 fidemque
2652 1779 2796 1852 po·

643 1858 798 1954 puli
835 1856 1120 1927 romani
1157 1854 1596 1951 applicuit73
1632 1860 1863 1953 prima
1900 1857 2269 1946 omnium,
2314 1861 2387 1930 id
2429 1863 2631 1958 quod
2676 1889 2797 1934 or-

645 1979 1067 2037 namentum
1096 1964 1382 2062 imperii
1412 1979 1554 2050 est,
1586 1968 1957 2063 provincia
1987 1983 2099 2040 est
2124 1970 2516 2068 appellata;
2552 1975 2796 2070 prima

643 2076 892 2147 docuit
916 2073 1225 2167 majores
1247 2089 1569 2163 nostroS‚
1589 2101 1806 2173 quam
1833 2079 2257 2175 praeclarum
2277 2096 2462 2152 esset
2483 2137 2503 2170 ,
2528 2089 2797 2156 exteris

645 2182 985 2281 gentibus
1033 2184 1420 2280 imperare3
1473 2186 1626 2256 sola
1665 2184 1803 2257 fuit
1847 2212 1931 2259 ea
1967 2187 2113 2260 fide
2147 2188 2794 2292 benivolentiaque

642 2317 808 2388 erga
831 2292 1190 2390 populum
1218 2318 1636 2385 romanum,
1670 2312 1751 2367 ut
1778 2300 2099 2371 civitates
2136 2302 2288 2398 ejus
2307 2303 2558 2374 iusulae
2576 2359 2595 2391 ,
2626 2330 2795 2403 quae

645 2404 868 2475 semel
906 2406 980 2473 in
1007 2399 1392 2476 amicitiam
1420 2423 1744 2479 nostram
1763 2407 2194 2500 venissent⁸‚
2219 2437 2620 2509 numquam
2649 2440 2792 2513 po·

644 2528 795 2587 stea
822 2512 1250 2604 deficerent,
1270 2516 1635 2615 pleraeque
1662 2533 1904 2589 autem
1921 2575 1940 2607 ,
1957 2535 2029 2591 et
2051 2522 2696 2597 maximeillustres
2710 2529 2793 2596 in

643 2625 951 2696 amicitia
980 2639 1337 2723 perpetuo
1371 2644 1772 2700 manerent.
1804 2632 2059 2727 Itaque
2084 2631 2481 2728 majoribus
2516 2638 2790 2707 nostris

645 2735 722 2803 in
747 2733 1054 2805 Africam
1090 2757 1180 2804 ex
1209 2732 1343 2805 hac
1372 2739 1741 2834 provincia
1768 2737 2031 2835 gradus
2066 2743 2348 2842 imperii
2377 2742 2608 2816 factus
2637 2762 2746 2818 est
2764 2775 2785 2815 :

646 2870 886 2941 neque
920 2847 1113 2916 enim
1153 2861 1297 2920 tam
1342 2846 1549 2920 facile
1587 2874 1765 2948 opes
1799 2851 2250 2952 Carthaginis
2289 2871 2508 2928 tantae
2549 2863 2791 2931 conci-

720 3022 748 3069 3
762 3057 772 3068 .
792 3022 1078 3081 Accusator.
1098 3022 1214 3071 Non
1233 3026 1373 3091 pueri
1390 3036 1439 3073 et
1459 3025 1675 3090 quadru-

646 3100 872 3166 platores,
884 3099 967 3163 qui
980 3099 1074 3147 soli
1087 3100 1184 3148 hoe
1198 3113 1416 3167 tempore
1426 3117 1672 3154 accusant.

1760 3039 1913 3077 status
1940 3033 2324 3096 comparatione,
2344 3036 2569 3084 acerbior
2595 3038 2792 3086 calami·

1762 3118 1858 3166 tas,
1877 3111 2126 3175 magisque
2152 3112 2374 3163 luctuosa
2402 3116 2627 3164 videatur
2639 3141 2681 3164 ι.

720 3188 773 3236 4.
811 3179 1057 3246 Temporis
1083 3180 1222 3233 sacis.
1238 3184 1428 3246 Viginti
1456 3184 1562 3232 dies
1588 3185 1675 3233 da·

643 3260 826 3309 bantur
848 3259 913 3308 ad
928 3261 1255 3310 accusandum
1281 3262 1514 3327 legitimi;
1541 3266 1673 3314 aetio

644 3343 801 3406 prima
826 3355 1005 3387 novem
1030 3339 1309 3392 abstulerat.
1324 3343 1466 3390 Verr.
1490 3344 1540 3400 1,
1555 3343 1643 3392 60.

720 3419 770 3468 5.
803 3421 967 3483 Aeque
987 3417 1130 3465 adeo.
1151 3418 1327 3466 siciliae
1352 3416 1475 3477 laus,
1501 3437 1675 3484 quam,

642 3507 699 3544 ut
724 3496 1001 3560 exe-plum
1025 3513 1297 3546 numerose
1322 3498 1557 3548 orationis
1571 3501 1676 3549 lau·

647 3575 735 3624 dat
760 3576 864 3638 ipse
900 3576 1073 3625 Cicero
1113 3576 1168 3623 in
1194 3579 1429 3635 Oratore,
1455 3577 1487 3643 s
1527 3594 1627 3626 ατο
1656 3598 1670 3629 =

648 3676 674 3696 .-
697 3653 991 3701 .Adhibenda
1034 3665 1106 3703 est
1123 3689 1139 3714 ‚
1182 3657 1367 3719 inquit,
1413 3673 1673 3708 numerosa

643 3731 836 3791 oratio,
863 3733 906 3779 si
942 3744 1029 3781 aut
1059 3735 1358 3783 laudandum
1384 3748 1457 3784 est
1483 3738 1674 3803 aliquid

648 3813 892 3868 ornatius,
916 3822 973 3859 ut
1008 3829 1102 3861 nos
1144 3814 1196 3860 in
1236 3815 1561 3865 accusationis
1596 3835 1671 3867 se-

641 3889 809 3939 cundo
827 3889 889 3937 de
914 3889 1091 3939 Sicilie
1113 3891 1255 3940 laude
1278 3893 1494 3943 diximus
1507 3916 1551 3944 ι.
1565 3897 1668 3962 Op-

641 3979 853 4034 portune
879 3980 1069 4031 autem,
1092 3972 1178 4035 qui
1209 3973 1384 4023 Sicilia
1418 3976 1668 4026 calamita-

644 4061 741 4096 tem
769 4051 1081 4112 expositum·
1100 4063 1172 4101 est
1188 4087 1204 4112 ,
1230 4051 1377 4102 initio
1409 4055 1664 4106 florentem

638 4127 770 4175 illius
795 4137 983 4177 statum
993 4134 1221 4197 αροηίῑς
1248 4144 1303 4183 ut
1328 4152 1389 4184 ex
1410 4138 1665 4203 utriusque

1832 3190 1883 3239 6.
1913 3190 2144 3255 Princeps
2171 3193 2354 3244 Sicilia.
2396 3196 2527 3243 Urbs
2565 3198 2790 3246 Messana

1760 3270 1996 3318 Romanis
2044 3287 2096 3319 se
2143 3288 2326 3337 suaque
2365 3275 2568 3324 tradidit
2612 3281 2675 3326 A.
2719 3280 2784 3328 tJ.

1767 3350 1868 3413 489
1889 3365 1904 3407 ;
1935 3362 1985 3398 et
2003 3366 2134 3400 anno
2154 3355 2376 3417 sequenti
2390 3391 2406 3414 ,
2439 3357 2605 3404 multae
2620 3357 2790 3405 civita-

1762 3438 1851 3485 tes,
1872 3429 2086 3477 Hierone
2102 3430 2298 3496 fugato,
2318 3434 2368 3481 in
2388 3436 2647 3484 amicitiam
2673 3454 2787 3485 cum

1761 3509 1918 3555 Roma
1939 3522 2201 3571 venerunt,
2223 3528 2280 3559 ae
2312 3513 2419 3578 ipse
2443 3515 2597 3563 niem
2627 3518 2679 3563 in
2712 3532 2790 3566 so-

1761 3587 1980 3634 cietatem
2005 3601 2230 3653 receptus
2255 3604 2346 3642 est.

1835 3682 1885 3728 7.
1912 3668 2179 3731 Applicuit.
2210 3671 2432 3721 'Verbum
2469 3674 2683 3723 solemne
2723 3676 2787 3726 de

1761 3759 1850 3801 eo,
1878 3745 1964 3808 qui
1987 3746 2049 3794 ad
2077 3748 2288 3813 aliquem
2327 3763 2570 3818 tamqnam
2605 3756 2670 3804 ad
2689 3775 2788 3823 pa-

1757 3831 1960 3872 tronum
1985 3828 2230 3892 confugit,
2250 3831 2390 3894 quod
2406 3844 2462 3881 ut
2479 3834 2623 3898 plane
2637 3837 2787 3886 intel·

1755 3901 1901 3967 ligas,
1917 3905 2022 3955 vid.
2044 3907 2149 3958 Cic.
2170 3908 2232 3957 de
2257 3911 2393 3961 Orat.
2414 3915 2456 3971 1,
2481 3915 2566 3977 39.
2581 3917 2785 3966 Terent.

1753 3982 1987 4045 Audr.V,
2014 3995 2044 4043 4
2060 4024 2078 4050 ‚
2096 4003 2124 4034 a
2137 4004 2181 4036 1.

1828 4064 1875 4110 8.
1897 4065 2165 4117 Venissene.
2178 4071 2345 4118 Faem.
2362 4072 2495 4133 conj.
2504 4072 2782 4126 rediissent.

1753 4141 1869 4189 Em.
1898 4141 2021 4192 bene
2047 4146 2289 4211 vulgatam
2317 4150 2543 4214 explicat.
2569 4153 2621 4202 J.
2639 4154 2704 4202 V.
2729 4157 2787 4202 1..
