3044 4788
1277 699 2259 824 APPENDIX
2470 768 2503 779 κ

697 954 824 1022 DE
875 951 1230 1021 ORDINE
1279 947 2091 1063 ΕΧΕΒΟΕΝἹᾪΒΗΜ,
2136 949 2335 1016 TAM
2386 951 2841 1017 parvm-o·

795 1076 998 1143 RUM
1064 1074 1339 1161 QUAM
1415 1070 2017 1140 PUBLICORUM
2043 1121 2065 1153 ‚
2127 1070 2482 1139 surm-3
2535 1072 2835 1140 afru-

789 1195 1092 1279 num,
1136 1194 1733 1263 mmclonUM.

780 1593 1097 1665 varmum
1124 1592 1519 1673 judiciorum
1557 1590 2065 1657 exercendorum
2097 1591 2418 1655 rationem
2446 1608 2515 1656 et
2554 1596 2828 1658 formam

690 1700 1094 1788 expositum,
1127 1722 1260 1763 non
1294 1721 1366 1761 ea
1413 1698 1573 1761 mihi
1622 1720 1805 1761 mens
1843 1713 1970 1778 est,
2016 1712 2094 1761 ut
2123 1719 2264 1760 rem
2294 1697 2587 1761 tenebris
2622 1723 2827 1785 qnan-

692 1805 913 1895 doque
970 1805 1329 1868 involutam
1385 1803 1656 1866 omnino
1707 1801 2047 1867 discutiam
2102 1819 2169 1865 et
2225 1786 2541 1865 illustrem
2562 1852 2582 1884 ‚
2632 1829 2710 1867 ac
2765 1807 2824 1866 in

691 1911 970 1975 breviori
1000 1910 1125 1974 hoc
1152 1909 1564 1997 compendiO,
1583 1907 1902 1995 quidquid
1933 1908 1998 1970 in
2026 1923 2239 1970 vetere
2255 1908 2401 1985 jure
2423 1909 2826 1986 continetur,

692 2018 1116 2104 complectar3
1145 2014 1258 2078 sed
1286 2032 1361 2077 ut
1385 2037 1458 2077 ea
1484 2030 1738 2078 tantum
1762 2015 2105 2101 attingam,
2137 2035 2281 2099 quae
2304 2029 2372 2075 et
2402 2013 2825 2101 intelligendo

693 2121 990 2185 Ciceroni
1024 2121 1292 2182 omnino
1330 2120 1686 2182 necessaria
1706 2168 1724 2199 ,
1775 2136 1840 2183 et
1865 2119 2056 2182 etiam
2082 2142 2118 2181 a
2144 2117 2310 2181 civili
2337 2117 2558 2180 studio
2584 2119 2820 2181 abhor-

692 2226 983 2289 rentibus
1012 2223 1242 2285 animis
1269 2246 1403 2286 non
1424 2224 1783 2302 injucunda
1804 2226 2022 2289 futura
2049 2246 2188 2287 esse
2212 2222 2626 2287 crediderim.
2651 2226 2825 2287 Cete-

689 2353 838 2394 rum
857 2331 978 2393 hac
996 2344 1126 2393 tota
1150 2330 1215 2390 in
1237 2352 1306 2393 re
1326 2330 1531 2393 facem
1555 2331 1746 2394 nobis
1769 2332 2052 2421 praetulit
2067 2330 2288 2411 GaiuS,
2308 2331 2493 2410 cujus
2518 2331 2822 2394 inventus

688 2437 853 2501 liber
874 2436 956 2500 ad
989 2435 1055 2499 id
1087 2437 1360 2500 maxime
1386 2438 1609 2519 valuit,
1638 2456 1712 2501 ut
1740 2462 1839 2517 ea,
1869 2461 2018 2525 quae
2042 2438 2108 2499 in
2141 2436 2340 2501 veteri
2367 2435 2823 2515 jurisdictione

695 2560 810 2606 aut
844 2542 1162 2624 latebant,
1208 2560 1322 2606 aut
1356 2544 1658 2630 explicari
1689 2544 1791 2606 vix
1839 2558 2173 2631 poterant,
2215 2541 2342 2620 jam
2387 2542 2517 2604 hoc
2559 2539 2729 2605 duce
2761 2561 2822 2604 et

693 2665 986 2730 auctore,
1025 2648 1184 2711 mira
1213 2647 1510 2735 undique
1545 2648 1690 2712 luce
1721 2648 2203 2711 collustrentur.

783 2784 808 2810 a
826 2754 1064 2818 Omnia
1076 2752 1337 2833 judicia,
1356 2770 1470 2817 aut
1487 2751 2049 2818 distrahendarum
2078 2750 2691 2832 controversiarum,
2713 2769 2822 2815 aut

692 2857 1177 2945 puniendorum
1217 2857 1680 2923 maleficiorum
1711 2880 1937 2938 causa,
1984 2872 2235 2945 reperta
2281 2871 2435 2919 sunt
2468 2878 2486 2918 ε
2533 2878 2819 2942 quorum

690 2963 963 3025 alterum
996 2962 1196 3026 levius
1233 2980 1363 3043 est,
1398 2980 1740 3051 propterea
1766 2964 1950 3051 quod
1986 2980 2053 3026 et
2084 2963 2301 3026 minus
2335 2960 2541 3042 laedit,
2577 2978 2646 3025 et
2688 2963 2824 3050 ple-

671 3087 965 3154 *rumque
1013 3066 1439 3157 disceptatore
1496 3069 1853 3134 domestico
1907 3067 2297 3148 dijudicatur
2333 3090 2349 3132 ε
2403 3068 2683 3131 alterum
2726 3085 2818 3131 at

688 3173 1359 3254 vehementissimum,
1402 3174 1583 3261 quod
1634 3188 1698 3237 et
1753 3174 1835 3248 ad
1888 3174 2209 3262 graviores
2266 3195 2367 3236 res
2415 3172 2700 3260 pertinet
2756 3189 2817 3236 et

691 3304 823 3345 non
859 3283 1268 3346 honorariam
1305 3305 1569 3370 operam
1602 3282 1825 3362 amici,
1869 3281 1983 3345 sed
2029 3280 2432 3344 severitatem
2463 3278 2702 3359 judicis
2742 3302 2817 3342 ac

685 3389 816 3450 vim
849 3387 1180 3474 requirit».
1220 3388 1349 3450 Cic.
1383 3410 1504 3474 pro
1539 3388 1768 3450 Caecin.
1799 3410 1933 3475 cap.
1965 3410 2022 3450 2.

776 3493 873 3555 Ex
906 3493 1007 3556 his
1041 3493 1322 3556 auctoris
1358 3491 1562 3554 nostri
1595 3492 1837 3574 verbi5‚
1863 3507 1936 3555 ut
1969 3508 2216 3555 ceteros
2245 3490 2655 3570 omittamus,
2687 3511 2813 3552 ma·

688 3597 994 3660 nifestum
1026 3597 1099 3661 fit
1128 3597 1366 3677 judicia
1404 3596 1628 3678 fuisse,
1662 3614 1774 3661 aut
1808 3600 2087 3685 privata,
2117 3597 2245 3659 hoc
2278 3613 2408 3676 est,
2446 3594 2529 3659 de
2560 3611 2812 3658 contro-

688 3702 906 3766 versiis
941 3703 1111 3766 inter
1141 3705 1455 3790 privatos;
1488 3718 1603 3765 aut
1638 3704 1930 3791 publica,
1955 3702 2021 3766 id
2044 3720 2175 3784 est,
2206 3706 2288 3766 de
2320 3701 2701 3766 criminibus
2730 3698 2805 3763 ad

690 3823 890 3872 totam
965 3805 1429 3892 rempublicam
1503 3809 1982 3893 pertinentibus
2053 3823 2319 3896 propter
2390 3806 2803 3869 atrocitatem.

691 3911 1045 3998 Utriusque
1069 3909 1295 3988 judicii
1332 3912 1670 3976 exercendi
1707 3914 1869 3979 ratio
1899 3929 2038 3978 erat
2068 3912 2389 3977 dissimilis
2421 3934 2435 3974 ε
2472 3911 2690 3997 itaque
2732 3909 2802 3972 de

689 4018 954 4106 singulis
1009 4016 1213 4081 dicam
1266 4018 1608 4107 sigillatim.
1667 4023 1881 4109 Atque
1937 4022 2024 4084 ita
2078 4043 2275 4108 porro
2321 4020 2425 4083 hic
2472 4019 2695 4096 titulus
2735 4018 2788 4077 in

687 4123 850 4188 duos
883 4121 1184 4186 articulos
1217 4119 1658 4187 distribuetur.
