3044 4788
631 395 775 483 406
1261 401 1357 466 M.
1411 399 1488 465 T.
1542 398 2127 493 CICERONIS

629 519 849 607 culiS,
892 518 1096 616 quod
1134 542 1385 590 eorum
1428 516 1725 612 injurias
1763 541 1930 589 meo
1967 518 2254 606 labore,
2301 520 2705 592 inimicitiis
2721 533 2781 605 ²,

630 630 954 729 periculo
987 631 1121 701 sim
1153 643 1681 728 persequutus:
1711 652 1863 698 non
1891 633 2130 700 minus
2158 629 2302 701 hoc
2324 646 2618 727 gratum
2658 657 2783 703 me

632 743 900 813 nostris
944 738 1223 812 civibus
1262 737 1591 834 intelligo
1626 735 1918 826 fecisse3
1964 744 2094 836 qui
2138 739 2282 811 hoc
2318 742 2781 822 existimant,

622 851 849 945 juris,
890 838 1280 936 libertatis,
1317 873 1565 920 rerum
1601 846 2207 947 fortunarumque
2245 875 2539 922 suarum
2578 854 2777 923 salu-

628 976 776 1032 tem
817 962 893 1030 in
939 962 1146 1030 istius
1178 957 1645 1031 damnatione
1700 962 2111 1030 consistere.
2168 962 2642 1060 Quapropter
2684 962 2782 1035 de

627 1073 833 1143 istius
869 1083 1179 1167 praetura
1213 1068 1563 1140 Siciliensi
1599 1092 1749 1138 non
1782 1094 2041 1141 recuso
2065 1124 2085 1158 ‚
2128 1073 2310 1167 quin
2346 1076 2445 1142 ita
2485 1098 2604 1144 me
2642 1098 2780 1144 au·

626 1180 860 1267 diatis,
890 1192 996 1265 ut,
1012 1181 1072 1249 si
1097 1179 1435 1276 cuiquam
1459 1178 1708 1274 generi
1731 1176 2138 1265 hominum,
2162 1179 2312 1250 sive
2334 1179 2782 1259 Siculorum,

626 1290 776 1359 sive
817 1304 1238 1360 nostrorum
1276 1291 1577 1375 civium3
1613 1288 1674 1358 si
1709 1291 2052 1384 cuiquam
2105 1287 2383 1377 ordini,
2427 1292 2574 1362 sive
2610 1315 2780 1361 ara·

625 1415 870 1473 torum
890 1454 910 1488 ,
928 1402 1078 1471 sive
1099 1404 1608 1498 pecuariorum
1631 1452 1651 1485 ‚
1677 1399 1828 1469 sive
1857 1413 2341 1470 mercatorum
2365 1398 2395 1444 ³
2420 1398 2784 1497 probatus

625 1511 753 1597 sit;
794 1511 854 1580 si
892 1535 1045 1581 non
1080 1509 1345 1581 horum
1387 1511 1718 1581 omnium
1752 1511 2164 1581 communis
2197 1510 2426 1581 hostis
2447 1565 2467 1599 ,
2497 1510 2778 1609 praedo·

629 1646 775 1718 que
830 1618 1089 1709 fuerit;
1139 1622 1197 1692 si
1252 1623 1592 1716 cuiquam
1643 1617 1958 1716 denique
1995 1618 2140 1690 ulla
2186 1621 2260 1690 in
2299 1644 2380 1691 re
2421 1644 2778 1719 umquam

634 1733 1189 1828 temperaverit:
1222 1743 1305 1801 ut
1337 1752 1466 1800 vos
1495 1751 1796 1826 quoque
1833 1730 1900 1801 ei
1936 1732 2377 1827 temperetis.

731 1844 876 1933 Qui
912 1841 1125 1912 simul
1164 1855 1381 1937 atque
1419 1841 1486 1911 ei
1524 1854 1717 1913 sorte
1757 1840 2131 1938 provincia
2167 1839 2398 1911 Sicilia
2435 1838 2779 1925 obvenit,

626 1954 867 2023 statim
898 1958 1167 2035 Romae,
1194 1966 1267 2022 et
1285 1949 1376 2020 ad
1408 1948 1666 2021 urbem
1679 1954 1735 2046 4,
1753 1964 2142 2047 antequam
2172 1949 2777 2049 proficisceretur,

628 2086 953 2159 quaerere
989 2063 1142 2157 ipse
1170 2082 1453 2149 secum,
1495 2075 1572 2131 et
1606 2062 1875 2157 agitare
1913 2084 2084 2131 cum
2121 2062 2269 2132 suis
2305 2062 2564 2159 coepit,
2606 2064 2774 2158 qui-

629 2173 941 2244 busnam
983 2169 1207 2245 rebus
1252 2173 1330 2241 in
1365 2193 1450 2242 ea
1493 2171 1866 2269 provincia
1906 2167 2347 2242 maximam⁵
2384 2195 2538 2241 uno
2577 2195 2776 2241 anno

627 2282 1013 2380 pecuniam
1064 2280 1299 2355 facere
1349 2295 1620 2380 posset.
1675 2279 1988 2355 Nolebat
2029 2283 2104 2353 in
2146 2280 2428 2379 agendo
2466 2281 2778 2367 discere,

627 2393 915 2463 tametsi
944 2418 1097 2464 non
1126 2390 1560 2492 provinciae⁶
1597 2392 1801 2464 rudis
1836 2407 1988 2465 erat
2022 2408 2096 2464 et
2122 2394 2265 2464 tiro
2288 2419 2307 2480 ;
2331 2390 2459 2463 sed
2492 2396 2566 2463 in
2601 2394 2777 2465 Sici-

626 2503 793 2574 liam
817 2518 1107 2601 paratus
1126 2503 1215 2575 ad
1236 2502 1552 2602 praedam
1579 2502 2113 2599 meditatusque
2141 2503 2387 2573 venire
2409 2501 2769 2598 cupiebat.

626 2617 692 2685 O
738 2613 1074 2712 praeclare
1126 2615 1547 2709 conjectum
1601 2637 1643 2683 a
1694 2612 1914 2709 vulgo
1970 2615 2045 2682 in
2090 2611 2287 2685 illam
2326 2613 2772 2709 provinciam

627 2749 846 2797 omen
877 2726 1283 2796 communis
1314 2723 1521 2795 famae
1554 2737 1775 2821 atque
1806 2721 2187 2795 sermonis!
2232 2748 2465 2820 quum
2508 2746 2598 2794 ex
2633 2748 2774 2793 no·

626 2837 825 2906 mine
867 2836 1071 2906 istius
1091 2848 1146 2923 ⁷,
1182 2834 1365 2933 quid
1397 2839 1471 2906 in
1507 2836 1877 2933 provincia
1915 2832 2238 2906 facturus
2282 2848 2506 2920 esset,
2542 2835 2773 2931 perri·

701 3030 752 3062 a.
773 3013 853 3061 Sic
875 3017 1093 3078 reposuit
1116 3016 1232 3063 Ern.
1251 3031 1279 3064 e
1297 3015 1387 3062 MS
1410 3029 1506 3078 pro
1525 3012 1660 3062 «ini-

630 3092 837 3141 mIcitias
867 3094 1089 3158 periculo
1106 3116 1148 3142 ιι.
1168 3095 1200 3142 J
1206 3131 1218 3143 .
1237 3097 1304 3142 V.
1330 3095 1388 3142 1..

699 3174 752 3222 3.
769 3174 874 3222 Sive
900 3186 1239 3223 mercatorum.
1260 3175 1496 3222 Gar-ton.
1515 3183 1662 3236 putat

628 3252 730 3302 duo
756 3254 904 3303 verba
930 3254 1013 3302 hic
1040 3253 1325 3311 desiderari,
1349 3252 1487 3298 usive
1510 3268 1661 3316 nego·

628 3332 857 3381 tiatornm
875 3348 926 3394 »3
950 3334 1125 3381 Cicero
1159 3332 1289 3379 enim
1314 3330 1430 3379 dum
1461 3330 1657 3378 ordines

630 3412 883 3460 hominum
901 3447 915 3470 ,
950 3413 1034 3476 qui
1065 3412 1117 3459 in
1146 3410 1308 3458 Sicilia
1337 3419 1502 3467 erant,
1533 3426 1656 3456 enu-

625 3500 806 3550 merat,
840 3491 1167 3554 negotiatores
1194 3488 1332 3538 nullo
1358 3486 1512 3535 modo
1530 3522 1550 3548 ,
1591 3488 1657 3536 si·

625 3569 781 3617 lentio
833 3571 1199 3634 praetermittere
1250 3568 1416 3632 potuit
1451 3582 1465 3616 :
1520 3579 1658 3617 erant

628 3649 755 3695 enim
784 3647 836 3695 in
863 3648 961 3694 illis
984 3649 1183 3714 plurimi
1206 3649 1394 3695 romani
1422 3648 1628 3709 equites.

700 3733 749 3780 4.
778 3728 946 3774 Roma
969 3739 1017 3774 et
1042 3728 1117 3774 ad
1134 3728 1314 3774 urbem.
1333 3727 1408 3772 Ex
1424 3725 1655 3774 hocloco

629 3807 960 3866 conjecturam
1004 3821 1176 3868 capere
1217 3804 1335 3852 licet
1376 3804 1655 3852 dissimilem

628 3885 775 3931 fuisse
798 3893 1058 3946 praetorum
1080 3893 1127 3930 et
1147 3883 1404 3930 consulum
1419 3884 1658 3931 rationem

631 3963 681 4009 in
720 3962 982 4010 sortiendis
1017 3961 1419 4024 compat-audisve
1458 3964 1658 4026 provin-

629 4044 734 4089 ciis.
751 4042 878 4090 Nam
898 4043 1124 4090 consules
1144 4052 1401 4104 antequam
1416 4043 1662 4105 magistra·

633 4133 736 4170 tum
772 4122 975 4182 inirent,
1009 4123 1103 4171 sibi
1134 4122 1354 4170 decretas
1380 4122 1660 4188 provincias

1746 3025 1831 3061 aut
1856 3015 2199 3075 sortiebantur,
2233 3027 2319 3063 aut
2350 3030 2442 3063 suo
2469 3014 2673 3062 arbitrio
2702 3015 2777 3062 in-

1749 3103 1822 3141 ter
1857 3111 1908 3141 se
1938 3094 2301 3157 comparabant.
2342 3085 2577 3142 Praetore's
2607 3105 2778 3142 contra

1746 3175 1833 3237 qui
1857 3174 2030 3221 urbani
2050 3174 2360 3238 magistratus
2380 3184 2542 3230 erant,
2559 3188 2640 3221 eas
2661 3189 2777 3236 pro·

1750 3254 1956 3314 vincias,
1978 3254 2031 3302 in
2055 3270 2176 3317 quaa
2203 3269 2315 3301 cum
2337 3253 2545 3318 impet-lo
2564 3255 2777 3311 exirem,

1748 3347 1809 3379 eo
1842 3344 2060 3397 tempore
2094 3349 2197 3397 quo
2232 3333 2514 3397 magistratu
2544 3331 2776 3388 abibant,

1745 3413 1909 3460 sortiri
1931 3424 2304 3478 consueverant.

1820 3492 1870 3540 5.
1897 3493 2005 3539 Uno
2025 3508 2182 3539 anno.
2201 3491 2464 3540 Nesciebat
2489 3491 2618 3538 enim
2642 3489 2773 3546 sore,

1745 3582 1803 3618 ut
1835 3570 1959 3628 sibi,
1998 3587 2096 3618 non
2140 3570 2430 3618 succedente
2466 3570 2641 3633 Arrio,
2684 3584 2773 3632 per

1749 3648 2006 3697 triennium
2032 3649 2288 3713 provincia
2318 3658 2680 3713 prorogaretur.

1817 3728 1871 3774 6.
1914 3727 2197 3775 Provincia.
2237 3726 2456 3776 Subaud.
2496 3725 2771 3774 tractandae.

1745 3809 1972 3869 Quaestor
1986 3807 2210 3855 videlicet
2225 3819 2274 3855 et
2290 3809 2475 3870 legatus
2493 3808 2544 3853 in
2563 3806 2744 3853 Achaia
2758 3841 2773 3861 ,

1748 3887 1862 3933 Asia
1879 3920 1893 3944 ‚
1933 3900 2027 3934 etc.
2055 3903 2223 3935 omnes
2245 3888 2347 3949 iam
2381 3885 2573 3934 furandi
2600 3885 2706 3932 vias
2726 3896 2773 3929 et

1748 3978 1873 4014 artes
1891 3964 2146 4016 didicerat.

1825 4062 1871 4105 7.
1904 4047 1980 4092 Ex
2007 4046 2204 4092 nomiae
2224 4045 2378 4094 istius.
2405 4048 2515 4108 Ipsa
2545 4043 2674 4089 enim
2693 4058 2776 4088 ve-

1751 4135 1875 4173 teres
1901 4125 2101 4173 nomina
2141 4126 2193 4173 in
2228 4141 2374 4173 omen
2404 4123 2471 4171 ita
2512 4132 2771 4170 converte·
