3044 4788
666 430 810 517 456
1297 430 1393 498 M.
1444 430 1522 497 T.
1578 380 2161 497 CICERONIS

660 551 986 624 defensio
1024 564 1168 638 est,
1220 563 1463 620 tamen
1521 547 1796 645 aliquid
1840 547 1982 619 dici
2019 546 2410 618 videretur.
2446 547 2676 618 Tollit
2725 574 2828 621 ex

657 661 922 734 tabulis
960 661 1063 747 id,
1108 659 1309 757 quod
1342 673 1528 747 erat,
1568 674 1640 729 et
1681 657 1847 729 facit
1869 669 1923 746 ⁷,
1957 682 2198 729 coram
2238 656 2557 728 delatum
2588 683 2784 730 esse.

756 775 972 842 XLII.
1006 774 1137 839 Hic
1166 767 1437 856 videte,
1464 772 1541 838 in
1573 782 1758 866 quot
1788 792 1864 838 se
1896 767 2194 864 laqueos
2231 767 2582 851 induerit,
2618 794 2822 865 quo-

656 905 825 951 rum
867 905 955 950 ex
992 877 1194 947 nullo
1236 901 1312 948 se
1349 902 1698 974 umquam
1737 876 2129 975 expediret.
2170 882 2491 948 Primum
2535 882 2694 975 ipse
2731 885 2818 949 in

618 986 625 989 ¹
657 989 888 1063 Sicilia
916 1012 1103 1085 saepe
1130 1002 1202 1057 et
1230 987 1466 1085 palam
1508 988 1599 1060 de
1629 988 1792 1059 loco
1824 990 2196 1086 superiore
2216 998 2236 1030 ¹
2280 985 2591 1071 dixerat,
2627 1004 2702 1059 et
2727 993 2816 1059 in

656 1122 992 1171 sermone
1026 1098 1273 1169 multis
1317 1098 1877 1188 demonstrarat,
1917 1100 2130 1170 licere
2166 1122 2437 1175 nomen
2474 1104 2818 1197 recipere

654 1210 1008 1296 absentis3
1069 1234 1146 1281 se
1190 1210 1524 1307 exemplo
1579 1208 1827 1280 fecisse
1865 1207 1976 1295 id,
2027 1206 2230 1306 quod
2271 1205 2580 1278 fecisset.
2637 1215 2816 1279 Haec

658 1344 828 1393 eum
893 1318 1256 1391 dictitasse
1276 1330 1331 1406 ²,
1395 1321 1637 1417 priore
1696 1320 1982 1389 actione
2058 1332 2132 1389 et
2190 1320 2346 1387 Sex.
2409 1322 2814 1415 Pompeius

655 1432 967 1503 Chlorus
1006 1432 1226 1518 dixit,
1278 1429 1368 1501 de
1402 1432 1612 1526 cujus
1648 1432 1918 1501 virtute
1948 1443 2157 1503 antea
2200 1433 2812 1515 commemoravi,

653 1558 725 1614 et
764 1548 896 1614 Cn.
940 1545 1330 1640 Pompeius
1366 1539 1825 1627 TheodoruS,
1865 1540 2092 1611 homo
2139 1554 2211 1611 et
2250 1544 2382 1611 Cn.
2433 1542 2810 1638 Pompeii,

646 1761 1221 1861 probatissimuS,
1244 1775 1317 1831 et
1341 1764 1671 1832 omnium
1697 1762 2230 1830 existimatione
2257 1762 2810 1845 ornatissimuS,

647 1887 719 1943 et
747 1871 1038 1943 Posides
1069 1874 1306 1941 Matro
1335 1870 1789 1957 SolentinuS,
1815 1870 2040 1941 homo
2071 1894 2352 1940 summa
2381 1867 2807 1954 nobilitate,

649 1972 1172 2055 existimatione
1196 2034 1216 2066 ,
1259 1985 1570 2051 virtute:
1613 1995 1685 2050 et
1725 1980 1860 2052 hac
1899 1981 2182 2051 actione
2223 2002 2442 2076 quam
2466 1976 2492 2021 3
2538 1980 2808 2051 voletis

650 2091 858 2163 rnulti
901 2089 1184 2175 dicent,
1230 2104 1302 2160 et
1342 2091 1470 2187 qui
1513 2092 1772 2161 existo
1819 2091 1976 2187 ipso
2020 2088 2417 2175 audierint,
2459 2091 2595 2158 viri
2646 2091 2804 2186 pri-

649 2202 857 2271 marii
900 2203 1128 2268 nostri
1166 2198 1479 2287 ordinis,
1521 2213 1594 2269 et
1626 2198 1784 2286 alii,
1826 2203 1952 2297 qui
1997 2197 2507 2285 interfuerint,
2561 2223 2802 2295 quum

645 2309 964 2382 absentis
991 2333 1260 2380 nomen
1291 2312 1758 2407 reciperetur.
1789 2308 2071 2380 Deinde
2100 2314 2648 2405 Romae,·quum
2681 2334 2802 2380 res

649 2436 836 2495 esset
874 2435 1029 2492 acta
1063 2422 1137 2491 in
1180 2435 1434 2493 senatu
1459 2475 1478 2509 ,
1522 2445 1777 2492 omnes
1806 2422 2012 2490 istius
2040 2423 2283 2506 amici,
2321 2423 2397 2489 in
2436 2419 2548 2489 his
2577 2423 2800 2490 etiam

650 2549 857 2633 pater
890 2533 1045 2627 ejus
1095 2532 1239 2603 hoc
1281 2529 1719 2604 defendebat
1755 2531 1972 2602 licere
2016 2529 2218 2618 fieri;
2276 2554 2466 2627 saepe
2501 2554 2659 2601 esse
2703 2529 2804 2601 fa-

650 2657 848 2715 ctum
869 2670 888 2731 ;
907 2645 1155 2730 istum,
1179 2641 1381 2738 quod
1409 2639 1694 2712 fecisset
1714 2641 2052 2729 ,aliorum
2075 2639 2409 2739 exemplo
2434 2641 2797 2712 instituto-

652 2775 800 2849 que
838 2750 1110 2822 fecisse.
1162 2752 1349 2821 Dicit
1388 2765 1731 2848 praeterea
1769 2751 2269 2822 testimonium
2315 2765 2470 2822 tota
2502 2753 2744 2823 Sicilia
2768 2780 2789 2823 ε

650 2861 921 2958 quaein
965 2861 1481 2933 communibus
1528 2860 1950 2959 postulatis‘*
2001 2862 2370 2933 civitatum
2421 2864 2792 2948 omnium,

650 2968 1070 3043 consulibus
1115 2968 1374 3056 edidit,
1410 2995 1666 3069 rogare
1704 2985 1924 3068 atque
1955 2995 2164 3042 orare
2193 2985 2435 3068 patres
2470 2973 2788 3042 conscri-

646 3095 848 3178 ptOS‚
892 3093 977 3149 ut
1024 3094 1458 3166 statuerent,
1504 3105 1599 3152 ne
1653 3078 2112 3153 absentium⁵
2161 3083 2460 3152 nomina
2506 3081 2787 3177 recipe·

719 3305 772 3356 7.
798 3287 952 3336 Facie.
971 3285 1241 3335 scribendo
1255 3284 1398 3351 fingit
1417 3286 1672 3335 Sthenium
1761 3287 2004 3336 februario
2030 3298 2088 3336 ut
2116 3285 2180 3334 de
2206 3289 2268 3335 iis
2291 3289 2343 3334 iu
2362 3296 2533 3334 senatu
2548 3296 2784 3351 ageretur.

646 3368 858 3416 adfuisse
877 3367 1084 3429 judicio.
1760 3369 1880 3431 Sup.
1908 3366 1993 3414 31.
2016 3365 2238 3430 Apparet
2266 3377 2425 3414 autem
2452 3381 2515 3413 ex
2540 3366 2639 3414 hoc
2669 3367 2786 3416 loeo

716 3447 876 3493 an.
900 3460 943 3494 ι.
973 3447 1047 3491 De
1068 3445 1175 3492 Ioco
1198 3444 1461 3512 superiore.
1482 3445 1673 3509 Nempe
1762 3444 1862 3493 duo
1908 3443 2266 3510 postulatorum
2309 3461 2481 3510 genera
2514 3446 2782 3504 entitisse;

648 3525 709 3572 de
737 3523 970 3587 pretorio
998 3523 1247 3571 tribunali.
1761 3539 1912 3572 unum
1970 3525 2327 3583 communium,
2379 3541 2533 3589 quum
2597 3525 2782 3589 aliquid

722 3617 771 3649 a.
803 3600 1081 3651 De'ceieasse.
1105 3606 1189 3651 Est
1223 3621 1253 3652 a
1280 3602 1426 3652 codd.
1455 3601 1597 3652 Febr.
1623 3614 1671 3652 et
1762 3604 2086 3651 communiter
2129 3604 2193 3651 ab
2235 3605 2469 3652 universis
2513 3605 2780 3669 provincia

649 3679 836 3730 Metell.
863 3692 915 3728 et
938 3682 1196 3744 Palatini33
1235 3683 1429 3746 vulgum
1455 3682 1576 3730 olim
1600 3683 1670 3730 le·
1758 3681 2035 3730 civitatibus
2077 3683 2364 3747 petebatur3
2410 3684 2619 3732 alterum
2668 3700 2779 3732 vero

651 3763 751 3810 0230
796 3781 822 3802 α
843 3759 1047 3806 dictasse
1062 3783 1103 3808 a.
1136 3761 1185 3808 J.
1203 3764 1266 3808 V.
1297 3763 1351 3807 L.
1756 3761 2088 3825 propriorum,
2107 3778 2263 3826 quaa
2286 3762 2488 3826 singulis
2505 3763 2778 3812 civitatibus

712 3839 762 3890 3.
781 3841 955 3901 Quam.
971 3837 1091 3884 Tam
1112 3840 1253 3905 qulti
1273 3855 1417 3903 quam
1436 3839 1626 3888 voletis.
1752 3841 1957 3906 proprio
1987 3857 2079 3890 suo
2119 3841 2316 3891 nomine
2350 3842 2638 3892 consulibus
2672 3843 2780 3891 ede·

716 3926 766 3972 4.
784 3920 843 3965 In
866 3915 1199 3963 communibus
1211 3916 1492 3981 postulatis.
1513 3918 1665 3980 Quod
1753 3919 1949 3970 huntur.

644 3996 875 4064 petebant
911 3994 1155 4052 civitates,
1200 3997 1252 4043 in
1289 3996 1456 4044 libello
1484 3996 1665 4045 descri-
1829 4001 1878 4049 5.
1930 4002 2008 4048 Ne
2063 4001 2349 4049 absentium.
2396 4003 2620 4066 Apparet
2666 4000 2777 4049 inde

643 4091 780 4143 ptum
808 4075 1089 4124 consulibus
1105 4110 1119 4134 ‚
1144 4091 1233 4140 per
1255 4076 1438 4141 legatos
1462 4077 1665 4140 provin·
1755 4077 1976 4127 noudum
2000 4079 2053 4127 iu
2076 4080 2345 4143 provinciis
2373 4077 2497 4125 illud
2513 4078 2639 4139 juris
2665 4095 2775 4127 eou-

640 4158 821 4206 eiarum
846 4167 893 4204 et
926 4156 1208 4216 civitatum,
1244 4155 1477 4205 edebatur
1502 4172 1665 4205 mense
1755 4157 1977 4206 stitutum
1995 4175 2123 4218 esse,
2147 4175 2208 4207 ne
2239 4160 2350 4223 quis
2382 4158 2556 4206 absens
2582 4174 2772 4207 accuse·
