3044 4788
2125 365 2145 390 l

483 456 613 540 184
1156 460 1914 531 ARGUMENTUM.

629 577 847 638 Divisio
868 579 1237 658 principalis,
1271 602 1385 646 una
1412 580 1486 646 de
1520 601 1584 639 se
1607 580 1770 659 ipso,
1813 581 1996 639 altera
2021 577 2096 638 de
2125 580 2494 640 contentione
2516 587 2607 643 sui

553 689 613 734 et
633 676 869 734 Caecilii.

625 772 922 830 Divinatio
952 772 1165 834 dicitur
1193 774 1315 833 haec
1343 774 1563 846 cratin,
1592 773 1732 852 quia
1765 793 1885 832 nou
1922 772 1996 830 de
2037 773 2192 831 sacto
2229 774 2512 851 quaeritur
2546 789 2607 834 et

549 867 911 945 conjectura,
959 870 1060 928 sed
1102 871 1175 929 de
1210 872 1444 944 futuro,
1500 892 1630 950 quse
1675 883 1762 929 est
1811 869 2122 942 divinatio,
2167 864 2197 911 ²⁴
2215 883 2345 928 uter
2397 870 2607 931 debeat

547 984 839 1025 accusare.
868 966 985 1024 Alii
1016 967 1149 1025 ideo
1187 981 1393 1045 putant
1417 968 1829 1026 divinationem
1855 965 2001 1039 dici,
2042 966 2204 1044 quod
2233 964 2475 1043 injurati
2503 969 2605 1046 ju-

481 1091 486 1094 =
552 1060 707 1119 dices
755 1064 815 1119 in
864 1062 975 1121 hac
1022 1084 1193 1123 causa
1243 1064 1519 1137 sedeant,
1559 1076 1655 1137 ut,
1695 1062 1856 1141 quod
1893 1062 2104 1136 velint,
2147 1064 2487 1140 praesentire
2532 1065 2605 1124 de

554 1169 806 1235 utroque
833 1159 1075 1237 possint.
1100 1160 1251 1232 Alii,
1275 1161 1436 1239 quod
1460 1180 1552 1218 res
1574 1173 1780 1239 agatur
1806 1159 1929 1217 sine
1960 1158 2203 1218 testibus
2222 1202 2239 1232 ,
2284 1172 2343 1217 et
2363 1161 2486 1219 sine
2513 1175 2603 1220 ta-

479 1297 482 1300 2
556 1251 738 1325 bulis,
766 1267 825 1312 et
850 1255 941 1313 his
971 1257 1208 1315 remotis
1236 1269 1574 1338 argumenta
1607 1256 1729 1314 sola
1755 1267 2073 1334 sequantur
2086 1254 2331 1332 judices,
2359 1268 2416 1313 et
2439 1259 2603 1334 quasi

550 1347 831 1410 divinent.
875 1351 1115 1430 Cogitur
1164 1366 1359 1410 autem
1406 1372 1612 1422 causa,
1663 1351 1962 1409 senatoriis
2000 1350 2236 1428 judiciis
2280 1351 2340 1408 iu
2382 1351 2604 1409 invidia

550 1444 706 1521 apud
734 1447 1015 1524 populum
1042 1448 1399 1518 constitutis,
1425 1447 1803 1525 corruptione
1835 1447 2180 1519 multorum,
2215 1447 2435 1507 vexatis
2456 1468 2602 1527 pro-

481 1575 490 1590 f
560 1541 762 1599 vinciis
785 1542 1085 1615 omnibus,
1121 1565 1189 1603 ac
1215 1545 1384 1603 sociis
1414 1545 1621 1622 populi
1646 1544 1874 1602 romani
1897 1543 2060 1603 fessis
2087 1556 2210 1602 toto
2239 1543 2384 1603 orbe
2417 1559 2603 1604 terra-

551 1657 680 1698 rum
699 1681 717 1709 ,
748 1637 989 1697 libidine
1017 1653 1077 1698 et
1104 1640 1410 1718 iniquitate
1442 1660 1815 1698 romanorum
1842 1640 2281 1717 magistratuum
2306 1685 2324 1714 ‚
2368 1662 2604 1701 accusa-

548 1733 768 1793 toribus
794 1737 1267 1813 praevaricatione
1288 1735 1628 1808 infamibus,
1655 1736 1951 1814 flagitante
1978 1734 2150 1812 plebe
2170 1735 2396 1813 judicia
2424 1758 2600 1816 eque-

546 1832 679 1890 stris
726 1832 973 1903 ordinis,
1013 1853 1142 1910 quae
1187 1833 1305 1891 sere
1346 1848 1478 1892 ante
1524 1853 1705 1892 annos
1736 1838 1795 1892 X
1834 1833 2023 1890 victor
2061 1832 2217 1890 Sulla
2257 1833 2598 1906 sustulerat,

547 1941 929 2006 cognoscente
964 1928 1037 1986 de
1079 1930 1341 2006 pecuniis
1382 1928 1719 2008 repetundis
1757 1931 1838 1985 Μ’
1860 1925 2179 1986 Glabrione
2216 1941 2504 2010 praetore,
2542 1943 2601 1988 et

485 2047 488 2054 ⁴
550 2024 910 2101 amplissimis
953 2024 1285 2103 quibusque
1330 2026 1606 2084 senatorii
1645 2023 1868 2082 ordinis
1907 2022 2336 2100 judicantibus,
2379 2043 2601 2083 summa

479 2171 482 2176 .
548 2123 977 2200 exspectatione
1018 2138 1384 2182 cunctorum.

628 2222 823 2275 Genus
852 2238 1036 2277 causae
1061 2219 1386 2279 honestum.
1416 2225 1611 2281 Status
1643 2218 1937 2298 qualitatis
1958 2215 2258 2294 negotialis
2286 2221 2595 2296 compara-

554 2313 672 2371 tiva
715 2314 792 2372 de
833 2316 1240 2374 constituendo
1280 2329 1649 2389 accusatore,
1681 2315 1785 2394 qui
1822 2312 2180 2392 potissimum
2222 2312 2294 2370 de
2336 2312 2598 2388 duobuS,

550 2426 653 2471 aut
676 2412 779 2490 qui
803 2414 959 2471 solus
988 2427 1218 2472 accuset
1241 2437 1255 2471 :
1286 2414 1427 2472 dicit
1455 2414 1609 2472 enim
1633 2411 1915 2480 Caecilius,
1943 2422 2044 2468 aut
2064 2430 2101 2467 a
2126 2428 2188 2468 se
2212 2412 2597 2470 accusandum

549 2531 673 2571 esse
697 2516 970 2585 Verrem,
1001 2525 1102 2570 aut
1127 2532 1161 2570 a
1186 2531 1248 2571 se
1274 2531 1537 2590 quoque.

611 2734 660 2767 ι.
679 2722 834 2768 Gron.
857 2718 1115 2784 legendnm
1140 2719 1352 2767 censuit:
1375 2738 1400 2761 ι
1415 2717 1530 2782 qnia
1558 2732 1662 2765 non
1687 2715 1750 2765 de
1773 2717 1906 2764 facto
1929 2715 2184 2780 quaritur,
2207 2715 2295 2765 sed
2326 2713 2386 2763 de
2411 2715 2599 2778 futuro,

539 2822 651 2869 qua
671 2816 744 2855 est
769 2806 1007 2857 divinatio
1033 2817 1082 2855 et
1104 2807 1392 2867 conjectura
1410 2828 1452 2855 n.
