3044 4788
573 391 709 460 282
1248 392 2021 463 ARGUMENTUM.

647 531 960 598 praeturam
1010 517 1326 590 urbanam,
1371 532 1585 598 quarto
1641 520 1703 577 in
1759 533 2079 600 praeturam
2132 520 2511 581 Siciliensem.
2570 526 2728 583 Nam

644 635 826 694 quum
852 635 1052 673 omnes
1085 615 1210 693 ejus
1234 627 1398 674 actus
1423 627 1733 694 quaesturae
1758 616 2030 688 nomine,
2069 616 2379 693 legationis
2395 659 2413 688 ,
2442 631 2728 696 praeturae

646 711 885 772 urbanae
902 756 919 782 ‚
949 712 1379 790 Siciliensisque
1410 712 1837 792 quadripartita
1865 712 2155 772 librorum
2181 713 2469 773 divisione
2496 735 2729 793 cogno-

645 822 916 881 scantur3
958 820 1221 867 anteacta
1257 807 1382 885 ejus
1413 810 1613 868 omnia
1654 810 1770 868 hoc
1810 808 1966 867 libro
2005 809 2428 889 comprehensa
2472 825 2606 870 sunt
2643 812 2726 870 ad

647 928 851 967 eorum
877 907 1086 979 fidem,
1115 928 1247 986 quae
1282 923 1416 987 post
1442 908 1730 968 dicentur.
1766 908 2053 969 Prooemia
2081 928 2219 967 sane
2258 907 2435 985 hujus
2477 908 2615 968 libri
2658 912 2728 969 in

645 1005 1013 1064 simulatione
1037 1006 1353 1065 constituta
1378 1019 1549 1077 suut,
1579 1007 1747 1084 quasi
1775 1026 1931 1065 verae
1961 1006 2379 1079 accusationis3
2402 1007 2462 1064 in
2476 1011 2727 1066 Verrem

650 1101 960 1161 audentem
988 1102 1188 1162 adesse
1219 1116 1395 1181 atque
1427 1103 1768 1176 defensum3
1801 1104 1865 1162 in
1904 1103 2320 1163 exhortatione
2349 1102 2616 1181 judicum
2647 1105 2730 1162 ad

649 1214 806 1259 recte
823 1198 1242 1277 judicandum3
1277 1213 1401 1260 tum
1424 1202 1485 1259 in
1514 1202 1684 1260 minis
1716 1217 1922 1261 contra
1948 1201 2349 1273 adversarios;
2374 1213 2434 1258 et
2466 1201 2526 1259 in
2554 1201 2731 1260 exhi-

648 1297 841 1357 benda
876 1299 1101 1357 ratione
1142 1300 1323 1358 officii
1361 1300 1485 1372 sui,
1528 1320 1633 1357 cur
1659 1300 1742 1358 ita
1773 1300 2047 1359 maluerit
2081 1319 2381 1372 accusare,
2429 1312 2495 1357 ut
2533 1300 2732 1378 prima

652 1396 879 1455 actione
911 1409 1135 1456 tantum
1165 1396 1410 1455 testibus
1432 1410 1715 1455 uteretur.
1748 1401 1894 1470 Quae
1928 1398 2124 1457 omnia
2151 1394 2439 1475 ejusmodi
2461 1408 2626 1468 sunt,
2660 1410 2732 1454 ut

650 1512 770 1552 non
798 1506 914 1552 tam
939 1513 1090 1553 nova
1118 1494 1311 1553 dicere
1329 1538 1347 1567 ,
1376 1513 1552 1572 quam
1578 1493 1736 1552 dicta
1763 1493 1899 1552 libri
1935 1495 2256 1574 superioris
2284 1496 2607 1553 instaurare
2629 1492 2730 1550 vi-

655 1591 876 1650 deatur.
920 1598 1061 1652 Post
1108 1592 1232 1651 haec
1281 1592 1477 1651 omnia
1526 1592 1707 1671 ipsius
1749 1592 2046 1652 Ciceronis
2094 1613 2202 1672 per
2248 1592 2505 1652 honores
2527 1590 2737 1650 Verris

655 1710 788 1749 cum
816 1689 1152 1749 criminibus
1169 1690 1429 1768 junctos,
1457 1690 1666 1750 divisio
1699 1710 1809 1769 per
1829 1690 2105 1765 ordinem
2139 1691 2342 1750 currit.
