3044 4788
639 379 777 475 514
1421 378 1978 449 Excnasns

635 505 699 566 in
733 501 1078 568 statuendo
1112 522 1387 566 numero
1424 500 1646 565 habita
1673 499 1837 563 ratio
1872 498 2071 563 fuisse
2101 496 2355 563 videtur
2386 498 2780 587 provinciae,

634 627 698 673 et
740 610 925 693 belli,
977 625 1044 672 et
1096 609 1299 696 ipsius
1344 590 1632 693 denique
1678 605 1997 685 bominis3
2046 604 2099 667 si
2136 603 2399 691 quidem
2448 605 2779 693 Pompeio

632 719 771 808 lege
798 716 1072 781 Gabinia
1101 712 1475 803 quindecim
1506 712 1693 777 datos
1724 711 1922 775 fuisse
1960 726 2236 776 constat.
2287 711 2623 793 Quoniam
2654 735 2778 774 au·

635 841 766 887 tem
814 818 1113 910 praesides
1166 818 1387 907 legatis
1439 817 1805 905 potestatis,
1855 831 2051 903 atque
2086 816 2344 902 imperii
2380 817 2484 880 sui
2517 834 2777 904 partem

634 926 1245 1007 communicabant,
1281 923 1460 988 unde
1493 946 1610 987 eos
1649 923 1880 987 Cicero
1909 922 2185 1011 appellat
2215 952 2241 977 ι
2262 923 2598 988 ministros
2626 946 2775 986 mu-

635 1036 806 1100 neris
836 1030 1318 1123 provincialis»,
1350 1029 1419 1093 in
1453 1028 1672 1093 Vatin.
1705 1048 1845 1117 cap.
1877 1026 1996 1092 15:
2041 1026 2198 1091 binc
2237 1028 2482 1092 factum
2528 1045 2662 1110 est,
2696 1045 2774 1092 ut

633 1157 699 1205 et
756 1139 878 1228 ipsi
937 1136 1128 1225 legati
1184 1135 1556 1215 lictoribus,
1608 1157 1684 1198 ac
1738 1132 2020 1198 fascibus
2072 1148 2446 1215 uterentur,
2493 1135 2775 1198 maxime

634 1268 836 1335 quum
877 1242 1275 1307 fiduciariam
1312 1263 1577 1331 operam
1614 1254 2020 1328 praestarent,
2070 1261 2192 1327 pro
2219 1254 2496 1328 praetore
2527 1241 2771 1320 relicti,

632 1369 746 1416 aut
774 1348 950 1414 missi
978 1347 1289 1437 quopiam
1312 1370 1347 1410 a
1371 1362 1667 1435 praetore.

720 1455 999 1522 Tribuni
1048 1454 1328 1519 militum
1384 1452 1538 1517 solis
1587 1449 1914 1540 peditibus
1969 1448 2411 1537 praefuerunt:
2465 1450 2560 1515 sic
2619 1451 2770 1516 dicti

635 1579 827 1645 sunt,
863 1577 1126 1627 auctore
1142 1561 1473 1640 Varrone,
1496 1556 1677 1645 quod
1712 1557 1900 1620 initio
1929 1556 2098 1620 terni
2131 1573 2345 1621 essent
2375 1557 2444 1619 in
2480 1556 2774 1645 legione,

636 1672 674 1734 i.
717 1694 771 1733 e.
812 1691 1019 1757 quum
1054 1667 1194 1754 ipsa
1227 1665 1433 1730 tribus
1466 1661 1761 1751 peditum
1797 1662 2083 1727 millibus
2127 1662 2488 1728 constabat.
2528 1665 2623 1726 Ut
2656 1687 2775 1728 au-

637 1794 764 1841 tem
803 1796 1117 1840 numerus
1160 1769 1454 1860 peditum
1483 1770 1552 1831 in
1586 1768 1839 1857 legione
1872 1784 2101 1832 auctus
2135 1785 2270 1849 est,
2329 1769 2424 1833 sie
2467 1769 2778 1835 tribuno-

637 1906 784 1947 rum
818 1881 1020 1946 crevit
1048 1879 1236 1943 etiam
1269 1896 1621 1956 numerus;
1667 1876 1756 1938 ita
1791 1890 1868 1938 ut
1905 1897 1945 1938 a
1987 1874 2196 1938 tribus
2231 1873 2315 1937 ad
2344 1890 2669 1962 quatuor,
2712 1894 2776 1940 et

640 1988 805 2065 inde⁸
837 1985 919 2050 ad
956 2007 1070 2050 sex
1110 1981 1562 2071 pervenerint,
1599 2002 1805 2068 quum
1854 2001 2090 2068 nempe
2138 2001 2217 2044 ex
2269 1980 2440 2045 senis
2487 1981 2778 2046 millibus

639 2092 932 2185 peditum
969 2088 1182 2176 .coepit
1234 2085 1466 2151 confici
1515 2084 1708 2174 legio.
1754 2084 1933 2149 Mille
1982 2107 2138 2175 ergo
2189 2083 2439 2174 pedites
2494 2085 2781 2151 ducebat

642 2199 944 2263 tribunus
970 2218 985 2258 ε
1021 2209 1086 2257 et
1108 2215 1314 2279 quum
1344 2193 1570 2255 Horat.
1594 2193 1721 2256 Sat.
1753 2193 1813 2272 1,
1847 2192 1912 2272 6,
1942 2191 2059 2271 48,
2089 2190 2276 2274 dicit,
2304 2192 2426 2256 sibi
2452 2193 2778 2282 legionem

639 2322 975 2366 romanam
1012 2297 1301 2388 paruisse
1332 2296 1632 2379 tribuno,
1666 2295 2122 2387 intelligendus
2156 2313 2275 2378 est,
2305 2298 2490 2385 quasi
2524 2298 2777 2380 dixerit,

643 2423 894 2499 partem
929 2423 1173 2472 sextam
1207 2405 1518 2495 legionis,
1557 2404 1686 2470 hoc
1723 2419 1822 2470 est
1844 2451 1863 2486 ,
1912 2405 2086 2469 mille
2134 2404 2434 2469 homines
2487 2406 2616 2470 sibi
2667 2429 2780 2495 pa-

646 2515 880 2597 ruisse3
914 2534 1157 2601 quum,
1203 2514 1407 2576 Bruto
1445 2508 1647 2590 duce,
1680 2511 1992 2600 pugnavit
2020 2509 2105 2574 ad
2129 2510 2487 2600 Philippos.

732 2619 1004 2685 Tribuni
1043 2617 1317 2682 militurn
1337 2665 1357 2693 ,
1392 2617 1619 2705 primis
1652 2616 2092 2705 temporibus,
2124 2638 2352 2680 omnes
2384 2618 2468 2681 ab
2502 2619 2784 2706 impera·

644 2730 897 2794 toribus
932 2727 1333 2816 legebantur.
1373 2725 1529 2789 Post
1552 2740 1802 2806 autern,
1825 2746 2002 2788 anno
2030 2724 2226 2789 Urbis
2256 2724 2382 2810 393
2406 2726 2782 2790 institutum

646 2852 723 2900 ut
752 2856 898 2922 pars
935 2827 1166 2898 eoruni
1201 2831 1425 2920 populi
1457 2831 1782 2922 suffragiis
1814 2847 2180 2914 crearetur;
2225 2847 2473 2920 partem
2504 2832 2785 2920 impera-

648 2958 821 3008 tores
851 2938 1044 3002 solito
1076 2936 1157 3001 de
1190 2931 1381 3002 more
1410 2936 1718 3002 facerent.
1744 2937 1953 3001 Testis
1983 2937 2240 3017 Livius,
2271 2937 2383 3003 lib.
2409 2938 2537 3001 VII
2554 2986 2574 3020 ,
2630 2958 2690 3000 c.
2723 2937 2782 3000 5.

650 3047 820 3111 Hinc
868 3061 1001 3126 est,
1056 3042 1238 3132 quod
1283 3044 1602 3112 Asconius
1657 3044 2074 3108 tribunorum
2125 3044 2496 3109 militarium
2544 3065 2783 3134 genera

650 3151 991 3240 distinguit
1036 3148 1206 3213 duo:
1266 3150 1596 3239 primum,
1645 3171 1872 3213 eorum
1927 3150 2039 3237 qui
2099 3150 2168 3212 in
2213 3149 2498 3213 exercitu
2544 3151 2782 3230 creati,

649 3258 874 3322 Rufuli
903 3254 1308 3336 dicebantur,
1342 3277 1460 3319 seu
1487 3255 1715 3319 Rutuli
1736 3303 1754 3336 ,
1779 3278 1817 3318 a
1849 3253 2134 3342 quodam
2159 3254 2406 3318 Rutilio
2428 3254 2604 3319 Rufo
2619 3302 2640 3335 ,
2666 3256 2779 3342 qui

647 3365 856 3452 legem
913 3361 1175 3441 tulerat,
1219 3383 1348 3447 qua
1402 3359 1492 3423 eis
1540 3359 1886 3424 cavebatur
1943 3360 2163 3423 multis
2215 3359 2460 3425 modis:
2500 3360 2778 3447 (Festus)

648 3468 920 3531 alterum
954 3488 1214 3545 eorum,
1252 3464 1365 3551 qui
1401 3463 1715 3528 comitiati
1751 3462 2261 3552 appellabantur,
2301 3466 2451 3552 quia
2488 3466 2712 3528 Romae
2740 3486 2774 3526 a

648 3572 896 3660 populo
929 3571 1210 3635 comitiis
1246 3568 1769 3657 designabantur.
1808 3569 2049 3634 Mansit
2085 3570 2190 3633 ille
2222 3592 2364 3634 mos
2392 3568 2684 3659 legendi,
2713 3586 2776 3633 et

647 3675 909 3741 creandi
941 3675 1242 3741 tribunos
1278 3675 1561 3739 militum
1588 3673 1671 3739 ad
1697 3697 1908 3763 usque
1943 3676 2287 3740 novissima
2330 3673 2620 3764 tempora
2652 3677 2773 3739 rei-

651 3782 946 3872 publicae.

737 3886 1166 3952 Centuriones
1219 3887 1285 3950 in
1340 3886 1595 3976 legione
1633 3906 1817 3954 erant
1851 3891 2216 3978 sexaginta,
2263 3887 2632 3953 centurioni
2664 3911 2771 3976 pe·

652 3992 814 4059 dites
848 4008 1114 4057 centum
1148 3992 1483 4082 parebant.
1512 4041 1517 4046 κ

733 4100 1020 4164 Praefecti
1055 4116 1120 4164 et
1154 4099 1539 4166 decuriones
1577 4102 1983 4189 equestribus
2017 4102 2221 4190 copiis
2257 4102 2584 4168 sociorum
2617 4123 2764 4188 prae·
