<?xml version="1.0" encoding="UTF-8"?>
<!DOCTYPE html PUBLIC "-//W3C//DTD XHTML 1.0 Transitional//EN"
    "http://www.w3.org/TR/xhtml1/DTD/xhtml1-transitional.dtd">
<html xmlns="http://www.w3.org/1999/xhtml" xml:lang="en" lang="en">
 <head>
  <title>
</title>
<meta http-equiv="Content-Type" content="text/html;charset=utf-8" />
  <meta name='ocr-system' content='tesseract 3.04.00' />
  <meta name='ocr-capabilities' content='ocr_page ocr_carea ocr_par ocr_line ocrx_word'/>
</head>
<body>
  <div class='ocr_page' id='page_1' title='image "./mtciceronisquae09lemagoog/mtciceronisquae09lemagoog_0346.png"; bbox 0 0 3044 4788; ppageno 0'>
   <div class='ocr_carea' id='block_1_1' title="bbox 648 419 2133 510">
    <p class='ocr_par' dir='ltr' id='par_1_1' title="bbox 648 419 2133 510">
     <span class='ocr_line' id='line_1_1' title="bbox 648 419 2133 510; baseline -0.016 0"><span class='ocrx_word' id='word_1_1' title='bbox 648 435 790 510; x_wconf 82' lang='grc'><strong>306</strong></span> <span class='ocrx_word' id='word_1_2' title='bbox 1287 431 1384 498; x_wconf 91' lang='grc' dir='ltr'><strong>Μ.</strong></span> <span class='ocrx_word' id='word_1_3' title='bbox 1435 429 1514 495; x_wconf 91' lang='grc' dir='ltr'><strong>Τ.</strong></span> <span class='ocrx_word' id='word_1_4' title='bbox 1566 419 2133 495; x_wconf 84' lang='lat' dir='ltr'>CICERONIS</span> 
     </span>
    </p>
   </div>
   <div class='ocr_carea' id='block_1_2' title="bbox 640 538 2805 3088">
    <p class='ocr_par' dir='ltr' id='par_1_2' title="bbox 640 538 2805 2207">
     <span class='ocr_line' id='line_1_2' title="bbox 645 538 2802 650; baseline -0.014 -11"><span class='ocrx_word' id='word_1_5' title='bbox 645 564 1000 650; x_wconf 87' lang='lat' dir='ltr'><strong>laborari,</strong></span> <span class='ocrx_word' id='word_1_6' title='bbox 1034 573 1120 630; x_wconf 93' lang='lat' dir='ltr'><strong>ut</strong></span> <span class='ocrx_word' id='word_1_7' title='bbox 1147 580 1264 628; x_wconf 90' lang='lat' dir='ltr'><strong>res</strong></span> <span class='ocrx_word' id='word_1_8' title='bbox 1295 557 1371 625; x_wconf 92' lang='lat' dir='ltr'><strong>in</strong></span> <span class='ocrx_word' id='word_1_9' title='bbox 1405 548 1637 623; x_wconf 76' lang='lat' dir='ltr'><strong>illud⁶</strong></span> <span class='ocrx_word' id='word_1_10' title='bbox 1678 544 2452 645; x_wconf 76' lang='lat' dir='ltr'><strong>tempusrejiceretur3</strong></span> <span class='ocrx_word' id='word_1_11' title='bbox 2484 538 2722 611; x_wconf 89' lang='lat' dir='ltr'><strong>credo</strong></span> <span class='ocrx_word' id='word_1_12' title='bbox 2743 550 2802 625; x_wconf 72' lang='lat'><strong>7,</strong></span> 
     </span>
     <span class='ocr_line' id='line_1_3' title="bbox 642 655 2804 750; baseline -0.014 0"><span class='ocrx_word' id='word_1_13' title='bbox 642 678 704 750; x_wconf 84' lang='lat' dir='ltr'><strong>si</strong></span> <span class='ocrx_word' id='word_1_14' title='bbox 727 678 908 748; x_wconf 85' lang='lat' dir='ltr'><strong>meis</strong></span> <span class='ocrx_word' id='word_1_15' title='bbox 943 670 1145 742; x_wconf 87' lang='lat' dir='ltr'><strong>horis</strong></span> <span class='ocrx_word' id='word_1_16' title='bbox 1178 670 1256 737; x_wconf 86' lang='lat' dir='ltr'><strong>in</strong></span> <span class='ocrx_word' id='word_1_17' title='bbox 1291 658 1699 734; x_wconf 89' lang='lat' dir='ltr'><strong>accusando</strong></span> <span class='ocrx_word' id='word_1_18' title='bbox 1734 659 1847 728; x_wconf 86' lang='lat' dir='ltr'><strong>uti</strong></span> <span class='ocrx_word' id='word_1_19' title='bbox 1879 655 2305 742; x_wconf 80' lang='lat' dir='ltr'><strong>voluissem,</strong></span> <span class='ocrx_word' id='word_1_20' title='bbox 2343 674 2667 737; x_wconf 79' lang='lat' dir='ltr'><strong>vererer,</strong></span> <span class='ocrx_word' id='word_1_21' title='bbox 2697 674 2804 721; x_wconf 86' lang='lat' dir='ltr'><strong>ne</strong></span> 
     </span>
     <span class='ocr_line' id='line_1_4' title="bbox 643 760 2805 870; baseline -0.014 -9"><span class='ocrx_word' id='word_1_22' title='bbox 643 786 825 859; x_wconf 91' lang='lat' dir='ltr'><strong>mihi</strong></span> <span class='ocrx_word' id='word_1_23' title='bbox 858 783 1159 858; x_wconf 88' lang='lat' dir='ltr'><strong>crimina</strong></span> <span class='ocrx_word' id='word_1_24' title='bbox 1188 800 1341 848; x_wconf 90' lang='lat' dir='ltr'><strong>non</strong></span> <span class='ocrx_word' id='word_1_25' title='bbox 1382 781 1894 870; x_wconf 82' lang='lat' dir='ltr'><strong>suppeterent3</strong></span> <span class='ocrx_word' id='word_1_26' title='bbox 1931 791 2028 838; x_wconf 90' lang='lat' dir='ltr'><strong>ne</strong></span> <span class='ocrx_word' id='word_1_27' title='bbox 2054 765 2295 835; x_wconf 90' lang='lat' dir='ltr'><strong>oratio</strong></span> <span class='ocrx_word' id='word_1_28' title='bbox 2330 760 2657 847; x_wconf 80' lang='lat' dir='ltr'><strong>deesset3</strong></span> <span class='ocrx_word' id='word_1_29' title='bbox 2697 784 2805 831; x_wconf 82' lang='lat' dir='ltr'><strong>ne</strong></span> 
     </span>
     <span class='ocr_line' id='line_1_5' title="bbox 640 870 2804 989; baseline -0.012 -20"><span class='ocrx_word' id='word_1_30' title='bbox 640 923 785 969; x_wconf 82' lang='lat' dir='ltr'><strong>vox</strong></span> <span class='ocrx_word' id='word_1_31' title='bbox 808 898 1138 989; x_wconf 85' lang='lat' dir='ltr'><strong>viresque</strong></span> <span class='ocrx_word' id='word_1_32' title='bbox 1156 882 1548 958; x_wconf 87' lang='lat' dir='ltr'><strong>deficerent</strong></span> <span class='ocrx_word' id='word_1_33' title='bbox 1565 908 1586 969; x_wconf 79' lang='lat'>3</span> <span class='ocrx_word' id='word_1_34' title='bbox 1610 905 1702 952; x_wconf 92' lang='lat' dir='ltr'><strong>ne</strong></span> <span class='ocrx_word' id='word_1_35' title='bbox 1719 935 1740 968; x_wconf 94' lang='lat'><strong>,</strong></span> <span class='ocrx_word' id='word_1_36' title='bbox 1760 900 1983 976; x_wconf 91' lang='lat' dir='ltr'><strong>quem</strong></span> <span class='ocrx_word' id='word_1_37' title='bbox 2002 898 2219 946; x_wconf 92' lang='lat' dir='ltr'><strong>nemo</strong></span> <span class='ocrx_word' id='word_1_38' title='bbox 2242 872 2472 971; x_wconf 90' lang='lat' dir='ltr'><strong>prima</strong></span> <span class='ocrx_word' id='word_1_39' title='bbox 2490 870 2804 942; x_wconf 79' lang='lat' dir='ltr'><strong>actione</strong></span> 
     </span>
     <span class='ocr_line' id='line_1_6' title="bbox 642 986 2799 1086; baseline -0.014 -6"><span class='ocrx_word' id='word_1_40' title='bbox 642 1003 1034 1080; x_wconf 83' lang='lat' dir='ltr'><strong>defendere</strong></span> <span class='ocrx_word' id='word_1_41' title='bbox 1062 1020 1280 1071; x_wconf 84' lang='lat' dir='ltr'><strong>ausus</strong></span> <span class='ocrx_word' id='word_1_42' title='bbox 1306 1008 1488 1066; x_wconf 87' lang='lat' dir='ltr'><strong>esset</strong></span> <span class='ocrx_word' id='word_1_43' title='bbox 1508 1047 1528 1080; x_wconf 94' lang='lat'><strong>,</strong></span> <span class='ocrx_word' id='word_1_44' title='bbox 1557 1016 1727 1063; x_wconf 90' lang='lat' dir='ltr'><strong>eum</strong></span> <span class='ocrx_word' id='word_1_45' title='bbox 1767 1013 1901 1086; x_wconf 87' lang='lat' dir='ltr'><strong>ego</strong></span> <span class='ocrx_word' id='word_1_46' title='bbox 1928 986 2043 1058; x_wconf 90' lang='lat' dir='ltr'><strong>bis</strong></span> <span class='ocrx_word' id='word_1_47' title='bbox 2070 1007 2405 1056; x_wconf 89' lang='lat' dir='ltr'><strong>accusare</strong></span> <span class='ocrx_word' id='word_1_48' title='bbox 2434 1007 2585 1052; x_wconf 90' lang='lat' dir='ltr'><strong>non</strong></span> <span class='ocrx_word' id='word_1_49' title='bbox 2621 1005 2799 1078; x_wconf 91' lang='lat' dir='ltr'><strong>pos-</strong></span> 
     </span>
     <span class='ocr_line' id='line_1_7' title="bbox 645 1091 2800 1211; baseline -0.013 -22"><span class='ocrx_word' id='word_1_50' title='bbox 645 1142 820 1190; x_wconf 89' lang='lat' dir='ltr'><strong>sem.</strong></span> <span class='ocrx_word' id='word_1_51' title='bbox 837 1118 990 1211; x_wconf 88' lang='lat' dir='ltr'><strong>Ego</strong></span> <span class='ocrx_word' id='word_1_52' title='bbox 1011 1132 1255 1182; x_wconf 89' lang='lat' dir='ltr'><strong>meum</strong></span> <span class='ocrx_word' id='word_1_53' title='bbox 1277 1095 1708 1178; x_wconf 78' lang='lat' dir='ltr'><strong>consilium⁸</strong></span> <span class='ocrx_word' id='word_1_54' title='bbox 1729 1115 1886 1170; x_wconf 90' lang='lat' dir='ltr'><strong>tum</strong></span> <span class='ocrx_word' id='word_1_55' title='bbox 1900 1094 2297 1194; x_wconf 87' lang='lat' dir='ltr'><strong>judicibus,</strong></span> <span class='ocrx_word' id='word_1_56' title='bbox 2332 1109 2487 1165; x_wconf 87' lang='lat' dir='ltr'><strong>tum</strong></span> <span class='ocrx_word' id='word_1_57' title='bbox 2504 1091 2800 1190; x_wconf 91' lang='lat' dir='ltr'><strong>populo</strong></span> 
     </span>
     <span class='ocr_line' id='line_1_8' title="bbox 643 1204 2796 1321; baseline -0.014 -21"><span class='ocrx_word' id='word_1_58' title='bbox 643 1251 949 1301; x_wconf 88' lang='lat' dir='ltr'><strong>romano</strong></span> <span class='ocrx_word' id='word_1_59' title='bbox 990 1218 1313 1321; x_wconf 88' lang='lat' dir='ltr'><strong>probavi.</strong></span> <span class='ocrx_word' id='word_1_60' title='bbox 1368 1219 1600 1288; x_wconf 89' lang='lat' dir='ltr'><strong>Nemo</strong></span> <span class='ocrx_word' id='word_1_61' title='bbox 1637 1225 1781 1297; x_wconf 83' lang='lat' dir='ltr'><strong>est,</strong></span> <span class='ocrx_word' id='word_1_62' title='bbox 1827 1210 1957 1307; x_wconf 91' lang='lat' dir='ltr'><strong>qui</strong></span> <span class='ocrx_word' id='word_1_63' title='bbox 2000 1208 2135 1279; x_wconf 89' lang='lat' dir='ltr'><strong>alia</strong></span> <span class='ocrx_word' id='word_1_64' title='bbox 2167 1206 2444 1276; x_wconf 91' lang='lat' dir='ltr'><strong>ratione</strong></span> <span class='ocrx_word' id='word_1_65' title='bbox 2477 1204 2796 1273; x_wconf 86' lang='lat' dir='ltr'><strong>istorum</strong></span> 
     </span>
     <span class='ocr_line' id='line_1_9' title="bbox 643 1312 2792 1434; baseline -0.013 -23"><span class='ocrx_word' id='word_1_66' title='bbox 643 1339 919 1434; x_wconf 82' lang='lat' dir='ltr'><strong>injuriae</strong></span> <span class='ocrx_word' id='word_1_67' title='bbox 962 1348 1181 1430; x_wconf 89' lang='lat' dir='ltr'><strong>atque</strong></span> <span class='ocrx_word' id='word_1_68' title='bbox 1214 1325 1681 1425; x_wconf 84' lang='lat' dir='ltr'><strong>impudentiae</strong></span> <span class='ocrx_word' id='word_1_69' title='bbox 1718 1321 2044 1419; x_wconf 89' lang='lat' dir='ltr'><strong>potuisse</strong></span> <span class='ocrx_word' id='word_1_70' title='bbox 2074 1315 2327 1388; x_wconf 83' lang='lat' dir='ltr'>obsisti</span> <span class='ocrx_word' id='word_1_71' title='bbox 2368 1312 2792 1385; x_wconf 80' lang='lat' dir='ltr'><strong>arbitretur.</strong></span> 
     </span>
     <span class='ocr_line' id='line_1_10' title="bbox 647 1423 2795 1541; baseline -0.014 -20"><span class='ocrx_word' id='word_1_72' title='bbox 647 1451 934 1520; x_wconf 87' lang='lat' dir='ltr'><strong>Etenim</strong></span> <span class='ocrx_word' id='word_1_73' title='bbox 992 1467 1135 1541; x_wconf 88' lang='lat' dir='ltr'><strong>qua</strong></span> <span class='ocrx_word' id='word_1_74' title='bbox 1188 1438 1490 1512; x_wconf 88' lang='lat' dir='ltr'><strong>stultitia</strong></span> <span class='ocrx_word' id='word_1_75' title='bbox 1539 1431 1866 1517; x_wconf 87' lang='lat' dir='ltr'><strong>fuissem,</strong></span> <span class='ocrx_word' id='word_1_76' title='bbox 1914 1431 2013 1515; x_wconf 84' lang='lat' dir='ltr'><strong>si,</strong></span> <span class='ocrx_word' id='word_1_77' title='bbox 2057 1449 2279 1524; x_wconf 88' lang='lat' dir='ltr'><strong>quam</strong></span> <span class='ocrx_word' id='word_1_78' title='bbox 2329 1423 2523 1495; x_wconf 84' lang='lat' dir='ltr'><strong>diem</strong></span> <span class='ocrx_word' id='word_1_79' title='bbox 2542 1434 2601 1509; x_wconf 86' lang='lat'><strong>9,</strong></span> <span class='ocrx_word' id='word_1_80' title='bbox 2657 1424 2795 1519; x_wconf 89' lang='lat' dir='ltr'><strong>qui</strong></span> 
     </span>
     <span class='ocr_line' id='line_1_11' title="bbox 651 1533 2794 1652; baseline -0.013 -22"><span class='ocrx_word' id='word_1_81' title='bbox 651 1561 868 1630; x_wconf 92' lang='lat' dir='ltr'><strong>istum</strong></span> <span class='ocrx_word' id='word_1_82' title='bbox 888 1551 1345 1652; x_wconf 85' lang='lat' dir='ltr'><strong>eripiendum</strong></span> <span class='ocrx_word' id='word_1_83' title='bbox 1360 1545 1829 1618; x_wconf 90' lang='lat' dir='ltr'><strong>redemerunt</strong></span> <span class='ocrx_word' id='word_1_84' title='bbox 1850 1552 1937 1629; x_wconf 88' lang='lat'><strong>¹⁰,</strong></span> <span class='ocrx_word' id='word_1_85' title='bbox 1966 1545 2043 1610; x_wconf 91' lang='lat' dir='ltr'><strong>in</strong></span> <span class='ocrx_word' id='word_1_86' title='bbox 2066 1539 2399 1609; x_wconf 81' lang='lat' dir='ltr'><strong>cautione</strong></span> <span class='ocrx_word' id='word_1_87' title='bbox 2427 1533 2794 1620; x_wconf 88' lang='lat' dir='ltr'><strong>viderunt,</strong></span> 
     </span>
     <span class='ocr_line' id='line_1_12' title="bbox 653 1667 2795 1767; baseline -0.013 -26"><span class='ocrx_word' id='word_1_88' title='bbox 653 1693 883 1767; x_wconf 88' lang='lat' dir='ltr'><strong>quum</strong></span> <span class='ocrx_word' id='word_1_89' title='bbox 914 1668 1013 1737; x_wconf 87' lang='lat' dir='ltr'><strong>ita</strong></span> <span class='ocrx_word' id='word_1_90' title='bbox 1053 1672 1421 1746; x_wconf 81' lang='lat' dir='ltr'><strong>caverent,</strong></span> <span class='ocrx_word' id='word_1_91' title='bbox 1461 1681 1521 1727; x_wconf 75' lang='lat'><strong>³1</strong></span> <span class='ocrx_word' id='word_1_92' title='bbox 1555 1676 1728 1725; x_wconf 74' lang='lat' dir='ltr'><strong>Pos&#39;r</strong></span> <span class='ocrx_word' id='word_1_93' title='bbox 1758 1675 2064 1722; x_wconf 58' lang='lat' dir='ltr'><strong>namn.</strong></span> <span class='ocrx_word' id='word_1_94' title='bbox 2095 1672 2252 1719; x_wconf 69' lang='lat' dir='ltr'><strong>un.</strong></span> <span class='ocrx_word' id='word_1_95' title='bbox 2285 1670 2359 1716; x_wconf 68' lang='lat' dir='ltr'><strong>nv</strong></span> <span class='ocrx_word' id='word_1_96' title='bbox 2394 1667 2795 1716; x_wconf 67' lang='lat' dir='ltr'><strong>consuunt</strong></span> 
     </span>
     <span class='ocr_line' id='line_1_13' title="bbox 653 1756 2798 1864; baseline -0.014 -12"><span class='ocrx_word' id='word_1_97' title='bbox 653 1804 951 1864; x_wconf 77' lang='lat' dir='ltr'>IRETUR3</span> <span class='ocrx_word' id='word_1_98' title='bbox 978 1778 1054 1846; x_wconf 89' lang='lat' dir='ltr'><strong>in</strong></span> <span class='ocrx_word' id='word_1_99' title='bbox 1094 1797 1251 1845; x_wconf 90' lang='lat' dir='ltr'><strong>eam</strong></span> <span class='ocrx_word' id='word_1_100' title='bbox 1290 1768 1486 1840; x_wconf 90' lang='lat' dir='ltr'><strong>diem</strong></span> <span class='ocrx_word' id='word_1_101' title='bbox 1521 1790 1681 1862; x_wconf 79' lang='lat' dir='ltr'><strong>ege,</strong></span> <span class='ocrx_word' id='word_1_102' title='bbox 1706 1787 1938 1860; x_wconf 90' lang='lat' dir='ltr'><strong>quum</strong></span> <span class='ocrx_word' id='word_1_103' title='bbox 1964 1759 2358 1859; x_wconf 87' lang='lat' dir='ltr'><strong>potuissem</strong></span> <span class='ocrx_word' id='word_1_104' title='bbox 2391 1756 2655 1843; x_wconf 82' lang='lat' dir='ltr'><strong>vitare,</strong></span> <span class='ocrx_word' id='word_1_105' title='bbox 2680 1758 2798 1824; x_wconf 89' lang='lat' dir='ltr'><strong>in-</strong></span> 
     </span>
     <span class='ocr_line' id='line_1_14' title="bbox 654 1863 2794 1971; baseline -0.014 -8"><span class='ocrx_word' id='word_1_106' title='bbox 654 1886 1259 1962; x_wconf 77' lang='lat' dir='ltr'><strong>cidissemPNunc</strong></span> <span class='ocrx_word' id='word_1_107' title='bbox 1295 1876 1473 1948; x_wconf 91' lang='lat' dir='ltr'><strong>mihi</strong></span> <span class='ocrx_word' id='word_1_108' title='bbox 1513 1875 1866 1971; x_wconf 87' lang='lat' dir='ltr'><strong>temporis</strong></span> <span class='ocrx_word' id='word_1_109' title='bbox 1906 1872 2081 1967; x_wconf 89' lang='lat' dir='ltr'><strong>ejus,</strong></span> <span class='ocrx_word' id='word_1_110' title='bbox 2099 1866 2304 1966; x_wconf 90' lang='lat' dir='ltr'><strong>quod</strong></span> <span class='ocrx_word' id='word_1_111' title='bbox 2339 1864 2521 1936; x_wconf 91' lang='lat' dir='ltr'><strong>mihi</strong></span> <span class='ocrx_word' id='word_1_112' title='bbox 2552 1864 2648 1935; x_wconf 91' lang='lat' dir='ltr'><strong>ad</strong></span> <span class='ocrx_word' id='word_1_113' title='bbox 2679 1863 2794 1934; x_wconf 88' lang='lat' dir='ltr'><strong>di-</strong></span> 
     </span>
     <span class='ocr_line' id='line_1_15' title="bbox 656 1986 2800 2085; baseline -0.012 -13"><span class='ocrx_word' id='word_1_114' title='bbox 656 1999 970 2072; x_wconf 90' lang='lat' dir='ltr'><strong>cendum</strong></span> <span class='ocrx_word' id='word_1_115' title='bbox 998 1994 1235 2075; x_wconf 86' lang='lat' dir='ltr'><strong>datur,</strong></span> <span class='ocrx_word' id='word_1_116' title='bbox 1265 1988 1613 2085; x_wconf 90' lang='lat' dir='ltr'><strong>quoniam</strong></span> <span class='ocrx_word' id='word_1_117' title='bbox 1650 1990 1728 2056; x_wconf 90' lang='lat' dir='ltr'><strong>in</strong></span> <span class='ocrx_word' id='word_1_118' title='bbox 1768 1986 2010 2055; x_wconf 90' lang='lat' dir='ltr'><strong>animo</strong></span> <span class='ocrx_word' id='word_1_119' title='bbox 2040 1996 2148 2054; x_wconf 89' lang='lat' dir='ltr'><strong>est</strong></span> <span class='ocrx_word' id='word_1_120' title='bbox 2174 2003 2462 2052; x_wconf 88' lang='lat' dir='ltr'><strong>causam</strong></span> <span class='ocrx_word' id='word_1_121' title='bbox 2495 2000 2800 2048; x_wconf 88' lang='lat' dir='ltr'><strong>omnem</strong></span> 
     </span>
     <span class='ocr_line' id='line_1_16' title="bbox 656 2079 2238 2207; baseline -0.013 -27"><span class='ocrx_word' id='word_1_122' title='bbox 656 2128 1056 2207; x_wconf 84' lang='lat' dir='ltr'><strong>exponere,</strong></span> <span class='ocrx_word' id='word_1_123' title='bbox 1094 2098 1429 2171; x_wconf 86' lang='lat' dir='ltr'><strong>habenda</strong></span> <span class='ocrx_word' id='word_1_124' title='bbox 1466 2098 1652 2167; x_wconf 86' lang='lat' dir='ltr'><strong>ratio</strong></span> <span class='ocrx_word' id='word_1_125' title='bbox 1694 2109 1803 2168; x_wconf 88' lang='lat' dir='ltr'><strong>est</strong></span> <span class='ocrx_word' id='word_1_126' title='bbox 1837 2079 2238 2190; x_wconf 78' lang='lat' dir='ltr'><strong>diligenter.</strong></span> 
     </span>
    </p>

    <p class='ocr_par' dir='ltr' id='par_1_3' title="bbox 658 2200 2802 3088">
     <span class='ocr_line' id='line_1_17' title="bbox 754 2200 2799 2309; baseline -0.01 -23"><span class='ocrx_word' id='word_1_127' title='bbox 754 2218 911 2287; x_wconf 87' lang='lat' dir='ltr'><strong>XII.</strong></span> <span class='ocrx_word' id='word_1_128' title='bbox 971 2218 1221 2309; x_wconf 87' lang='lat' dir='ltr'><strong>Itaque</strong></span> <span class='ocrx_word' id='word_1_129' title='bbox 1261 2211 1579 2306; x_wconf 90' lang='lat' dir='ltr'><strong>primum</strong></span> <span class='ocrx_word' id='word_1_130' title='bbox 1618 2206 1821 2277; x_wconf 89' lang='lat' dir='ltr'><strong>illum</strong></span> <span class='ocrx_word' id='word_1_131' title='bbox 1864 2213 2146 2275; x_wconf 87' lang='lat' dir='ltr'><strong>actum¹</strong></span> <span class='ocrx_word' id='word_1_132' title='bbox 2187 2200 2393 2271; x_wconf 88' lang='lat' dir='ltr'><strong>istius</strong></span> <span class='ocrx_word' id='word_1_133' title='bbox 2434 2202 2595 2268; x_wconf 70' lang='lat' dir='ltr'><strong>vitae</strong></span> <span class='ocrx_word' id='word_1_134' title='bbox 2635 2211 2799 2267; x_wconf 91' lang='lat' dir='ltr'><strong>tur-</strong></span> 
     </span>
     <span class='ocr_line' id='line_1_18' title="bbox 658 2306 2802 2425; baseline -0.009 -30"><span class='ocrx_word' id='word_1_135' title='bbox 658 2329 1038 2425; x_wconf 88' lang='lat' dir='ltr'><strong>pissimum</strong></span> <span class='ocrx_word' id='word_1_136' title='bbox 1086 2336 1158 2393; x_wconf 90' lang='lat' dir='ltr'><strong>et</strong></span> <span class='ocrx_word' id='word_1_137' title='bbox 1209 2319 1840 2418; x_wconf 85' lang='lat' dir='ltr'><strong>flagitiosissimum</strong></span> <span class='ocrx_word' id='word_1_138' title='bbox 1899 2310 2460 2412; x_wconf 81' lang='lat' dir='ltr'><strong>praetermittam.</strong></span> <span class='ocrx_word' id='word_1_139' title='bbox 2512 2306 2707 2379; x_wconf 87' lang='lat' dir='ltr'><strong>Nihil</strong></span> <span class='ocrx_word' id='word_1_140' title='bbox 2758 2330 2802 2376; x_wconf 85' lang='lat' dir='ltr'><strong>a</strong></span> 
     </span>
     <span class='ocr_line' id='line_1_19' title="bbox 660 2417 2802 2532; baseline -0.009 -25"><span class='ocrx_word' id='word_1_141' title='bbox 660 2459 777 2506; x_wconf 92' lang='lat' dir='ltr'><strong>me</strong></span> <span class='ocrx_word' id='word_1_142' title='bbox 814 2434 905 2505; x_wconf 93' lang='lat' dir='ltr'><strong>de</strong></span> <span class='ocrx_word' id='word_1_143' title='bbox 944 2433 1269 2532; x_wconf 82' lang='lat' dir='ltr'><strong>pueritiae</strong></span> <span class='ocrx_word' id='word_1_144' title='bbox 1295 2454 1438 2500; x_wconf 84' lang='lat' dir='ltr'><strong>suae</strong></span> <span class='ocrx_word' id='word_1_145' title='bbox 1474 2426 1760 2523; x_wconf 86' lang='lat' dir='ltr'><strong>flagitiis</strong></span> <span class='ocrx_word' id='word_1_146' title='bbox 1795 2425 2255 2523; x_wconf 81' lang='lat' dir='ltr'><strong>peccatisque</strong></span> <span class='ocrx_word' id='word_1_147' title='bbox 2285 2418 2566 2506; x_wconf 79' lang='lat' dir='ltr'><strong>audiet,</strong></span> <span class='ocrx_word' id='word_1_148' title='bbox 2611 2417 2802 2488; x_wconf 90' lang='lat' dir='ltr'><strong>nihil</strong></span> 
     </span>
     <span class='ocr_line' id='line_1_20' title="bbox 660 2528 2800 2639; baseline -0.009 -23"><span class='ocrx_word' id='word_1_149' title='bbox 660 2570 751 2617; x_wconf 83' lang='lat' dir='ltr'><strong>ex</strong></span> <span class='ocrx_word' id='word_1_150' title='bbox 792 2543 911 2615; x_wconf 86' lang='lat' dir='ltr'><strong>illa</strong></span> <span class='ocrx_word' id='word_1_151' title='bbox 954 2546 1241 2639; x_wconf 90' lang='lat' dir='ltr'><strong>impura</strong></span> <span class='ocrx_word' id='word_1_152' title='bbox 1280 2537 1760 2609; x_wconf 85' lang='lat' dir='ltr'><strong>adolescentia</strong></span> <span class='ocrx_word' id='word_1_153' title='bbox 1801 2558 1931 2604; x_wconf 90' lang='lat' dir='ltr'><strong>sua</strong></span> <span class='ocrx_word' id='word_1_154' title='bbox 1972 2559 1988 2601; x_wconf 91' lang='lat'><strong>:</strong></span> <span class='ocrx_word' id='word_1_155' title='bbox 2040 2557 2201 2628; x_wconf 80' lang='lat' dir='ltr'><strong>quae</strong></span> <span class='ocrx_word' id='word_1_156' title='bbox 2237 2529 2480 2626; x_wconf 82' lang='lat' dir='ltr'><strong>qualis</strong></span> <span class='ocrx_word' id='word_1_157' title='bbox 2531 2528 2752 2599; x_wconf 85' lang='lat' dir='ltr'><strong>fuerit</strong></span> <span class='ocrx_word' id='word_1_158' title='bbox 2779 2581 2800 2611; x_wconf 94' lang='lat'><strong>,</strong></span> 
     </span>
     <span class='ocr_line' id='line_1_21' title="bbox 665 2638 2800 2739; baseline -0.01 -11"><span class='ocrx_word' id='word_1_159' title='bbox 665 2671 787 2728; x_wconf 89' lang='lat' dir='ltr'><strong>aut</strong></span> <span class='ocrx_word' id='word_1_160' title='bbox 840 2650 1297 2737; x_wconf 86' lang='lat' dir='ltr'><strong>meministis,</strong></span> <span class='ocrx_word' id='word_1_161' title='bbox 1355 2660 1479 2717; x_wconf 86' lang='lat' dir='ltr'><strong>aut</strong></span> <span class='ocrx_word' id='word_1_162' title='bbox 1541 2670 1628 2715; x_wconf 83' lang='lat' dir='ltr'><strong>ex</strong></span> <span class='ocrx_word' id='word_1_163' title='bbox 1677 2654 1840 2729; x_wconf 76' lang='lat' dir='ltr'><strong>e02,</strong></span> <span class='ocrx_word' id='word_1_164' title='bbox 1889 2666 2109 2739; x_wconf 89' lang='lat' dir='ltr'><strong>quem</strong></span> <span class='ocrx_word' id='word_1_165' title='bbox 2170 2643 2280 2710; x_wconf 89' lang='lat' dir='ltr'><strong>sui</strong></span> <span class='ocrx_word' id='word_1_166' title='bbox 2349 2638 2800 2709; x_wconf 84' lang='lat' dir='ltr'><strong>simillimum</strong></span> 
     </span>
     <span class='ocr_line' id='line_1_22' title="bbox 663 2748 2798 2866; baseline -0.01 -28"><span class='ocrx_word' id='word_1_167' title='bbox 663 2765 1013 2866; x_wconf 80' lang='lat' dir='ltr'><strong>produxit</strong></span> <span class='ocrx_word' id='word_1_168' title='bbox 1031 2759 1084 2850; x_wconf 83' lang='lat'><strong>3,</strong></span> <span class='ocrx_word' id='word_1_169' title='bbox 1137 2780 1659 2855; x_wconf 85' lang='lat' dir='ltr'><strong>recognoscere</strong></span> <span class='ocrx_word' id='word_1_170' title='bbox 1695 2755 2016 2853; x_wconf 88' lang='lat' dir='ltr'><strong>potestis.</strong></span> <span class='ocrx_word' id='word_1_171' title='bbox 2069 2750 2331 2821; x_wconf 88' lang='lat' dir='ltr'><strong>Omnia</strong></span> <span class='ocrx_word' id='word_1_172' title='bbox 2375 2748 2798 2849; x_wconf 76' lang='lat' dir='ltr'><strong>praeteribO,</strong></span> 
     </span>
     <span class='ocr_line' id='line_1_23' title="bbox 663 2864 2800 2978; baseline -0.008 -29"><span class='ocrx_word' id='word_1_173' title='bbox 663 2904 826 2978; x_wconf 87' lang='lat' dir='ltr'><strong>quae</strong></span> <span class='ocrx_word' id='word_1_174' title='bbox 881 2876 1061 2947; x_wconf 91' lang='lat' dir='ltr'><strong>mihi</strong></span> <span class='ocrx_word' id='word_1_175' title='bbox 1112 2875 1357 2970; x_wconf 89' lang='lat' dir='ltr'><strong>turpia</strong></span> <span class='ocrx_word' id='word_1_176' title='bbox 1421 2871 1619 2942; x_wconf 91' lang='lat' dir='ltr'><strong>dictu</strong></span> <span class='ocrx_word' id='word_1_177' title='bbox 1674 2865 2160 2954; x_wconf 80' lang='lat' dir='ltr'><strong>videbuntur3</strong></span> <span class='ocrx_word' id='word_1_178' title='bbox 2213 2889 2456 2962; x_wconf 90' lang='lat' dir='ltr'><strong>neque</strong></span> <span class='ocrx_word' id='word_1_179' title='bbox 2522 2864 2758 2934; x_wconf 89' lang='lat' dir='ltr'><strong>solum</strong></span> <span class='ocrx_word' id='word_1_180' title='bbox 2781 2916 2800 2949; x_wconf 91' lang='lat'>‚</span> 
     </span>
     <span class='ocr_line' id='line_1_24' title="bbox 666 2974 2798 3088; baseline -0.008 -28"><span class='ocrx_word' id='word_1_181' title='bbox 666 2987 845 3088; x_wconf 92' lang='lat' dir='ltr'><strong>quid</strong></span> <span class='ocrx_word' id='word_1_182' title='bbox 879 2989 1098 3057; x_wconf 88' lang='lat' dir='ltr'><strong>istum</strong></span> <span class='ocrx_word' id='word_1_183' title='bbox 1124 2983 1411 3070; x_wconf 89' lang='lat' dir='ltr'><strong>audire,</strong></span> <span class='ocrx_word' id='word_1_184' title='bbox 1451 3004 1710 3053; x_wconf 83' lang='lat' dir='ltr'><strong>verum</strong></span> <span class='ocrx_word' id='word_1_185' title='bbox 1747 2979 1961 3049; x_wconf 87' lang='lat' dir='ltr'><strong>etiam</strong></span> <span class='ocrx_word' id='word_1_186' title='bbox 1984 3030 2003 3063; x_wconf 94' lang='lat'><strong>,</strong></span> <span class='ocrx_word' id='word_1_187' title='bbox 2037 2975 2213 3073; x_wconf 90' lang='lat' dir='ltr'><strong>quid</strong></span> <span class='ocrx_word' id='word_1_188' title='bbox 2249 2999 2365 3045; x_wconf 92' lang='lat' dir='ltr'><strong>me</strong></span> <span class='ocrx_word' id='word_1_189' title='bbox 2403 2974 2656 3052; x_wconf 83' lang='lat' dir='ltr'><strong>deceat</strong></span> <span class='ocrx_word' id='word_1_190' title='bbox 2691 2974 2798 3044; x_wconf 91' lang='lat' dir='ltr'><strong>di-</strong></span> 
     </span>
    </p>
   </div>
   <div class='ocr_carea' id='block_1_3' title="bbox 666 3176 1695 4197">
    <p class='ocr_par' dir='ltr' id='par_1_4' title="bbox 666 3176 1691 3567">
     <span class='ocr_line' id='line_1_25' title="bbox 738 3176 1690 3244; baseline -0.013 -7"><span class='ocrx_word' id='word_1_191' title='bbox 738 3189 791 3237; x_wconf 84' lang='lat'><strong>6.</strong></span> <span class='ocrx_word' id='word_1_192' title='bbox 835 3188 1024 3235; x_wconf 84' lang='lat' dir='ltr'><strong>Ernest.</strong></span> <span class='ocrx_word' id='word_1_193' title='bbox 1063 3182 1263 3244; x_wconf 83' lang='lat' dir='ltr'><strong>conjicit</strong></span> <span class='ocrx_word' id='word_1_194' title='bbox 1307 3179 1481 3236; x_wconf 82' lang='lat' dir='ltr'><strong>aliud,·</strong></span> <span class='ocrx_word' id='word_1_195' title='bbox 1510 3176 1690 3226; x_wconf 77' lang='lat' dir='ltr'><strong>Schiitz</strong></span> 
     </span>
     <span class='ocr_line' id='line_1_26' title="bbox 666 3255 1691 3333; baseline -0.017 -15"><span class='ocrx_word' id='word_1_196' title='bbox 666 3268 866 3333; x_wconf 78' lang='lat' dir='ltr'><strong>recepit.</strong></span> <span class='ocrx_word' id='word_1_197' title='bbox 899 3267 948 3315; x_wconf 87' lang='lat' dir='ltr'><strong>J.</strong></span> <span class='ocrx_word' id='word_1_198' title='bbox 968 3262 1030 3311; x_wconf 80' lang='lat' dir='ltr'><strong>V.</strong></span> <span class='ocrx_word' id='word_1_199' title='bbox 1056 3261 1409 3324; x_wconf 75' lang='lat' dir='ltr'><strong>L.—-angatae</strong></span> <span class='ocrx_word' id='word_1_200' title='bbox 1437 3255 1691 3315; x_wconf 73' lang='lat' dir='ltr'><strong>standnm3</strong></span> 
     </span>
     <span class='ocr_line' id='line_1_27' title="bbox 666 3334 1691 3404; baseline -0.016 -6"><span class='ocrx_word' id='word_1_201' title='bbox 666 3348 792 3398; x_wconf 79' lang='lat' dir='ltr'><strong>illud</strong></span> <span class='ocrx_word' id='word_1_202' title='bbox 801 3347 929 3396; x_wconf 88' lang='lat' dir='ltr'><strong>enim</strong></span> <span class='ocrx_word' id='word_1_203' title='bbox 948 3341 1237 3404; x_wconf 81' lang='lat' dir='ltr'><strong>intelligitur</strong></span> <span class='ocrx_word' id='word_1_204' title='bbox 1254 3350 1438 3402; x_wconf 75' lang='lat' dir='ltr'><strong>tempus</strong></span> <span class='ocrx_word' id='word_1_205' title='bbox 1455 3351 1557 3398; x_wconf 90' lang='lat' dir='ltr'><strong>qno</strong></span> <span class='ocrx_word' id='word_1_206' title='bbox 1570 3334 1691 3383; x_wconf 77' lang='lat' dir='ltr'><strong>alins</strong></span> 
     </span>
     <span class='ocr_line' id='line_1_28' title="bbox 669 3414 1690 3487; baseline -0.017 -9"><span class='ocrx_word' id='word_1_207' title='bbox 669 3432 862 3478; x_wconf 70' lang='lat' dir='ltr'><strong>futurus</strong></span> <span class='ocrx_word' id='word_1_208' title='bbox 887 3435 960 3473; x_wconf 82' lang='lat' dir='ltr'><strong>est</strong></span> <span class='ocrx_word' id='word_1_209' title='bbox 985 3431 1190 3487; x_wconf 77' lang='lat' dir='ltr'><strong>proetor,</strong></span> <span class='ocrx_word' id='word_1_210' title='bbox 1230 3418 1314 3467; x_wconf 79' lang='lat' dir='ltr'><strong>alii</strong></span> <span class='ocrx_word' id='word_1_211' title='bbox 1336 3415 1558 3478; x_wconf 86' lang='lat' dir='ltr'><strong>jndices,</strong></span> <span class='ocrx_word' id='word_1_212' title='bbox 1585 3414 1624 3464; x_wconf 86' lang='lat' dir='ltr'><strong>i.</strong></span> <span class='ocrx_word' id='word_1_213' title='bbox 1646 3431 1690 3462; x_wconf 88' lang='lat' dir='ltr'><strong>e.</strong></span> 
     </span>
     <span class='ocr_line' id='line_1_29' title="bbox 667 3517 1069 3567; baseline -0.02 -12"><span class='ocrx_word' id='word_1_214' title='bbox 667 3522 822 3555; x_wconf 79' lang='lat' dir='ltr'><strong>annus</strong></span> <span class='ocrx_word' id='word_1_215' title='bbox 848 3517 1069 3567; x_wconf 82' lang='lat' dir='ltr'><strong>sequens.</strong></span> 
     </span>
    </p>

    <p class='ocr_par' dir='ltr' id='par_1_5' title="bbox 745 3574 1538 3646">
     <span class='ocr_line' id='line_1_30' title="bbox 745 3574 1538 3646; baseline -0.015 -13"><span class='ocrx_word' id='word_1_216' title='bbox 745 3602 794 3646; x_wconf 86' lang='lat'><strong>7.</strong></span> <span class='ocrx_word' id='word_1_217' title='bbox 820 3582 973 3632; x_wconf 58' lang='lat' dir='ltr'><strong>Credo</strong></span> <span class='ocrx_word' id='word_1_218' title='bbox 988 3616 1004 3638; x_wconf 91' lang='lat'>‚</span> <span class='ocrx_word' id='word_1_219' title='bbox 1034 3578 1091 3629; x_wconf 77' lang='lat' dir='ltr'><strong>si.</strong></span> <span class='ocrx_word' id='word_1_220' title='bbox 1116 3577 1310 3626; x_wconf 87' lang='lat' dir='ltr'><strong>Ironice</strong></span> <span class='ocrx_word' id='word_1_221' title='bbox 1335 3574 1538 3624; x_wconf 84' lang='lat' dir='ltr'><strong>dictum.</strong></span> 
     </span>
    </p>

    <p class='ocr_par' dir='ltr' id='par_1_6' title="bbox 670 3652 1694 3800">
     <span class='ocr_line' id='line_1_31' title="bbox 744 3652 1694 3713; baseline -0.014 -2"><span class='ocrx_word' id='word_1_222' title='bbox 744 3665 796 3713; x_wconf 79' lang='lat'><strong>8.</strong></span> <span class='ocrx_word' id='word_1_223' title='bbox 818 3664 981 3710; x_wconf 72' lang='lat' dir='ltr'><strong>Mem</strong></span> <span class='ocrx_word' id='word_1_224' title='bbox 1007 3657 1281 3707; x_wconf 78' lang='lat' dir='ltr'><strong>eonsilium.</strong></span> <span class='ocrx_word' id='word_1_225' title='bbox 1301 3652 1599 3703; x_wconf 82' lang='lat' dir='ltr'><strong>Omittendae</strong></span> <span class='ocrx_word' id='word_1_226' title='bbox 1621 3652 1694 3700; x_wconf 89' lang='lat' dir='ltr'><strong>ni·</strong></span> 
     </span>
     <span class='ocr_line' id='line_1_32' title="bbox 670 3737 1392 3800; baseline -0.014 -9"><span class='ocrx_word' id='word_1_227' title='bbox 670 3743 848 3791; x_wconf 78' lang='lat' dir='ltr'><strong>mirum</strong></span> <span class='ocrx_word' id='word_1_228' title='bbox 866 3737 1103 3788; x_wconf 77' lang='lat' dir='ltr'><strong>orationis</strong></span> <span class='ocrx_word' id='word_1_229' title='bbox 1128 3745 1392 3800; x_wconf 67' lang='lat' dir='ltr'><strong>perpetuae.</strong></span> 
     </span>
    </p>

    <p class='ocr_par' dir='ltr' id='par_1_7' title="bbox 666 3810 1695 4197">
     <span class='ocr_line' id='line_1_33' title="bbox 741 3810 1695 3884; baseline -0.01 -15"><span class='ocrx_word' id='word_1_230' title='bbox 741 3837 793 3884; x_wconf 89' lang='lat'><strong>9.</strong></span> <span class='ocrx_word' id='word_1_231' title='bbox 824 3818 901 3877; x_wconf 79' lang='lat' dir='ltr'><strong>Si,</strong></span> <span class='ocrx_word' id='word_1_232' title='bbox 928 3833 1079 3881; x_wconf 74' lang='lat' dir='ltr'><strong>quam</strong></span> <span class='ocrx_word' id='word_1_233' title='bbox 1104 3814 1251 3863; x_wconf 75' lang='lat' dir='ltr'><strong>diem.</strong></span> <span class='ocrx_word' id='word_1_234' title='bbox 1292 3812 1345 3860; x_wconf 86' lang='lat' dir='ltr'><strong>Si</strong></span> <span class='ocrx_word' id='word_1_235' title='bbox 1372 3827 1463 3875; x_wconf 73' lang='lat' dir='ltr'><strong>ego</strong></span> <span class='ocrx_word' id='word_1_236' title='bbox 1490 3811 1544 3858; x_wconf 90' lang='lat' dir='ltr'><strong>in</strong></span> <span class='ocrx_word' id='word_1_237' title='bbox 1569 3810 1695 3859; x_wconf 84' lang='lat' dir='ltr'><strong>illud</strong></span> 
     </span>
     <span class='ocr_line' id='line_1_34' title="bbox 669 3889 1692 3964; baseline -0.012 -16"><span class='ocrx_word' id='word_1_238' title='bbox 669 3912 862 3964; x_wconf 86' lang='lat' dir='ltr'><strong>tempus</strong></span> <span class='ocrx_word' id='word_1_239' title='bbox 890 3894 1194 3949; x_wconf 73' lang='lat' dir='ltr'><strong>incidissem,</strong></span> <span class='ocrx_word' id='word_1_240' title='bbox 1231 3889 1368 3955; x_wconf 85' lang='lat' dir='ltr'><strong>qnod</strong></span> <span class='ocrx_word' id='word_1_241' title='bbox 1385 3926 1401 3951; x_wconf 85' lang='lat'><strong>,</strong></span> <span class='ocrx_word' id='word_1_242' title='bbox 1432 3890 1485 3937; x_wconf 88' lang='lat' dir='ltr'><strong>in</strong></span> <span class='ocrx_word' id='word_1_243' title='bbox 1513 3889 1692 3938; x_wconf 84' lang='lat' dir='ltr'><strong>condi·</strong></span> 
     </span>
     <span class='ocr_line' id='line_1_35' title="bbox 669 3967 1693 4035; baseline -0.015 -7"><span class='ocrx_word' id='word_1_244' title='bbox 669 3977 887 4029; x_wconf 74' lang='lat' dir='ltr'><strong>tionibus</strong></span> <span class='ocrx_word' id='word_1_245' title='bbox 909 3989 997 4022; x_wconf 90' lang='lat' dir='ltr'><strong>seu</strong></span> <span class='ocrx_word' id='word_1_246' title='bbox 1024 3970 1253 4020; x_wconf 72' lang='lat' dir='ltr'><strong>clausulis</strong></span> <span class='ocrx_word' id='word_1_247' title='bbox 1280 3967 1502 4035; x_wconf 84' lang='lat' dir='ltr'><strong>pactioni</strong></span> <span class='ocrx_word' id='word_1_248' title='bbox 1530 3984 1693 4033; x_wconf 76' lang='lat' dir='ltr'><strong>appo-</strong></span> 
     </span>
     <span class='ocr_line' id='line_1_36' title="bbox 666 4047 1694 4123; baseline -0.016 -14"><span class='ocrx_word' id='word_1_249' title='bbox 666 4060 803 4118; x_wconf 83' lang='lat' dir='ltr'><strong>sitis,</strong></span> <span class='ocrx_word' id='word_1_250' title='bbox 838 4052 1158 4123; x_wconf 81' lang='lat' dir='ltr'><strong>providerunt</strong></span> <span class='ocrx_word' id='word_1_251' title='bbox 1183 4050 1216 4098; x_wconf 88' lang='lat' dir='ltr'><strong>ii</strong></span> <span class='ocrx_word' id='word_1_252' title='bbox 1238 4050 1326 4114; x_wconf 85' lang='lat' dir='ltr'><strong>qui</strong></span> <span class='ocrx_word' id='word_1_253' title='bbox 1337 4050 1504 4096; x_wconf 77' lang='lat' dir='ltr'><strong>Verris</strong></span> <span class='ocrx_word' id='word_1_254' title='bbox 1524 4063 1549 4094; x_wconf 81' lang='lat' dir='ltr'><strong>s</strong></span> <span class='ocrx_word' id='word_1_255' title='bbox 1565 4047 1694 4108; x_wconf 87' lang='lat' dir='ltr'><strong>jndi-</strong></span> 
     </span>
     <span class='ocr_line' id='line_1_37' title="bbox 666 4130 1692 4197; baseline -0.015 -7"><span class='ocrx_word' id='word_1_256' title='bbox 666 4141 747 4189; x_wconf 83' lang='lat' dir='ltr'><strong>cio</strong></span> <span class='ocrx_word' id='word_1_257' title='bbox 798 4131 1040 4187; x_wconf 73' lang='lat' dir='ltr'><strong>liberandi</strong></span> <span class='ocrx_word' id='word_1_258' title='bbox 1096 4130 1398 4197; x_wconf 69' lang='lat' dir='ltr'><strong>provinciam</strong></span> <span class='ocrx_word' id='word_1_259' title='bbox 1422 4162 1437 4189; x_wconf 93' lang='lat'>‚</span> <span class='ocrx_word' id='word_1_260' title='bbox 1490 4138 1692 4194; x_wconf 73' lang='lat' dir='ltr'><strong>accepta</strong></span> 
     </span>
    </p>
   </div>
   <div class='ocr_carea' id='block_1_4' title="bbox 1773 3176 2808 4178">
    <p class='ocr_par' dir='ltr' id='par_1_8' title="bbox 1773 3176 2804 3556">
     <span class='ocr_line' id='line_1_38' title="bbox 1778 3176 2802 3242; baseline -0.001 -17"><span class='ocrx_word' id='word_1_261' title='bbox 1778 3179 1983 3242; x_wconf 77' lang='lat' dir='ltr'><strong>pecunia</strong></span> <span class='ocrx_word' id='word_1_262' title='bbox 1999 3212 2013 3235; x_wconf 88' lang='lat'><strong>,</strong></span> <span class='ocrx_word' id='word_1_263' title='bbox 2048 3188 2395 3240; x_wconf 79' lang='lat' dir='ltr'><strong>susceperunt3</strong></span> <span class='ocrx_word' id='word_1_264' title='bbox 2426 3192 2579 3240; x_wconf 85' lang='lat' dir='ltr'><strong>quum</strong></span> <span class='ocrx_word' id='word_1_265' title='bbox 2606 3193 2661 3225; x_wconf 79' lang='lat' dir='ltr'><strong>ea</strong></span> <span class='ocrx_word' id='word_1_266' title='bbox 2698 3176 2802 3242; x_wconf 70' lang='lat' dir='ltr'><strong>lege</strong></span> 
     </span>
     <span class='ocr_line' id='line_1_39' title="bbox 1773 3256 2804 3320; baseline -0.001 -15"><span class='ocrx_word' id='word_1_267' title='bbox 1773 3256 1947 3317; x_wconf 83' lang='lat' dir='ltr'><strong>judicii</strong></span> <span class='ocrx_word' id='word_1_268' title='bbox 1972 3257 2335 3320; x_wconf 82' lang='lat' dir='ltr'><strong>corruptionem</strong></span> <span class='ocrx_word' id='word_1_269' title='bbox 2363 3257 2730 3319; x_wconf 86' lang='lat' dir='ltr'><strong>promitterent,</strong></span> <span class='ocrx_word' id='word_1_270' title='bbox 2760 3257 2804 3304; x_wconf 81' lang='lat' dir='ltr'><strong>si</strong></span> 
     </span>
     <span class='ocr_line' id='line_1_40' title="bbox 1780 3333 2798 3399; baseline -0.001 -15"><span class='ocrx_word' id='word_1_271' title='bbox 1780 3337 1840 3384; x_wconf 90' lang='lat' dir='ltr'><strong>de</strong></span> <span class='ocrx_word' id='word_1_272' title='bbox 1863 3340 2012 3384; x_wconf 84' lang='lat' dir='ltr'><strong>Verre</strong></span> <span class='ocrx_word' id='word_1_273' title='bbox 2034 3345 2149 3399; x_wconf 87' lang='lat' dir='ltr'><strong>post</strong></span> <span class='ocrx_word' id='word_1_274' title='bbox 2167 3333 2398 3381; x_wconf 76' lang='lat' dir='ltr'><strong>kalendas</strong></span> <span class='ocrx_word' id='word_1_275' title='bbox 2422 3334 2682 3399; x_wconf 80' lang='lat' dir='ltr'><strong>januarias,</strong></span> <span class='ocrx_word' id='word_1_276' title='bbox 2707 3336 2740 3382; x_wconf 90' lang='lat' dir='ltr'><strong>i.</strong></span> <span class='ocrx_word' id='word_1_277' title='bbox 2756 3351 2798 3384; x_wconf 90' lang='lat' dir='ltr'><strong>e.</strong></span> 
     </span>
     <span class='ocr_line' id='line_1_41' title="bbox 1778 3412 2800 3479; baseline -0.001 -15"><span class='ocrx_word' id='word_1_278' title='bbox 1778 3433 1909 3464; x_wconf 77' lang='lat' dir='ltr'><strong>anno</strong></span> <span class='ocrx_word' id='word_1_279' title='bbox 1941 3415 2161 3479; x_wconf 75' lang='lat' dir='ltr'><strong>sequenti</strong></span> <span class='ocrx_word' id='word_1_280' title='bbox 2190 3412 2510 3476; x_wconf 75' lang='lat' dir='ltr'><strong>judicaretur.</strong></span> <span class='ocrx_word' id='word_1_281' title='bbox 2541 3415 2663 3463; x_wconf 81' lang='lat' dir='ltr'><strong>vid.</strong></span> <span class='ocrx_word' id='word_1_282' title='bbox 2686 3418 2800 3463; x_wconf 77' lang='lat' dir='ltr'><strong>Act.</strong></span> 
     </span>
     <span class='ocr_line' id='line_1_42' title="bbox 1780 3497 1912 3556; baseline -0.008 -12"><span class='ocrx_word' id='word_1_283' title='bbox 1780 3500 1828 3556; x_wconf 92' lang='lat'><strong>1,</strong></span> <span class='ocrx_word' id='word_1_284' title='bbox 1862 3497 1912 3543; x_wconf 89' lang='lat'><strong>6.</strong></span> 
     </span>
    </p>

    <p class='ocr_par' dir='ltr' id='par_1_9' title="bbox 1781 3571 2806 3873">
     <span class='ocr_line' id='line_1_43' title="bbox 1858 3571 2806 3622; baseline 0 -2"><span class='ocrx_word' id='word_1_285' title='bbox 1858 3589 1933 3620; x_wconf 87' lang='lat'><strong>10.</strong></span> <span class='ocrx_word' id='word_1_286' title='bbox 1957 3571 2288 3620; x_wconf 80' lang='lat' dir='ltr'><strong>Redememne.</strong></span> <span class='ocrx_word' id='word_1_287' title='bbox 2306 3572 2662 3622; x_wconf 87' lang='lat' dir='ltr'><strong>Condnxerunt</strong></span> <span class='ocrx_word' id='word_1_288' title='bbox 2677 3584 2806 3620; x_wconf 71' lang='lat' dir='ltr'><strong>certa</strong></span> 
     </span>
     <span class='ocr_line' id='line_1_44' title="bbox 1783 3652 2803 3718; baseline -0.002 -17"><span class='ocrx_word' id='word_1_289' title='bbox 1783 3652 2014 3718; x_wconf 79' lang='lat' dir='ltr'><strong>pecnnia,</strong></span> <span class='ocrx_word' id='word_1_290' title='bbox 2046 3662 2100 3698; x_wconf 89' lang='lat' dir='ltr'><strong>nt</strong></span> <span class='ocrx_word' id='word_1_291' title='bbox 2112 3653 2289 3700; x_wconf 77' lang='lat' dir='ltr'><strong>Verres</strong></span> <span class='ocrx_word' id='word_1_292' title='bbox 2310 3653 2577 3717; x_wconf 88' lang='lat' dir='ltr'><strong>eriperetur</strong></span> <span class='ocrx_word' id='word_1_293' title='bbox 2603 3652 2803 3715; x_wconf 77' lang='lat' dir='ltr'><strong>legibus.</strong></span> 
     </span>
     <span class='ocr_line' id='line_1_45' title="bbox 1783 3730 2806 3796; baseline -0.001 -16"><span class='ocrx_word' id='word_1_294' title='bbox 1783 3733 1863 3781; x_wconf 87' lang='lat' dir='ltr'><strong>Sic</strong></span> <span class='ocrx_word' id='word_1_295' title='bbox 1890 3730 1954 3778; x_wconf 79' lang='lat' dir='ltr'><strong>sd</strong></span> <span class='ocrx_word' id='word_1_296' title='bbox 1980 3733 2082 3779; x_wconf 76' lang='lat' dir='ltr'><strong>Att.</strong></span> <span class='ocrx_word' id='word_1_297' title='bbox 2104 3734 2156 3779; x_wconf 90' lang='lat'><strong>1:</strong></span> <span class='ocrx_word' id='word_1_298' title='bbox 2183 3754 2209 3774; x_wconf 65' lang='grc' dir='ltr'><strong><em>κ</em></strong></span> <span class='ocrx_word' id='word_1_299' title='bbox 2227 3747 2329 3779; x_wconf 86' lang='lat' dir='ltr'><strong>rem</strong></span> <span class='ocrx_word' id='word_1_300' title='bbox 2353 3731 2484 3779; x_wconf 82' lang='lat' dir='ltr'><strong>illam</strong></span> <span class='ocrx_word' id='word_1_301' title='bbox 2511 3733 2806 3796; x_wconf 73' lang='lat' dir='ltr'><strong>redemptam</strong></span> 
     </span>
     <span class='ocr_line' id='line_1_46' title="bbox 1781 3807 2463 3873; baseline 0 -13"><span class='ocrx_word' id='word_1_302' title='bbox 1781 3829 1810 3860; x_wconf 81' lang='lat' dir='ltr'><strong>a</strong></span> <span class='ocrx_word' id='word_1_303' title='bbox 1833 3810 2083 3873; x_wconf 80' lang='lat' dir='ltr'><strong>judicibus</strong></span> <span class='ocrx_word' id='word_1_304' title='bbox 2107 3807 2403 3858; x_wconf 87' lang='lat' dir='ltr'><strong>confitentur</strong></span> <span class='ocrx_word' id='word_1_305' title='bbox 2418 3833 2463 3860; x_wconf 72' lang='lat' dir='ltr'><strong>a.</strong></span> 
     </span>
    </p>

    <p class='ocr_par' dir='ltr' id='par_1_10' title="bbox 1780 3889 2807 4032">
     <span class='ocr_line' id='line_1_47' title="bbox 1858 3889 2807 3954; baseline -0.002 -16"><span class='ocrx_word' id='word_1_306' title='bbox 1858 3893 1974 3941; x_wconf 77' lang='grc' dir='ltr'><strong>ΧΠ.</strong></span> <span class='ocrx_word' id='word_1_307' title='bbox 2005 3905 2047 3938; x_wconf 85' lang='lat'><strong>1.</strong></span> <span class='ocrx_word' id='word_1_308' title='bbox 2071 3892 2269 3937; x_wconf 78' lang='lat' dir='ltr'><strong>Actum.</strong></span> <span class='ocrx_word' id='word_1_309' title='bbox 2286 3889 2490 3937; x_wconf 83' lang='lat' dir='ltr'><strong>Partem.</strong></span> <span class='ocrx_word' id='word_1_310' title='bbox 2518 3889 2807 3954; x_wconf 79' lang='lat' dir='ltr'><strong>Metaphora</strong></span> 
     </span>
     <span class='ocr_line' id='line_1_48' title="bbox 1780 3969 2330 4032; baseline -0.011 -12"><span class='ocrx_word' id='word_1_311' title='bbox 1780 3988 1808 4020; x_wconf 87' lang='lat' dir='ltr'><strong>e</strong></span> <span class='ocrx_word' id='word_1_312' title='bbox 1839 3971 2029 4019; x_wconf 76' lang='lat' dir='ltr'><strong>theatro</strong></span> <span class='ocrx_word' id='word_1_313' title='bbox 2061 3969 2330 4032; x_wconf 79' lang='lat' dir='ltr'><strong>desumpta.</strong></span> 
     </span>
    </p>

    <p class='ocr_par' dir='ltr' id='par_1_11' title="bbox 1855 4044 2667 4111">
     <span class='ocr_line' id='line_1_49' title="bbox 1855 4044 2667 4111; baseline -0.007 -12"><span class='ocrx_word' id='word_1_314' title='bbox 1855 4066 1902 4099; x_wconf 79' lang='lat'><strong>2.</strong></span> <span class='ocrx_word' id='word_1_315' title='bbox 1930 4051 2010 4096; x_wconf 77' lang='lat' dir='ltr'><strong>Ex</strong></span> <span class='ocrx_word' id='word_1_316' title='bbox 2036 4065 2114 4096; x_wconf 87' lang='lat' dir='ltr'><strong>eo.</strong></span> <span class='ocrx_word' id='word_1_317' title='bbox 2146 4049 2334 4111; x_wconf 86' lang='lat' dir='ltr'><strong>Nempe</strong></span> <span class='ocrx_word' id='word_1_318' title='bbox 2351 4046 2520 4094; x_wconf 75' lang='lat' dir='ltr'><strong>Verris</strong></span> <span class='ocrx_word' id='word_1_319' title='bbox 2545 4044 2667 4094; x_wconf 81' lang='lat' dir='ltr'><strong>filio.</strong></span> 
     </span>
    </p>

    <p class='ocr_par' dir='ltr' id='par_1_12' title="bbox 1853 4125 2808 4178">
     <span class='ocr_line' id='line_1_50' title="bbox 1853 4125 2808 4178; baseline -0.004 0"><span class='ocrx_word' id='word_1_320' title='bbox 1853 4130 1899 4178; x_wconf 82' lang='lat'><strong>3.</strong></span> <span class='ocrx_word' id='word_1_321' title='bbox 1921 4126 2179 4176; x_wconf 74' lang='lat' dir='ltr'><strong>Produaeit.</strong></span> <span class='ocrx_word' id='word_1_322' title='bbox 2193 4128 2389 4176; x_wconf 85' lang='lat' dir='ltr'><strong>Genuit.</strong></span> <span class='ocrx_word' id='word_1_323' title='bbox 2411 4125 2651 4176; x_wconf 66' lang='lat' dir='ltr'><strong>subaudit</strong></span> <span class='ocrx_word' id='word_1_324' title='bbox 2671 4127 2808 4175; x_wconf 77' lang='lat' dir='ltr'><strong>Man.</strong></span> 
     </span>
    </p>
   </div>
  </div>
 </body>
</html>
