3044 4788
563 345 700 416 218
1185 346 1280 412 M.
1333 347 1410 412 T.
1464 344 2030 414 CICERONIS

557 491 755 538 cesse
789 465 1217 537 alterutrum
1249 491 1266 534 ε
1306 463 1430 535 sed
1468 490 1606 563 ego
1634 479 1876 537 tecum
1906 464 1985 533 in
2012 487 2103 534 eo
2124 487 2276 536 non
2307 463 2655 560 pugnabo
2674 520 2693 548 ,

552 601 705 674 quo
741 577 1018 662 minus,
1056 587 1305 644 utrum
1338 574 1511 647 velis
1533 630 1553 662 ,
1588 575 1829 674 eligas.
1861 572 2093 664 Quid,
2133 575 2194 646 si
2217 569 2246 614 ⁵
2283 598 2375 645 ne
2412 573 2691 669 injuriae

552 685 848 783 quidem
871 738 891 772 ,
914 708 1077 781 quae
1094 682 1229 756 tibi
1254 683 1489 756 abillo
1517 684 1701 758 facta
1725 688 1847 776 sit,
1873 709 2087 758 causa
2104 685 2479 757 remanet?
2505 685 2689 781 quid

553 794 811 882 habeS,
857 794 1060 891 quod
1107 797 1336 893 possis
1385 795 1666 883 dicere,
1713 796 2197 895 quamobrem
2251 821 2403 867 non
2463 795 2688 867 modo

553 905 770 989 mihi,
797 905 926 976 sed
955 906 1295 1003 cuiquam
1325 909 1815 1006 anteponare?
1844 908 1981 978 nisi
2017 904 2206 978 forte
2242 904 2420 977 illud
2438 959 2458 992 ‚
2484 903 2687 1002 quod

553 1013 918 1087 dicturum
961 1030 1030 1087 te
1066 1042 1219 1089 esse
1254 1018 1503 1107 audi0,
1535 1035 1967 1117 quaestorem
2007 1018 2194 1089 illius
2232 1016 2470 1090 fuisse.
2507 1021 2687 1108 Qum

549 1149 763 1197 causa
803 1129 1035 1223 gravis
1077 1142 1300 1216 esset,
1341 1131 1401 1200 si
1438 1144 1747 1200 certares
1783 1152 2068 1200 mecum
2092 1184 2112 1214 ,
2155 1144 2317 1199 uter
2356 1141 2681 1198 nostrum

547 1237 652 1307 illi
687 1238 984 1308 amicior
1011 1263 1164 1310 esse
1195 1238 1498 1310 deberet
1531 1268 1546 1309 :
1582 1241 1660 1309 in
1694 1241 2162 1310 contentione
2199 1235 2683 1336 suscipienda-

550 1370 713 1418 rum
744 1347 1318 1431 inimicitiarum,
1344 1347 1733 1419 ridiculum
1766 1363 1876 1417 est
1910 1364 2198 1446 putare,
2227 1372 2509 1418 causam
2555 1372 2683 1418 ne-

546 1457 1000 1528 cessitudinis
1040 1457 1134 1528 ad
1176 1455 1637 1538 inferendum
1693 1456 2098 1554 periculum
2139 1458 2407 1553 justam
2457 1456 2685 1527 videri

549 1581 908 1662 oportere.
954 1568 1235 1637 Etenim
1259 1620 1279 1653 ‚
1326 1568 1389 1635 si
1431 1566 1778 1663 plurimas
1809 1590 1849 1636 a
1883 1580 2013 1636 tuo
2058 1580 2362 1662 praetore
2393 1565 2685 1660 injurias

547 1679 940 1774 accepisses
959 1704 979 1763 ;
1001 1691 1245 1746 tamen
1266 1700 1386 1747 eas
1405 1674 1736 1762 ferendo,
1756 1677 2103 1772 majorem
2123 1674 2411 1750 laudem
2424 1730 2444 1761 ,
2463 1700 2683 1773 quam

547 1783 988 1871 ulciscendO,
1017 1809 1413 1856 mererere:
1444 1809 1676 1881 quum
1706 1809 1877 1855 vero
1909 1784 2193 1855 nullum
2223 1784 2411 1854 illius
2441 1786 2514 1853 in
2542 1785 2683 1854 vita

544 1897 811 1967 rectius
838 1892 1108 1965 factum
1134 1897 1249 1983 sit,
1272 1919 1486 1991 quam
1514 1893 1612 1981 id,
1641 1894 1843 1992 quod
1866 1910 1950 1966 tu
1970 1895 2306 1991 injuriam
2331 1894 2683 1991 appellas;

546 2003 623 2073 hi
658 2015 1014 2090 statuent,
1059 2003 1247 2075 hanc
1297 2027 1626 2092 causam,
1667 2029 1886 2102 quam
1928 2030 2021 2076 ne
2064 2006 2141 2075 in
2194 2004 2336 2075 alio
2387 2003 2683 2099 quidem

548 2110 983 2210 probarent,
1011 2114 1087 2183 in
1126 2128 1198 2185 te
1216 2113 1483 2209 justam
1511 2114 1604 2185 ad
1635 2114 2240 2194 necessitudinem
2277 2114 2682 2185 violandam

546 2220 815 2292 videri?
841 2224 1003 2320 qui,
1035 2225 1094 2295 si
1124 2249 1484 2296 summam
1522 2226 1863 2322 injuriam
1893 2226 2136 2297 abillo
2171 2226 2546 2323 accepisti,
2574 2240 2682 2295 ta-

547 2357 759 2421 men,
809 2338 1160 2433 quoniam
1204 2349 1521 2433 quaestor
1572 2337 1727 2433 ejus
1770 2334 2009 2424 fuisti,
2068 2361 2214 2407 non
2254 2350 2464 2433 potes
2513 2360 2679 2409 eum

546 2446 701 2521 sine
721 2445 866 2516 ulla
887 2447 1421 2545 vituperatione
1441 2471 1776 2519 accusare
1797 2472 1817 2534 ς
1838 2448 1898 2518 si
1921 2472 2096 2518 vero
2122 2445 2319 2517 nulla
2338 2444 2474 2515 tibi
2500 2443 2683 2517 facta

545 2568 654 2627 est
680 2555 966 2650 injuria,
995 2558 1150 2628 sine
1168 2556 1440 2629 scelere
1466 2581 1630 2629 eum
1653 2580 1985 2628 accusare
2014 2582 2167 2627 non
2189 2571 2416 2654 potes.
2440 2559 2684 2648 Quare

467 2716 470 2719 ι
542 2690 775 2762 quum
806 2669 1166 2737 incertum
1194 2667 1286 2737 sit
1312 2665 1403 2737 de
1433 2667 1726 2761 injuria,
1752 2690 2194 2764 quemquam
2225 2690 2380 2737 esse
2416 2664 2680 2736 horum

547 2790 795 2872 putaS,
838 2777 969 2871 qui
1018 2802 1168 2847 non
1218 2777 1450 2864 malit,
1506 2791 1577 2846 te
1615 2776 1769 2847 sine
1811 2772 2410 2873 vituperatione⁶‚
2460 2800 2680 2870 quam

547 2908 714 2956 cum
758 2884 1025 2957 scelere
1062 2885 1476 2958 discedere?

641 3000 825 3073 XIX.
856 3000 957 3067 Ac
984 2995 1148 3068 vide
1171 3008 1224 3085 ¹,
1251 2994 1428 3094 quid
1461 2992 1749 3073 differat
1778 2997 1968 3074 inter
1991 3020 2227 3071 meam
2258 2995 2680 3092 opinionem

543 3130 625 3179 ac
659 3121 882 3177 tuam.
927 3113 1075 3194 Tu,
1103 3110 1334 3202 quum
1371 3101 1712 3174 omnibus
1762 3103 1981 3176 rebus
2028 3104 2330 3177 inferior
2377 3106 2510 3190 sis,
2549 3103 2687 3173 hac

547 3243 694 3291 una
714 3220 787 3288 in
808 3243 887 3289 re
910 3232 979 3289 te
996 3228 1024 3258 ²
1057 3216 1234 3287 mihi
1254 3212 1594 3285 anteferri
1615 3228 1826 3310 putas
1858 3230 2230 3314 oportere,
2265 3214 2464 3312 quod
2487 3239 2682 3313 quae·

617 3431 669 3479 5.
699 3430 833 3493 Quid
856 3430 914 3480 si.
935 3430 1073 3495 Quid
1094 3430 1206 3489 erit,
1233 3429 1277 3476 si
1299 3428 1392 3477 iota
1418 3444 1569 3492 pecu-
1657 3442 1754 3488 est3
1789 3433 1831 3478 si
1852 3447 2051 3479 accusas
2068 3465 2085 3491 ,
2103 3446 2257 3495 quum
2282 3431 2386 3491 qius
2410 3430 2463 3476 iu
2490 3440 2538 3477 te
2562 3428 2687 3490 iniu-

545 3509 626 3556 nia
654 3508 740 3555 tibi
766 3509 1017 3575 adempta,
1053 3520 1223 3573 postea
1249 3524 1275 3555 a
1296 3511 1449 3555 Verre
1476 3507 1569 3555 tibi
1656 3510 1725 3555 ria
1765 3509 1830 3557 sit
1855 3511 2036 3558 incerta
2055 3544 2069 3567 ,
2110 3509 2335 3558 homines
2361 3507 2518 3555 scelus
2566 3523 2594 3555 a
2634 3517 2683 3553 te

547 3586 738 3636 reddita
763 3599 851 3636 cst.
888 3588 1040 3649 Quod
1066 3589 1107 3636 ai
1131 3589 1310 3635 Verres
1340 3603 1445 3634 eam
1483 3602 1567 3651 pe·
1657 3588 1897 3635 committi
1915 3589 2292 3638 arbitrabuntur.

546 3666 741 3714 cuniam
766 3665 831 3714 ad
858 3662 1098 3715 terimus
1130 3664 1406 3723 transtulit,
1440 3664 1568 3725 inju-
1725 3660 1871 3709 XII.
1898 3676 1945 3708 1.
1964 3661 2117 3725 Vulg.
2160 3662 2234 3708 Ae
2259 3658 2395 3708 vide.
2440 3656 2536 3707 Sed
2572 3672 2683 3720 quae

543 3744 629 3793 rin
666 3761 809 3797 causa
850 3761 953 3794 non
991 3756 1220 3803 remanet.
1256 3745 1384 3795 satin
1420 3744 1571 3793 habet
1658 3752 1929 3805 sequuntur
1971 3756 2075 3789 non
2117 3748 2444 3804 opponuntur
2483 3749 2683 3786 antece-

544 3833 710 3875 orator
739 3824 930 3885 iudice·
971 3825 1214 3885 conjicere
1257 3825 1320 3874 de
1363 3826 1570 3891 pecunia
1659 3821 1903 3869 dentibus.
1942 3821 2195 3871 Meliorem
2239 3834 2357 3881 crgo
2397 3817 2685 3875 lectionem,

545 3901 746 3953 Caecilio
773 3901 885 3955 data
905 3939 921 3965 ‚
952 3915 1036 3951 aut
1063 3920 1164 3952 non
1188 3904 1318 3954 data.
1652 3903 1751 3961 jam
1793 3919 1819 3949 a
1857 3902 2096 3951 Lambino
2132 3909 2476 3962 praesumptam
2495 3932 2508 3953 ‚
2547 3896 2685 3944 dedit

614 3982 665 4031 6.
682 3982 795 4029 Sine
814 3982 1191 4048 vituperatione.
1215 3985 1266 4031 Si
1296 3999 1395 4030 non
1423 4000 1565 4030 accu-
1656 3981 1816 4030 Lali-e
1833 3984 1955 4031 MSS
1979 3981 2150 4042 regiis,
2179 3989 2229 4025 ct
2254 3987 2366 4040 pust
2394 3991 2504 4023 enm
2530 3974 2679 4023 Beck..

543 4078 618 4110 sas
644 4074 902 4127 praetorem
928 4075 1063 4113 tuum
1081 4098 1095 4123 ,
1114 4064 1410 4127 vituperatio
1430 4063 1563 4111 nulla
1731 4076 1776 4107 α.
1820 4063 1881 4105 Tc
1907 4075 1933 4105 e
1961 4057 2107 4106 codd.
2133 4056 2344 4105 restituit
2366 4058 2528 4104 θυι-ων.
