3044 4788
664 354 808 436 410
1304 352 1400 419 M.
1452 352 1529 418 T.
1585 349 2171 420 CICERONIS

662 475 813 546 haec
842 473 1219 572 cognovit,
1238 498 1459 569 quam
1488 485 1607 559 tu,
1635 471 2001 558 Hortensi,
2020 473 2149 568 qui
2173 472 2416 540 Romoe
2443 467 2703 541 fuisti?
2727 471 2832 541 ad

660 610 883 683 quem
918 586 1059 656 Dio
1095 580 1464 680 confugit?
1497 584 1627 679 qui
1665 581 1757 652 de
1786 583 2040 652 Dionis
2076 580 2357 675 injuriis
2389 583 2828 677 gravissime

661 720 793 794 per
820 695 1059 768 literas
1085 718 1252 764 cum
1275 697 1499 764 Verre
1527 706 1831 790 questus
1858 691 1978 763 es?
2012 694 2217 763 Nova
2244 688 2377 761 tibi
2410 688 2565 761 haec
2592 706 2782 761 sunt
2807 745 2824 769 .

661 820 734 876 et
762 804 1176 902 inopinata?
1206 826 1403 873 nunc
1431 803 1752 899 primum
1789 800 1931 872 hoc
1957 826 2167 872 aures
2205 816 2346 871 tuae
2381 801 2665 871 crimen
2700 826 2824 871 ac-

660 914 986 1013 cipiunt?
1026 911 1219 984 Nihil
1254 935 1343 983 ex
1377 913 1618 984 Dione
1641 924 1661 958 ¹
1674 910 1728 997 3,
1767 910 1948 983 nihil
1980 936 2070 983 ex
2103 934 2317 983 soem
2343 927 2505 999 tua,
2539 909 2821 983 femina

659 1025 997 1123 primaria
1018 1077 1037 1109 ‚
1096 1021 1386 1093 Servilia
1413 1078 1433 1111 ‚
1493 1038 1739 1094 vetere
1796 1023 2054 1094 Dionis
2106 1020 2434 1119 hospita,
2486 1023 2756 1092 audisti
2789 1025 2822 1090 Ρ

659 1138 921 1206 Nonne
943 1131 1170 1204 multa
1197 1134 1341 1204 mei
1366 1147 1583 1204 testes
1603 1188 1623 1221 ‚
1646 1158 1809 1230 quoe
1835 1148 1916 1204 tu
1941 1133 2076 1204 scis
2095 1186 2114 1220 ,
2140 1133 2516 1202 nesciunt?
2542 1135 2820 1202 Nonne

663 1257 736 1313 te
785 1242 964 1313 mihi
1013 1258 1268 1316 testem
1306 1245 1380 1314 in
1418 1244 1564 1315 hoc
1599 1244 1900 1314 crimine
1942 1243 2210 1340 eripuit
2255 1267 2408 1312 non
2449 1242 2662 1311 istius
2697 1242 2818 1310 in-

660 1354 999 1425 nocentia
1021 1408 1041 1441 ,
1102 1353 1229 1425 sed
1281 1354 1458 1451 legis
1487 1356 1549 1404 ¹4
1592 1353 1966 1451 exceptio?
2019 1359 2459 1425 Tim-moun
2509 1356 2605 1421 Μ.
2664 1356 2816 1421 Lu-

655 1489 897 1551 ctum,
927 1468 1209 1536 Canon}
1231 1517 1251 1552 ‚
1288 1467 1570 1536 Diouis.

751 1579 877 1646 lx.
892 1577 1170 1646 Satisne
1190 1574 1397 1647 vobis
1417 1598 1754 1671 magnam
1779 1574 2165 1673 pecuniam
2181 1571 2538 1642 Venerius
2556 1569 2814 1655 homo,

658 1686 790 1783 qui
839 1710 880 1757 e
919 1685 1336 1758 Chelidonis
1376 1687 1544 1757 sinu
1580 1687 1656 1755 in
1696 1686 2138 1782 provinciam
2178 1679 2545 1778 profectus
2582 1696 2811 1763 esset,

658 1798 960 1868 Veneris
1012 1796 1305 1867 nomine
1349 1797 1690 1892 quaesisse
1741 1792 2073 1865 videtur?
2113 1794 2433 1890 Accipite
2476 1791 2693 1862 aliam
2735 1793 2811 1860 in

660 1909 941 1978 minore
976 1909 1285 2004 pecunia
1322 1931 1472 1976 non
1509 1908 1753 1975 minus
1797 1904 2300 2002 impudentem
2345 1901 2809 1973 calumniam.

658 2019 1006 2114 Sosippus
1029 2031 1102 2087 et
1130 2018 1495 2114 Epicrates
1515 2015 1770 2087 fratres
1797 2029 1973 2086 sunt
1996 2016 2498 2112 Agyrinenses,
2525 2019 2804 2083 Horum

660 2140 869 2221 pater
896 2122 1163 2196 abhinc
1203 2125 1354 2196 duo
1391 2140 1462 2197 et
1506 2152 1600 2196 xx
1639 2149 1872 2195 annos
1907 2137 2017 2195 est
2058 2136 2438 2194 mortuus:
2478 2124 2549 2193 in
2595 2124 2809 2219 cujus

665 2245 1127 2319 testamento,
1155 2233 1476 2331 quodam
1506 2235 1668 2305 loco
1686 2288 1706 2321 ‚
1737 2236 1796 2304 si
1826 2235 2290 2305 commissum
2317 2243 2340 2275 ¹
2374 2233 2552 2329 quid
2583 2247 2807 2317 esset,

658 2340 887 2413 multa
923 2358 1075 2416 erat
1095 2347 1389 2417 Veneri.
1438 2349 1654 2443 Ipso²
1693 2366 1790 2416 xx
1826 2369 2062 2432 anno,
2109 2368 2340 2440 quum
2385 2358 2493 2414 tot
2529 2345 2805 2415 interea

662 2467 1005 2548 praetores
1029 2510 1048 2542 ‚
1100 2470 1213 2527 tot
1262 2471 1695 2554 quaestores,
1762 2469 1876 2527 tot
1918 2453 2474 2527 calumniatores
2515 2456 2592 2525 in
2634 2480 2802 2552 pro-

655 2563 885 2634 vincia
910 2562 1249 2653 fuissent,
1275 2565 1637 2636 hereditas
1660 2565 1751 2636 ab
1783 2565 1896 2637 his
1927 2567 2230 2637 Veneris
2252 2567 2551 2637 nornine
2583 2570 2800 2663 petita

657 2689 786 2744 est.
833 2679 1139 2746 Causam
1162 2672 1190 2718 ³
1222 2680 1484 2747 Verres
1512 2678 1887 2773 cognoscit
1915 2703 1931 2745 :
1968 2677 2348 2773 pecuniam
2387 2700 2518 2774 per
2540 2675 2797 2746 Volca-

663 2787 878 2855 tium⁴
919 2786 1210 2882 accipit,
1240 2784 1390 2858 fere
1419 2785 1510 2857 ad
1540 2791 1688 2856 H-S
1725 2810 1898 2857 cccc
1930 2785 2175 2874 millia,
2200 2784 2293 2857 ab
2331 2785 2625 2857 (luobus
2659 2784 2799 2855 fra·

658 2892 913 2964 tribus.
961 2896 1360 2967 Multorum
1406 2897 1813 2967 testimonia
1857 2894 2156 2968 audistis
2190 2910 2422 2966 antea.
2452 2898 2800 2967 vicerunt

655 3109 888 3178 Lucullus
908 3131 1215 3182 Macedonioe
1235 3135 1432 3198 praefuit
1445 3168 1461 3192 ‚
1486 3145 1538 3181 et
1553 3150 1613 3183 ex
1629 3150 1683 3181 ea

654 3209 976 3276 triumphavit
987 3214 1053 3260 A.
1067 3215 1132 3262 U.
1149 3214 1270 3262 682.

735 3291 816 3339 13.
839 3293 913 3339 Ita
931 3291 1081 3340 codd.
1108 3292 1272 3342 Nann.
1292 3303 1342 3340 et
1368 3291 1560 3341 Meton.
1586 3310 1686 3342 me·
1774 3295 1998 3356 [ongum
2034 3292 2270 3355 tempoli·
2301 3291 2398 3339 hoe
2436 3292 2650 3356 spatium
2688 3307 2803 3355 pro-

652 3367 750 3418 lius
764 3386 909 3434 quem
930 3371 1028 3420 «de
1050 3373 1230 3433 Dione,
1246 3374 1306 3421 de
1323 3389 1467 3422 socru
1486 3393 1529 3431 ι,
1548 3374 1685 3438 quod
1772 3384 1937 3438 pterea
1961 3382 2099 3435 urget
2122 3371 2320 3428 Cicero,
2351 3386 2455 3418 non
2489 3380 2546 3417 ut
2568 3371 2800 3433 pnescn‘-

655 3458 772 3496 vett.
793 3450 977 3500 habent
1002 3451 1259 3503 editiones.
1301 3457 1411 3503 Jam
1445 3455 1684 3503 Gruterus
1766 3463 1903 3518 paam
1926 3452 2179 3509 ostendat,
2199 3466 2351 3514 quum
2373 3461 2626 3515 perpetuae
2641 3462 2799 3497 essent

655 3536 944 3579 mutaverat.
971 3533 1021 3581 J.
1042 3533 1105 3582 V.
1132 3534 1188 3581 L.
1771 3548 1841 3580 eae
1865 3533 2105 3588 actionem
2125 3532 2212 3580 sed
2226 3542 2283 3579 ut
2301 3531 2480 3596 probet
2499 3531 2627 3577 hanc
2648 3531 2799 3577 actio-

1845 3149 1896 3182 n.
1927 3132 2061 3181 olim
2090 3135 2230 3197 Ipsos
2261 3135 2366 3180 XX
2385 3149 2573 3183 annos.
2592 3169 2606 3181 .
2622 3133 2799 3196 ,μετέω

1772 3228 1872 3260 non
1897 3224 1983 3262 eet.
2015 3212 2249 3262 Defendit
2276 3212 2448 3261 Lemb-
2474 3215 2526 3261 J.
2545 3214 2610 3260 V.
2648 3214 2709 3260 1..
2733 3239 2802 3249 —-

734 3613 811 3661 τι..
834 3609 974 3673 Legis
1003 3611 1242 3672 exceptio.
1285 3612 1396 3673 Qua
1431 3612 1687 3661 vetabatur

654 3696 908 3733 aecusator
920 3688 986 3734 rei
1000 3699 1260 3752 patronum
1279 3691 1331 3737 in
1353 3690 1683 3740 testimonium

656 3778 849 3811 vocare.
968 3809 973 3820 ,

727 3844 819 3891 IX.
853 3857 901 3890 ι.
939 3843 995 3890 Se·
1027 3846 1346 3897 commissum.
1370 3848 1422 3896 si
1447 3848 1571 3911 quid
1599 3850 1683 3897 he·

657 3920 794 3970 redes
839 3923 1062 3972 fecissent
1105 3935 1302 3986 contra,
1350 3943 1497 3991 quam
1537 3939 1683 3976 testa·

657 4013 825 4050 mento
858 4015 1051 4052 cautum
1080 4016 1234 4064 esset3
1264 4007 1491 4066 multam,
1520 4024 1681 4072 poenae

657 4082 879 4140 nomine,
893 4082 1071 4133 Veneri
1092 4085 1279 4133 solvere
1295 4086 1610 4148 jubebantur.

1772 3627 1883 3659 nem
1910 3628 1972 3658 ex
1997 3611 2152 3658 solius
2163 3612 2332 3660 Verris
2358 3610 2671 3673 instigatione
2687 3625 2794 3656 sus·

1771 3700 1964 3754 ceptam
1990 3707 2110 3739 esse.

1844 3770 1894 3816 3.
1939 3769 2154 3818 Causam
2198 3767 2334 3816 abest
2374 3783 2403 3815 a
2440 3767 2557 3816 cod.
2594 3767 2794 3816 Metelli.

1806 3850 1894 3898 .V.
1966 3883 1978 3894 .

1770 3851 1802 3897 J
1844 3937 1895 3984 4.
1924 3851 2219 3974 alentium.
2251 3929 2298 3973 Is
2337 3937 2439 3973 erat
2486 3927 2548 3973 de
2594 3926 2793 3973 cohorte

1771 4007 1997 4072 pretoria
2018 4042 2035 4066 ,
2072 4023 2220 4071 eques
2245 4022 2492 4055 romanus.
2521 4005 2792 4055 Comitibus

1772 4087 1873 4134 suis
1885 4088 2091 4150 Verres,
2107 4087 2245 4150 quasi
2274 4085 2603 4149 sequestribus
2627 4084 2794 4132 uteba·
