3044 4788
700 445 831 512 DE
877 442 1356 513 PRAETORE
1406 440 1606 512 PRO
1624 442 2121 517 VINCIALI.
2337 438 2476 519 515

350 563 635 627 fuerunt.
677 563 776 625 Illi
812 562 973 644 alas,
1017 563 1089 625 hi
1131 577 1496 628 turmarum
1538 563 1833 629 decurias
1877 565 2224 633 ducebant.
2278 570 2482 636 Erant

350 684 653 756 proeterea
687 664 1083 755 praefecturae
1126 669 1192 730 in
1230 666 1519 732 exercitu
1562 671 1699 733 aliae
1742 672 2001 735 multoe:
2049 671 2334 759 praefecti
2379 699 2486 740 ca·

350 788 671 854 strorum3
707 773 988 861 praefecti
1023 787 1472 854 evocatorum;
1508 774 1793 862 praefecti
1839 776 2096 840 fabrum
2143 778 2319 866 apud
2364 802 2486 845 au·

349 895 561 946 ctores
594 879 1017 942 celebrantur:
1046 880 1262 964 Atque
1282 877 1398 941 has
1423 878 1687 965 quidem
1724 903 1952 945 omnes
1981 883 2065 947 ab
2099 882 2486 972 imperatore

349 983 587 1048 delatas
620 983 815 1048 fuisse
843 983 1162 1048 existimo,
1193 983 1494 1046 Declarat
1530 985 1727 1050 Corn.
1757 987 2014 1075 Nepos,
2060 989 2128 1052 in
2156 993 2287 1055 Att.
2323 1014 2379 1056 c.
2408 995 2484 1076 6,

347 1110 554 1177 quum
588 1090 812 1154 scribit
844 1090 1134 1154 Atticum
1175 1088 1534 1152 multorum
1570 1093 1948 1175 consulum,
1998 1111 2485 1186 praetorumque

347 1198 754 1285 praefecturas
794 1194 1030 1259 delatas
1071 1195 1164 1257 sic
1195 1195 1544 1281 accepisse,
1580 1210 1656 1260 ut
1691 1200 2019 1263 neminem
2053 1201 2120 1264 in
2155 1204 2486 1290 provincia

346 1316 744 1389 sequeretur.
784 1296 870 1363 Et
900 1300 1161 1375 Cicero,
1191 1299 1367 1363 lib.V
1398 1298 1478 1363 ad
1509 1301 1639 1364 Att.
1665 1301 1853 1389 epist.
1886 1303 2003 1368 ult.
2033 1336 2058 1360 «ι
2078 1300 2374 1396 Scaptius
2400 1311 2485 1375 ad

348 1431 453 1471 me
482 1408 546 1470 in
583 1423 787 1470 castra
819 1406 999 1470 venit
1000 1452 1108 1470 .....
1134 1408 1587 1494 praefecturam
1615 1408 1860 1496 petivit.
1895 1409 2139 1500 Negavi
2181 1437 2288 1478 me
2333 1418 2478 1481 cui-

348 1534 543 1601 quam
576 1510 930 1601 negotianti
962 1511 1175 1576 dare».

433 1619 640 1682 Usum
696 1618 1225 1707 praefecturarum
1301 1618 1499 1683 alium
1565 1620 1761 1684 etiam
1824 1620 2065 1687 indicat
2115 1624 2484 1712 Manutius,

347 1746 554 1811 quum
598 1723 681 1787 ad
729 1724 909 1786 hunc
959 1723 1179 1786 locum
1219 1723 1547 1788 Ciceronis
1596 1723 1777 1788 addit
1808 1726 2370 1806 jurisdictionem:
2420 1750 2488 1797 et

347 1831 532 1918 epist.
572 1853 597 1892 1
639 1829 747 1892 lib.
763 1829 853 1892 Vl
866 1877 884 1910 ,
929 1828 1010 1892 ad
1057 1829 1194 1892 haec
1235 1829 1465 1911 verba,
1502 1859 1530 1885 κ
1552 1828 1713 1917 quid
1744 1829 1955 1895 dicam
1993 1831 2074 1896 de
2111 1833 2281 1899 illius
2315 1860 2483 1925 prae-

346 1932 572 2000 fectis?
600 1937 741 2016 jus,
763 1935 999 2022 inquit,
1024 1934 1091 1997 in
1128 1934 1459 2023 provincia
1490 1935 1920 2002 dicentibus».
1952 1939 2504 2009 surisdictionem‘

345 2063 500 2130 ergo
529 2041 843 2128 praefectis
870 2060 1366 2127 nonnumquam
1382 2088 1401 2122 ‚
1424 2057 1500 2104 ut
1522 2040 1747 2130 legatis
1768 2058 1834 2106 et
1860 2046 2290 2131 quaestoribus
2306 2051 2440 2113 suis
2457 2100 2475 2133 ,

342 2148 407 2211 in
441 2147 772 2235 provincia
802 2144 1132 2211 deferebat
1163 2163 1421 2234 praetor.
1473 2149 1556 2212 At
1592 2147 1766 2211 istud
1810 2166 1972 2236 puto
2017 2152 2288 2236 certius,
2317 2177 2480 2242 prae·

344 2254 622 2318 facturas
660 2252 930 2341 intelligi
972 2252 1075 2315 his
1128 2252 1283 2315 locis
1337 2251 1514 2340 apud
1559 2253 1940 2318 Ciceronem
1981 2276 2086 2321 eas
2104 2302 2123 2338 ,
2173 2280 2319 2347 quae
2372 2260 2485 2325 da-

344 2374 574 2424 rentur
605 2356 1148 2448 negotiatoribus,
1178 2374 1256 2423 ut
1292 2359 1587 2446 equitum
1606 2407 1624 2441 ,
1644 2380 1812 2446 quos
1839 2359 2176 2440 ducerent,
2211 2380 2480 2451 terrore,

343 2465 648 2553 pecunias
686 2485 847 2551 quas
883 2466 1007 2529 sub
1039 2465 1253 2529 usuris
1288 2463 1464 2552 apud
1503 2466 1927 2553 provinciales
1970 2465 2479 2557 collocaverant,

345 2571 592 2635 facilius
643 2585 1136 2658 extorquerent:
1175 2587 1371 2658 atque
1423 2591 1565 2634 eam
1611 2593 1749 2635 esse
1806 2589 2090 2637 mentem
2147 2577 2477 2647 Ciceronis

343 2677 661 2740 existimo.
693 2677 803 2740 Ait
837 2675 1012 2739 enim
1041 2675 1263 2740 eadem
1294 2676 1560 2765 epistola
1588 2676 1816 2741 ultima
1850 2677 2000 2742 libri
2035 2682 2284 2768 quinti,
2310 2688 2479 2775 «Ap-

286 2804 294 2810 ·
343 2781 491 2870 pius
523 2796 744 2845 noster
784 2796 1030 2854 turmas
1071 2783 1320 2869 aliquot
1357 2783 1654 2869 equitum
1697 2782 1962 2849 dederat
1993 2786 2149 2851 huic
2189 2786 2479 2878 Scaptio,

342 2911 460 2977 per
485 2910 643 2977 quas
676 2887 1054 2953 Salaminios
1081 2886 1343 2975 [quibus
1371 2889 1678 2977 pecunias
1706 2890 2087 2981 crediderat]
2113 2913 2473 2982 coerceret3

342 3011 409 3058 et
443 2993 745 3060 eumdem
784 2993 1099 3057 habuerat
1128 2994 1545 3081 praefectum:
1581 2993 1851 3059 vexabat
1883 2997 2302 3065 Salaminios:
2352 3027 2473 3093 ego

341 3102 593 3191 equites
638 3123 717 3165 ex
753 3102 967 3189 Cypro
1000 3098 1311 3164 decedere
1338 3099 1502 3180 jussi
1535 3130 1580 3164 ιι.
1621 3102 1726 3164 An
1759 3101 1880 3165 ista
1911 3122 2185 3190 possunt
2220 3108 2351 3171 ulla
2384 3134 2478 3174 ra-

343 3209 521 3273 tione
552 3207 874 3295 pertinere
910 3204 993 3270 ad
1022 3203 1588 3286 jurisdictionem?

431 3316 757 3378 Hactenus
782 3329 1135 3401 praetorum
1159 3307 1504 3391 adjutores.
1540 3310 1752 3375 Venio
1784 3331 1963 3377 nunc
1993 3313 2075 3377 ad
2109 3316 2469 3404 ministros,

343 3420 455 3507 qui
489 3418 647 3507 quid
683 3418 927 3483 fuerint
961 3418 1082 3507 ipsi
1116 3420 1317 3482 ferme
1353 3416 1619 3482 nomine
1652 3440 1772 3482 suo
1805 3418 2149 3486 declarant.

429 3525 840 3613 Apparitores
877 3524 1214 3588 communi
1265 3523 1533 3587 nomine
1574 3520 1957 3589 dicebantur
1992 3549 2223 3593 omnes
2271 3534 2474 3624 magi-

343 3646 662 3694 stratuum
698 3630 1011 3710 ministri,
1038 3630 1189 3717 quia
1225 3627 1699 3718 magistratibus
1733 3651 2036 3719 apparere
2057 3682 2075 3716 ,
2125 3652 2188 3699 et
2220 3659 2478 3727 semper

341 3743 577 3799 eorum
594 3736 877 3855 imperio
911 3751 1147 3822 praesto
1173 3756 1311 3798 esse
1341 3732 1685 3798 debebant.
1716 3738 1868 3800 Haec
1903 3739 2256 3806 ministeria
2287 3743 2475 3810 liber-

342 3842 422 3905 tis
458 3841 591 3905 fere
623 3842 756 3905 suis
790 3842 1067 3928 quisque
1104 3841 1513 3929 magistratus
1549 3863 1733 3906 more
1764 3845 2083 3925 majorum
2109 3848 2468 3917 mandavit:

342 3962 536 4034 atque
582 3948 670 4012 ita
714 3968 917 4035 porro
966 3938 1218 4026 liberti,
1258 3947 1390 4009 sive
1439 3945 1764 4046 libertini,
1822 3968 2006 4015 erant
2059 3955 2349 4044 plerique
2394 3982 2473 4022 ex

343 4054 684 4134 ministris,
735 4051 828 4116 uti
863 4051 1154 4133 accensi,
1164 4042 1567 4139 praecones,
1614 4068 1733 4116 etc.
1770 4076 1905 4118 non
1938 4073 2155 4122 autem
2195 4063 2465 4128 scribae:

345 4183 476 4223 non
515 4101 691 4248 quod
727 4158 1162 4246 apparitorum
1201 4155 1280 4220 de
1320 4177 1597 4220 numero
1641 4181 1772 4222 non
1821 4163 2094 4245 Fuerint,
2141 4167 2255 4228 sed
2294 4171 2474 4256 quod

2113 4268 2226 4341 33.
