3044 4788
691 389 804 458 IN
852 388 1290 458 VERREM
1340 388 1561 456 ACT.
1603 388 1713 472 II,
1763 389 1948 458 LIB.
1999 391 2050 458 Ι.
2300 388 2440 466 365

303 530 668 589 cretorum
705 515 991 582 novitas
1027 512 1514 634 iniquitasque
1555 507 1883 581 declarat.
1900 515 2171 584 Verum
2192 570 2211 604 ,
2244 530 2326 587 ut
2351 542 2441 588 ex

303 651 457 696 uno
501 622 588 693 de
632 625 888 692 ceteris
929 621 1419 715 conjecturam
1466 620 1697 690 facere
1752 624 2074 718 possitis3
2123 622 2199 697 id
2237 626 2440 724 quod

306 740 550 834 priore
579 737 865 804 actione
898 732 1299 828 cognostis,
1346 728 1611 801 audite.

403 846 716 915 XLVIII.
761 844 839 912 C.
872 840 1232 939 Sulpicius
1265 840 1620 964 Olympus
1653 836 1812 911 fuit.
1857 845 1926 912 Is
1965 859 2299 917 mortuus
2336 862 2443 918 est

309 960 387 1028 C.
433 952 816 1041 Sacerdote
857 965 1203 1049 praetore,
1246 950 1487 1020 nescio
1532 973 1621 1018 an
1668 965 1865 1039 ante,
1926 977 2147 1049 quam
2183 960 2442 1026 Verres

309 1079 689 1163 praeturam
720 1075 962 1161 petere
992 1060 1311 1160 coeperit.
1346 1061 1543 1129 Fecit
1579 1058 1917 1131 heredem
1946 1066 2042 1133 M.
2067 1067 2443 1136 Octavium

307 1178 659 1272 Ligurem.
702 1176 924 1269 Ligur
950 1168 1420 1241 hereditatem
1456 1167 1676 1239 adiit:
1714 1170 2034 1267 possedit
2066 1174 2448 1247 Sacerdote

312 1301 654 1383 praetore‚
702 1284 857 1353 sine
888 1280 1053 1352 ’11113
1108 1280 1619 1375 controversia.
1669 1285 2139 1378 Posteaquam
2187 1289 2447 1356 Verres

315 1395 801 1489 magistratum
859 1391 1054 1478 iniit;
1096 1414 1185 1459 ex
1244 1388 1482 1460 edicto
1542 1392 1779 1479 istius,
1827 1390 2071 1487 quod¹
2128 1392 2446 1466 edictum

312 1502 656 1575 Sacerdos
690 1527 842 1573 non
878 1499 1270 1585 habuerat,
1308 1499 1607 1598 Sulpicii
1653 1504 1937 1598 patroni
1989 1500 2130 1573 filia
2177 1520 2449 1575 sextam

314 1629 593 1712 partem
620 1592 1033 1683 hereditatis
1056 1610 1150 1682 ab
1182 1614 1444 1708 Ligure
1477 1625 1722 1708 petere
1762 1613 2003 1709 coepit.
2042 1613 2264 1710 Ligur
2299 1640 2449 1685 non

317 1721 579 1795 aderat.
631 1727 710 1793 L.
750 1719 969 1793 frater
1003 1720 1161 1815 ejus
1206 1744 1494 1792 causam
1532 1719 1833 1819 agebat·
1868 1720 2167 1794 aderant
2199 1719 2454 1810 amici,

317 1831 730 1930 propinqui.
755 1828 1061 1902 Dicebat
1086 1833 1218 1901 iste
1236 1878 1255 1917 ,
1291 1830 1430 1901 nisi
1458 1855 1626 1901 cum
1654 1829 1954 1902 muliere
1973 1831 2452 1920 decideretur,

315 1944 392 2013 in
436 1944 958 2042 possessionem
1003 1966 1078 2013 se
1120 1943 1222 2012 ire
1258 1941 1707 2036 jussurum2.
1741 1946 1819 2011 L.
1854 1942 2126 2014 Gellius
2164 1969 2449 2016 causam

313 2057 596 2151 Liguris
633 2050 1103 2124 defendebat:
1135 2050 1482 2140 docebat,
1511 2051 1828 2123 edictum
1859 2052 2015 2147 ejus
2049 2079 2197 2125 non
2227 2079 2451 2153 opor-

314 2179 463 2235 tere
513 2161 603 2234 ad
638 2160 1071 2234 hereditates
1101 2161 1335 2233 valere
1356 2216 1376 2249 ,
1423 2187 1587 2259 quae
1637 2176 1803 2232 ante
1853 2186 2019 2232 eum
2064 2178 2445 2260 praetorem

311 2278 712 2358 venissent3
744 2275 804 2344 si
834 2273 978 2343 hoc
1011 2287 1168 2343 tum
1204 2270 1456 2343 fuisset
1494 2271 1853 2360 edictum,
1894 2271 2190 2345 fortasse
2230 2276 2450 2373 Ligu-

313 2411 471 2456 rem
519 2383 991 2457 hereditatem
1030 2382 1395 2454 aditurum
1442 2408 1595 2454 non
1641 2381 1877 2454 fuisse.
1923 2385 2150 2480 AEqua
2202 2401 2454 2483 postu-

317 2494 489 2566 latio
506 2550 527 2580 ,
559 2519 839 2565 summa
865 2494 1249 2566 hominum
1281 2497 1667 2565 auctoritas
1695 2495 1928 2593 pretio
1957 2494 2450 2591 superabatur.

316 2606 537 2675 Venit
582 2608 883 2676 Romam
935 2607 1156 2702 Ligur
1193 2632 1209 2675 ε
1251 2629 1406 2675 11011
1463 2601 1878 2691 dubitabat,
1926 2606 2151 2700 quin,
2194 2607 2252 2675 si
2299 2607 2455 2703 ipse

318 2717 618 2784 Verrem
674 2714 1163 2802 convenisset,
1229 2716 1567 2812 aequitate
1619 2738 1845 2785 causae
1898 2727 1970 2784 et
2025 2718 2452 2786 auctoritate

319 2846 448 2894 sua
491 2847 952 2895 commovere
1010 2823 1383 2895 hominem
1425 2839 1671 2923 posset
1719 2850 1736 2893 t
1780 2823 2080 2895 domum
2133 2825 2225 2897 ad
2284 2852 2453 2898 eum

317 2934 516 3003 venit
554 2960 569 3002 ε
609 2959 764 3004 rem
809 2932 1297 3023 demonstran
1340 2959 1561 3031 quam
1605 2932 1887 3033 pridem
1924 2933 2063 3007 sibi
2095 2935 2455 3008 hereditas

319 3046 665 3130 venisset,
715 3042 960 3130 docet;
1008 3044 1210 3143 quod
1256 3044 1460 3117 facile
1500 3046 1576 3115 in
1624 3068 1835 3141 causa
1870 3048 2273 3141 aequissima
2319 3037 2453 3117 ho-

321 3154 500 3221 mini
538 3155 913 3249 ingenioso
935 3152 1104 3241 fuit,
1128 3153 1385 3241 multa,
1414 3179 1573 3252 quae
1611 3154 1937 3251 quemvis
1970 3179 2262 3226 movere
2291 3181 2454 3254 pos-

322 3277 516 3346 sent,
558 3261 772 3351 dixit;
819 3263 911 3334 ad
943 3279 1343 3335 extremum
1385 3279 1629 3362 petere
1670 3266 1931 3361 coepit,
1972 3289 2063 3334 ne
2101 3290 2333 3360 usque
2367 3291 2457 3336 eo

322 3396 525 3443 suam
554 3378 1050 3445 auctoritatem
1087 3372 1519 3474 despiceret,
1553 3376 1998 3472 gratiamque
2034 3391 2455 3447 contemne-

320 3497 472 3568 ret,
520 3498 603 3554 ut
638 3509 713 3554 se
759 3499 953 3555 tanta
995 3486 1259 3579 injuria
1293 3484 1632 3557 afficeret.
1678 3491 1912 3556 Homo
1955 3489 2292 3583 Ligurem
2337 3513 2457 3560 ac-

319 3618 568 3665 cusare
611 3596 870 3691 coepit,
901 3599 1028 3693 qui
1069 3598 1148 3667 111
1184 3621 1263 3668 re
1305 3593 1738 3668 adventitia³
1768 3609 1986 3692 atque
2031 3594 2456 3668 hereditaria

389 3841 616 3890 XLVIII.
650 3856 693 3889 1.
732 3841 879 3905 Quod
918 3841 1144 3892 edictum.
1184 3843 1344 3906 Quem
1432 3842 1632 3891 biennio
1672 3854 1787 3891 anto
1826 3843 1998 3891 consul
2041 3844 2196 3890 finnt
2213 3879 2227 3902 ,
2269 3856 2317 3893 et
2360 3845 2458 3894 hoc

316 3918 595 3968 articulum.
616 3921 930 3986 —Sulpae‘cii,
955 3931 1050 3970 etc.
1071 3921 1190 3969 Filia
1213 3924 1340 3984 ejus,
1432 3938 1563 3970 anno
1599 3937 1851 3970 censuram
1888 3921 2099 3987 gerebat.
2138 3925 2213 3971 De
2251 3939 2311 3972 eo
2346 3926 2456 3973 vide

316 3998 406 4059 qui
428 3997 697 4062 Sulpicium
721 4000 1081 4049 manumiserat.
1431 4003 1569 4051 Brut.
1595 4018 1707 4067 cap.
1743 4011 1825 4063 47.
2151 4015 2154 4020 '

392 4091 445 4124 2.
475 4079 695 4126 Graevius
716 4080 950 4142 conjicit,
978 4097 1070 4127 nse
1101 4082 1212 4141 jure
1237 4081 1344 4128 mis-
1503 4084 1552 4129 3.
1585 4080 1883 4129 Adveneieia.
1911 4080 2028 4128 Non
2054 4093 2328 4145 exspectata
2346 4115 2360 4141 ‚
2385 4093 2456 4130 ut·

316 4170 486 4204 aurum
505 4177 527 4201 ι
544 4190 557 4205 .
584 4159 636 4206 J.
661 4160 728 4208 V.
754 4161 810 4209 1..
829 4186 899 4197 --
924 4161 983 4209 L.
1013 4159 1214 4210 Gellius.
1243 4161 1344 4224 Qui
1432 4171 1550 4224 pote
1576 4176 1686 4224 quae
1716 4176 1817 4209 non
1846 4161 2032 4210 veniret
2061 4175 2088 4207 a
2115 4161 2418 4226 propinquo.
