3044 4788
703 391 1097 480 ‘oRATlo
1145 411 1349 478 pao
1400 411 1467 477 s.
1525 410 1929 480 Rosolo.
2244 439 2367 485 ιιι

201 535 524 621 dixerit,
544 530 1037 619 credendum3
1072 557 1164 602 an
1186 530 1390 628 quod
1414 529 1667 602 fecerit
1682 586 1701 619 ,
1724 532 2245 606 vindicandum
2268 541 2379 607 sit.

338 652 587 741 Itaque
614 667 823 714 more
851 643 1205 738 majorum
1233 656 1729 739 comparatum
1755 658 1895 731 est,
1941 659 2025 715 ut
2057 648 2133 715 in
2170 650 2383 716 mini-

227 757 370 824 mis
407 752 631 823 rebus
663 750 996 822 homines
1023 752 1451 849 amplissimi
1486 754 1981 823 testimonium
2016 753 2108 826 de
2149 781 2277 827 sua
2304 782 2382 826 re

225 889 382 933 non
416 863 753 934 dicerent
767 864 819 932 4.
849 860 1252 949 AfricanuS,
1279 864 1409 958 qui
1440 886 1574 931 suo
1603 866 2039 958 cognomine
2065 864 2380 937 declarat

229 976 523 1044 tertiam
558 986 839 1070 partem
867 969 1064 1041 orbis
1089 985 1444 1041 terrarum
1472 995 1548 1041 se
1580 970 1981 1068 subegisse,
2013 989 2252 1046 tamen
2274 1032 2293 1064 ,
2323 981 2380 1048 si

203 1107 363 1154 sua
390 1108 507 1153 res
535 1096 897 1178 ageretur,
928 1084 1421 1151 testimonium
1454 1105 1605 1151 non
1644 1081 1916 1154 diceret
1940 1110 1955 1153 ε
1979 1110 2172 1174 nam,
2202 1086 2382 1158 illud

232 1197 311 1263 in
341 1194 564 1263 talem
597 1195 836 1261 virum
869 1215 1017 1260 non
1052 1188 1288 1261 audeo
1320 1190 1587 1278 dicere,
1610 1193 1667 1260 si
1699 1190 2003 1281 diceret,
2037 1219 2187 1265 non
2223 1221 2378 1267 cre-

233 1301 560 1372 deretur.
589 1298 852 1371 Videte
885 1324 1083 1371 nunc
1103 1354 1123 1384 ,
1168 1324 1387 1396 quam
1414 1324 1619 1370 versa
1659 1315 1732 1370 et
1772 1316 2047 1374 mutata
2082 1308 2155 1374 in
2187 1308 2386 1403 pejo-

237 1436 395 1481 rem
426 1425 709 1508 partem
741 1414 888 1480 sint
918 1412 1180 1479 omnia.
1235 1411 1483 1498 Quum
1540 1407 1632 1479 de
1673 1408 1888 1480 bonis
1930 1425 2004 1482 et
2050 1412 2140 1484 de
2189 1414 2382 1486 caede
2476 1417 2507 1436 ’“

237 1536 524 1617 agatur,
549 1521 1042 1591 testimonium
1073 1516 1400 1589 dicturus
1433 1532 1543 1587 est
1571 1521 1668 1605 is,
1710 1522 1837 1614 qui
1872 1533 1945 1589 et
1974 1536 2208 1591 sector
2240 1538 2385 1610 est,

248 1647 333 1702 et
352 1627 683 1702 sicarius⁵
696 1658 713 1718 ;
735 1631 877 1701 hoc
896 1646 1002 1701 est
1024 1684 1043 1717 ,
1066 1632 1192 1726 qui
1216 1645 1291 1700 et
1311 1629 1603 1699 illorum
1632 1633 1958 1727 ipsorum
1988 1631 2382 1722 bonorum,

252 1739 355 1811 de
376 1738 641 1837 quibus
661 1744 920 1836 agitur,
943 1754 1228 1837 emptor
1255 1754 1326 1809 et
1358 1764 1728 1837 possessor
1760 1756 1903 1828 est,
1944 1756 2017 1812 et
2048 1768 2218 1813 eum
2252 1744 2382 1815 ho-

245 1853 517 1920 minem
547 1849 1024 1921 occidendum
1060 1852 1366 1937 curavit,
1386 1847 1476 1919 de
1498 1851 1611 1946 cuj
1623 1875 1705 1919 us
1739 1866 1972 1922 morte
2002 1839 2379 1949 quaeritur.

341 1960 538 2052 Quid
571 1957 724 2047 ωδ,
767 1964 879 2030 vir
908 1961 1230 2058 optime?
1270 1959 1536 2057 ecquid
1582 1959 1843 2048 habeS,
1890 1963 2091 2058 quod
2141 1964 2382 2038 dicas?

241 2070 425 2140 Mihi
475 2071 852 2141 ausculta:
896 2069 1060 2140 vide
1088 2123 1109 2158 ,
1168 2094 1261 2140 ne
1311 2068 1444 2139 tibi
1492 2068 1725 2158 desis3
1774 2084 1893 2141 tua
1930 2097 2226 2170 quoque
2272 2102 2386 2148 res

243 2204 639 2277 permagna
683 2184 938 2276 agitur.
997 2180 1228 2250 Multa
1280 2180 1619 2251 scelerate
1638 2235 1656 2267 ,
1714 2181 1939 2252 multa
1991 2185 2388 2276 audaciter,

243 2292 473 2362 multa
498 2290 834 2389 improbe
863 2289 1129 2376 fecisti3
1164 2315 1393 2361 unum
1423 2290 1839 2361 stultissime
1859 2346 1878 2380 ,
1907 2293 2231 2391 profecto
2263 2312 2386 2369 tua

244 2418 532 2499 sponte,
555 2427 707 2472 non
737 2401 827 2473 de
854 2404 1092 2472 Erucii
1119 2404 1507 2472 sententia:
1537 2400 1719 2470 nihil
1748 2426 1935 2499 opus
1963 2401 2101 2475 fuit
2126 2420 2195 2476 te
2225 2410 2384 2480 istic

243 2511 520 2582 sedere.
533 2516 598 2583 N
602 2537 788 2608 eque
808 2515 999 2582 enim
1019 2526 1434 2581 accusatore
1459 2526 1692 2598 mut0,
1716 2536 1957 2608 neque
1988 2528 2165 2585 teste
2194 2520 2388 2612 quis-

245 2646 474 2717 quam
504 2625 733 2692 utitur
782 2646 909 2708 en,
957 2624 1086 2718 qui
1129 2620 1218 2691 de
1256 2624 1691 2691 accusatoris
1740 2620 2084 2692 subsellio
2132 2628 2384 2721 surgit.

245 2737 412 2801 Huc
441 2731 718 2803 accedit
738 2787 758 2817 ,
815 2730 1014 2828 quod
1046 2731 1290 2829 paullo
1324 2745 1564 2801 tamen
1584 2743 1610 2786 '7
1647 2730 2002 2802 occultior
2027 2747 2245 2830 atque
2276 2749 2383 2805 te·
2432 2762 2435 2763 ⁷

250 2845 438 2912 ctior
475 2856 710 2912 vestra
741 2846 873 2913 ista
906 2841 1262 2939 cupiditas
1295 2855 1519 2911 esset:
1563 2865 1761 2911 nunc
1796 2840 1976 2937 quid
2014 2858 2153 2931 est,
2185 2845 2387 2941 quod

248 2954 635 3047 quisquam
669 2975 757 3021 ex
794 2950 999 3021 vobis
1029 2949 1281 3022 audire
1315 2947 1704 3039 desideret,
1733 2975 1987 3046 quum,
2020 2980 2181 3050 quae
2213 2954 2385 3026 faci·

251 3065 382 3147 tis,
413 3060 764 3157 ejusmodi
793 3064 974 3148 sint,
1020 3075 1102 3130 ut
1133 3085 1252 3148 ea,
1280 3057 1522 3128 dedita
1555 3084 1812 3157 opera,
1842 3060 2099 3131 nobis⁸
2135 3079 2387 3135 contra

253 3185 533 3240 vosmet
571 3173 767 3268 ipsos
801 3167 1038 3240 facere
1067 3167 1500 3239 videamini?
1532 3172 1716 3264 Age,
1760 3194 1957 3240 nunc
1992 3172 2110 3242 illa
2151 3174 2389 3245 videa-

249 3304 442 3367 mus,
461 3279 779 3376 judices,
811 3305 971 3376 quae
1005 3280 1242 3348 statim
1272 3292 1722 3374 consequuta
1754 3292 1943 3349 sunt.

322 3518 375 3565 A.
410 3511 522 3557 Non
561 3508 793 3556 dicerent.
824 3507 952 3556 Nam
977 3506 1142 3554 nullus
1166 3504 1272 3553 ido-
1355 3503 1569 3553 fioribus
1606 3504 1855 3553 Ciceronis
1902 3502 2046 3552 dictis
2082 3518 2355 3556 commotus
2370 3545 2387 3571 ,

249 3604 376 3635 neus
401 3590 533 3636 testis
558 3590 613 3636 in
637 3605 690 3635 re
719 3604 806 3635 sua
840 3586 1151 3650 intelligitur,
1197 3587 1273 3632 in-
1357 3600 1603 3631 murmure
1646 3586 1846 3633 sortasse
1890 3585 2101 3649 speciem
2146 3586 2387 3653 obloquu-

248 3668 357 3729 quit
385 3668 628 3730 Pompon.
650 3667 840 3729 Digest.
859 3668 1030 3723 xxn,
1050 3665 1098 3722 5,
1125 3680 1201 3714 xo.
1361 3665 1457 3712 turi
1482 3664 1712 3728 praebuit.

318 3747 372 3794 ⁵.
401 3746 629 3794 sicarius.
643 3746 773 3794 Hine
788 3744 1036 3808 colligitur
1050 3745 1275 3792 sicarium
1436 3760 1485 3803 7.
1515 3744 1648 3792 Add.
1677 3755 1840 3790 tamen
1866 3760 1892 3791 e
1919 3742 2060 3793 MSS.
2081 3746 2200 3795 J.v.
2221 3748 2275 3795 Ι..

248 3826 351 3873 dici
369 3860 387 3884 ,
417 3838 466 3874 et
484 3842 595 3873 eum
613 3826 700 3889 qui
718 3824 927 3882 occidit,
950 3835 998 3871 et
1024 3824 1162 3872 illum
1189 3827 1277 3888 qni
1439 3825 1487 3871 8.
1539 3823 1701 3871 Nobis.
1742 3825 1839 3870 Pro
1871 3822 2015 3871 nobis
2052 3841 2283 3888 pugnare.
2327 3830 2386 3875 Iu

249 3905 580 3954 occidendum
615 3915 768 3953 curat.
835 3900 842 3906 ⁴
1364 3914 1485 3952 vett.
1505 3902 1620 3950 edd.
1642 3913 1693 3950 et
1721 3902 1841 3951 MSS
1878 3902 2167 3966 quibusdam
2202 3905 2386 3970 legitur

317 3986 377 4032 6.
410 3985 546 4046 Quid
583 3997 652 4035 tu.
678 3987 737 4032 T.
773 3983 1007 4032 Roscium
1044 3985 1280 4047 Magnum
1366 4001 1400 4030 a
1425 3983 1594 4044 vobis,
1640 3983 1774 4048 quod
1808 3985 1978 4032 retinet
2018 3985 2226 4033 Facciol.
2246 3987 2386 4050 quasi

248 4064 548 4127 alloquitur,
590 4065 677 4127 qui
697 4079 910 4128 presens
942 4063 1142 4124 assidet,
1178 4078 1279 4110 non
1365 4064 1461 4125 sit,
1497 4080 1601 4111 «ex
1625 4063 1800 4122 vobis,
1841 4075 2016 4127 sponte
2050 4076 2203 4111 vestra
2227 4087 2283 4122 n,
2328 4075 2383 4110 ut

251 4146 544 4209 capitonem
580 4146 668 4208 qui
707 4144 878 4193 absens
913 4156 1004 4193 est.
1052 4146 1101 4191 Is
1132 4158 1274 4207 supe-
1366 4142 1498 4207 apud
1525 4145 1724 4192 Graecos
1758 4140 1839 4205 ἀφ’
1875 4142 2024 4206 ὑμῶν.
2050 4142 2194 4189 Malit
2215 4144 2381 4190 Garat.
