3044 4788
669 453 806 520 DE
853 453 1323 520 JUDICIIS
1370 451 1892 520 PUBLICIS.
2201 449 2336 518 601

228 589 398 635 tores
433 587 651 651 erant,
685 571 856 633 inter
887 587 1244 652 senatores,
1284 585 1650 657 equestrem
1677 570 2009 651 ordinem,
2047 587 2113 634 et
2143 571 2350 634 tribu·
2432 556 2439 563 l

228 701 349 741 nos
387 677 637 740 aerarios
680 677 1321 740 communicarentur
1345 699 1405 740 »ε
1436 677 1564 740 hoc
1592 692 1718 757 est,
1749 693 1824 740 ut
1857 693 1984 740 tres
2020 676 2213 740 Urbis
2244 698 2352 740 or·-

228 784 411 847 dines
441 781 524 845 ad
562 780 980 860 judicandum
1012 782 1519 846 advocarentur:
1551 782 1605 846 si
1631 782 1895 869 quidem
1924 782 2172 845 tribuni
2200 805 2352 845 aera·

228 890 304 952 rii
332 886 412 951 de
442 888 629 976 plebe
660 887 943 973 fuerunt.
980 889 1205 975 ltaque
1227 887 1483 952 Aurelia
1522 890 1650 969 lex,
1690 904 1755 952 et
1784 888 1991 951 Plotia
2020 889 2252 951 Silvani
2281 889 2348 951 in

228 1017 307 1058 eo
335 995 502 1057 inter
533 1017 600 1058 se
632 1010 1111 1074 convenerunt,
1145 1010 1220 1056 ut
1250 1017 1329 1057 ex
1357 1011 1633 1081 utraque
1664 996 1805 1083 lege
1842 994 2045 1058 tribus
2083 995 2350 1058 civitatis

228 1098 563 1162 ordinibus
598 1098 812 1162 aditus
848 1097 932 1161 ad
968 1121 1067 1161 res
1097 1096 1476 1176 judicandas
1514 1114 1780 1186 pateret.
1823 1078 1841 1100 ⁸

313 1208 502 1267 Anno
536 1205 727 1267 Urbis
770 1204 898 1288 698
922 1250 942 1285 ,
980 1206 1099 1268 Cn.
1133 1204 1476 1292 Pompeius
1511 1204 1739 1268 consul
1771 1205 1836 1269 11
1861 1253 1881 1285 ,
1921 1207 2132 1293 legem
2172 1204 2349 1283 judi-

225 1312 482 1375 ciariam
515 1310 691 1389 tulit,
726 1332 870 1395 quae
905 1309 986 1373 ab
1006 1310 1262 1373 Aurelia
1300 1310 1459 1373 nihil
1492 1308 1573 1374 de
1609 1309 1815 1373 tribus
1852 1309 2190 1373 ordinibus
2221 1309 2353 1374 dis-

228 1414 558 1503 crepabat3
592 1412 706 1476 sed
730 1413 857 1477 hoc
880 1413 1109 1477 habuit
1144 1415 1464 1502 peculiare
1491 1431 1566 1478 ut
1593 1437 1670 1477 ex
1692 1414 2085 1501 amplissimo
2114 1438 2312 1478 censu
2334 1462 2352 1495 ,

228 1519 406 1607 quod
450 1521 551 1582 lex
589 1519 842 1582 Aurelia
875 1541 1010 1581 non
1064 1518 1454 1600 attenderat,
1507 1543 1544 1583 e
1585 1520 1890 1584 centuriis
1935 1519 2057 1606 legi
2102 1519 2349 1599 judices

221 1626 494 1706 juberet.
534 1627 729 1705 Item,
763 1642 840 1688 ut
869 1626 1157 1712 quinque
1192 1643 1257 1689 et
1288 1627 1691 1716 septuaginta
1716 1625 1963 1706 judices
1995 1648 2215 1689 causas
2243 1648 2353 1689 co·

230 1749 632 1818 gnoscerent.

317 1840 386 1901 C.
416 1837 620 1901 Julius
651 1840 880 1918 Caesar,
928 1862 1144 1902 rerum
1179 1841 1424 1926 potitus
1446 1889 1463 1920 ,
1498 1863 1672 1903 anno
1701 1862 1826 1927 7⁰7
1855 1838 2059 1927 legem
2083 1836 2353 1917 judicia-

230 1941 388 2004 riam
434 1942 614 2022 tulit,
672 1965 798 2029 qua
849 1941 1087 2021 judicia
1138 1943 1220 2006 ad
1271 1943 1438 2006 duos
1495 1943 1755 2006 ordines
1776 1991 1794 2023 ,
1840 1943 2233 2005 senatorium
2287 1957 2352 2004 et

229 2063 591 2133 equestrem
610 2096 628 2129 ,
662 2050 927 2111 remotis
959 2049 1160 2111 aerarii
1190 2049 1465 2113 tribunis
1485 2098 1502 2130 ,
1533 2048 1781 2136 redegit
1813 2072 1827 2112 :
1855 2065 1979 2119 «ut
2009 2048 2351 2136 purissima

229 2174 373 2239 pars
405 2154 674 2217 civitatis
704 2152 1022 2233 judicaret
1036 2186 1081 2217 n.
1121 2159 1332 2219 «Ante
1358 2156 1568 2235 enim,
1618 2156 1832 2242 inquit
1872 2155 1997 2217 Dio
2028 2154 2070 2219 l.
2102 2154 2353 2233 XLIII,

231 2275 295 2321 et
349 2259 645 2323 tribunos
688 2260 890 2322 aerarii
938 2261 1268 2348 iutelligit,
1308 2283 1385 2324 ex
1434 2260 1624 2348 plebe
1674 2259 1935 2347 quidam
1990 2259 2178 2323 etiam
2225 2281 2354 2321 una

229 2386 379 2428 cum
414 2366 816 2429 senatoribus
850 2382 914 2429 et
948 2367 1276 2454 equitibus
1306 2364 1546 2446 judicia
1581 2366 1964 2430 exercebant
1983 2398 2027 2429 υ.

317 2467 552 2531 Ultima
585 2471 686 2531 lex
709 2468 1039 2548 judiciaria
1067 2488 1164 2534 est
1191 2471 1282 2533 M.
1314 2471 1612 2549 Antonii,
1647 2470 1759 2556 qui
1791 2470 2087 2533 triumvir
2119 2470 2258 2533 fuit.
2290 2471 2352 2533 Is

236 2596 441 2661 quum
476 2591 643 2637 esset
675 2576 905 2637 consul
930 2599 1032 2639 an.
1066 2598 1227 2663 710,
1250 2577 1380 2638 hoc
1411 2577 1620 2639 sanxit
1639 2624 1656 2655 ,
1684 2591 1758 2637 ut
1788 2575 1871 2638 ad
1900 2574 2061 2638 duas
2094 2591 2351 2660 senato-

231 2701 379 2742 rum
416 2695 482 2741 et
526 2679 819 2763 equitum
855 2678 1143 2743 decurias
1175 2678 1505 2743 accederet
1540 2680 1724 2743 tertia
1760 2702 1795 2742 e
1828 2680 2349 2760 centurionibuS,

232 2784 686 2871 antesignaniS,
712 2784 1214 2872 manipularibus
1232 2786 1502 2874 legionis
1526 2785 1800 2849 Alaudae.
1835 2785 1965 2848 Cic.
1992 2785 2352 2873 Philipp.V,

233 2912 369 2975 cap.
419 2911 514 2952 12.
580 2890 762 2952 Hanc
806 2890 1071 2952 Antonii
1129 2890 1332 2977 legem
1383 2891 1607 2952 Cicero
1660 2892 1934 2978 exagitat
1980 2891 2256 2979 Philipp.
2285 2892 2354 2970 1,

234 3019 369 3082 cap.
395 3017 503 3075 20,
544 3018 622 3058 ex
655 3019 732 3060 eo
777 2995 954 3082 quod
1000 2997 1065 3057 in
1101 2997 1290 3059 tertio
1321 2996 1445 3058 isto
1496 2995 1725 3059 ordine
1756 2995 2044 3076 judicum
2078 2996 2356 3085 legendo

232 3100 484 3164 tolleret
522 3118 716 3164 omne
747 3101 1090 3164 discrimen
1121 3118 1186 3165 et
1216 3102 1496 3165 fortunae
1528 3119 1593 3165 et
1625 3101 1981 3191 dignitatis:
2004 3103 2100 3165 «O
2120 3118 2355 3166 contu·

235 3207 575 3271 meliosum
618 3208 971 3288 honorem,
1009 3209 1254 3295 inquit,
1300 3209 1377 3271 iis
1423 3231 1588 3294 quos
1635 3208 1715 3271 ad
1765 3207 2186 3288 judicandum
2238 3231 2356 3271 nec

234 3315 569 3402 opinantes
604 3314 907 3378 vocasti».

322 3421 646 3483 Hactenus
674 3419 756 3484 de
773 3420 960 3483 variis
980 3420 1315 3483 ordinibus
1331 3469 1348 3501 ,
1374 3419 1549 3483 unde
1565 3419 1810 3499 judices
1833 3442 1950 3507 per
1964 3420 2165 3482 varias
2186 3420 2355 3508 leges

233 3529 500 3589 fuerunt
535 3527 699 3590 lecti.
758 3527 952 3590 Nunc
990 3525 1071 3590 de
1117 3543 1252 3590 tota
1286 3526 1682 3590 instituenda
1719 3527 2006 3606 actione,
2042 3542 2237 3612 atque
2272 3525 2354 3588 de

234 3646 371 3694 tota
400 3629 633 3717 agendi
662 3629 837 3717 apud
874 3648 1213 3718 praetorem
1249 3631 1498 3694 ratione
1532 3648 1630 3694 est
1656 3630 2123 3694 disserendum.
2173 3629 2355 3693 Ordo

234 3736 374 3798 talis
396 3736 539 3798 fuit.
570 3737 861 3799 Privatus
894 3737 1079 3817 civis,
1110 3737 1221 3823 qui
1249 3737 1474 3824 privati
1507 3759 1747 3801 nomen
1778 3734 2025 3800 deferre
2048 3738 2115 3798 in
2140 3737 2357 3799 animo

233 3841 465 3904 habuit
491 3841 680 3927 (nam
710 3859 860 3930 post
889 3843 1364 3929 magistratum,
1393 3866 1521 3906 non
1564 3844 1631 3905 in
1669 3843 2062 3932 magistratu,
2090 3840 2358 3905 reddere

234 3947 550 4010 rationem
611 3948 951 4034 oportebat
983 3970 1204 4011 earum
1256 3970 1509 4029 rerum,
1557 3970 1716 4034 quas
1766 3950 1909 4035 quis
1957 3948 2027 4010 in
2076 3946 2360 4034 gerendo

236 4052 612 4141 magistratu
660 4069 884 4116 contra
917 4054 1089 4142 leges
1121 4055 1519 4117 commisisse
1556 4054 1932 4141 putaretur)
1971 4076 2121 4116 eum
2156 4053 2222 4114 in
2253 4054 2359 4131 jus

237 4159 484 4221 vocavit
505 4207 522 4237 ,
558 4174 620 4221 et
657 4174 996 4246 praetorem
1028 4161 1095 4222 in
1126 4159 1271 4223 foro
1309 4159 1529 4223 adiens
1566 4159 1681 4245 qui
1709 4159 1789 4223 de
1826 4159 2094 4223 crimine
2124 4157 2235 4221 illo
2262 4180 2363 4220 co-
