3044 4788
771 422 909 510 452
1401 422 1500 491 M.
1546 418 1623 488 Τ.
1678 420 2274 492 CICERONIS

769 548 1129 646 hospitem
1153 601 1172 635 ‚
1206 548 1429 643 coepit
1460 544 1756 614 hortari.
1785 549 1966 614 Tum
1999 544 2118 615 ill'e
2147 544 2334 616 clare
2352 597 2371 631 ‚
2400 542 2728 614 omnibus
2755 565 2845 611 au-

767 657 1172 745 dientibuS‚
1199 681 1351 727 sese
1379 655 1451 725 id
1487 679 1640 724 non
1674 677 1829 724 esse
1861 652 2217 724 facturum
2241 709 2262 743 ‚
2291 678 2531 751 neque
2562 677 2636 723 se
2667 674 2848 747 usque

769 793 859 840 eo
915 766 1215 840 Sthenio
1255 788 1406 835 esse
1444 764 1859 853 inimicum,
1906 777 1991 833 ut
2035 788 2202 834 eum
2246 767 2352 834 rei
2391 761 2705 863 capitalis
2734 758 2849 830 affi-

765 901 936 948 nem
971 899 1123 947 esse
1165 873 1457 944 diceret.
1502 876 1637 943 Hic
1678 887 1834 943 tum
1874 887 2173 971 repente
2220 874 2527 945 Pacilius
2570 870 2849 969 quidam,

764 986 989 1057 homo
1026 1007 1243 1082 egens
1280 996 1354 1053 et
1394 982 1609 1070 levis,
1649 981 1970 1054 accedit:
2015 985 2153 1071 ait,
2196 986 2251 1053 si
2297 983 2588 1072 liceret,
2638 1003 2851 1051 nomeu

761 1093 1078 1165 absentis
1115 1089 1442 1163 deferre⁶
1477 1116 1554 1163 se
1594 1091 1802 1163 velle.
1844 1095 1990 1163 Iste
2027 1099 2310 1164 vero'et
2343 1093 2601 1179 licere,
2635 1106 2701 1162 et
2733 1088 2850 1159 fieri

757 1206 1025 1293 solere,
1057 1218 1130 1275 et
1155 1229 1230 1275 se
1260 1217 1749 1301 recepturum.
1787 1204 2041 1299 Itaque
2075 1199 2401 1274 defertur
2420 1216 2477 1273 7.
2501 1202 2721 1274 Edicit
2749 1213 2849 1269 sta·

759 1319 890 1389 tim
917 1370 936 1405 ,
991 1329 1074 1385 ut
1112 1313 1440 1386 kalendis
1490 1312 1856 1385 decembr.
1892 1314 2081 1386 adsit
2125 1314 2474 1387 Sthenius
2518 1311 2844 1412 Syracusis.

757 1429 911 1509 Hic,
930 1428 1056 1523 qui
1078 1429 1378 1499 Romam
1402 1427 1732 1512 venisset,
1757 1425 2074 1522 satisque
2103 1422 2410 1496 feliciter
2424 1427 2601 1497 anni
2611 1425 2742 1519 jam
2756 1417 2845 1488 ad·

755 1560 965 1608 verso
986 1546 1314 1633 tempore
1334 1535 1760 1631 navigasset,
1782 1537 2175 1631 omniaque
2194 1534 2569 1608 habuisset
2587 1533 2842 1629 aequiora

756 1662 831 1718 et
862 1644 1346 1744 placabiliora,
1374 1670 1595 1742 quam
1621 1648 1944 1715 animum
1976 1648 2303 1743 praetoris
2326 1663 2554 1745 atque
2575 1640 2841 1740 hospitis,

757 1782 912 1830 rem
946 1757 1036 1829 ad
1073 1758 1339 1828 amicos
1391 1779 1562 1826 suos
1601 1754 1907 1826 detulit:
1962 1780 2123 1852 quae
2149 1810 2168 1844 ,
2223 1770 2307 1825 ut
2344 1752 2595 1827 erant⁸
2643 1745 2840 1823 acerba

754 1883 974 1965 atque
1016 1866 1342 1965 indigna,
1374 1869 1474 1935 sic
1508 1864 1946 1936 videbantur
1990 1864 2355 1937 omnibus.

853 1980 1174 2072 XXXIX.
1199 1977 1500 2072 Itaque
1483 2000 1559 2044 ιιι
1597 1989 1852 2046 senatu
1889 1979 2241 2047 continuo
2273 1981 2405 2047 Cn.
2437 1971 2764 2048 Lentulus
2789 1978 2839 2035 et

753 2091 831 2157 L.
851 2086 1125 2158 Gellius
1156 2084 1490 2155 consules
1518 2082 1792 2156 faciunt
1820 2089 2304 2173 mentionem,
2334 2086 2619 2184 placere
2640 2076 2835 2157 statui,

752 2199 810 2266 si
835 2193 1161 2292 patribus
1186 2195 1611 2292 conscriptis
1638 2194 2027 2284 videretur,
2063 2200 2173 2267 Nn
2202 2220 2547 2269 ABSENTES
2578 2208 2838 2265 Honssmts

752 2329 830 2375 nv
867 2328 1268 2375 Pnovmcns
1307 2329 1421 2374 nm
1461 2330 1760 2376 rmum-r
1797 2331 2044 2377 RERUM
2084 2332 2556 2379 carnutum.
2588 2308 2833 2374 Causam

748 2413 1030 2487 Sthenii
1082 2430 1346 2505 totam,
1392 2431 1464 2487 et
1508 2418 1714 2488 istius
1765 2416 2263 2490 crudelitatem
2308 2435 2381 2490 et
2432 2416 2833 2515 iniquitatem

748 2511 1078 2600 senatum
1102 2526 1391 2599 docent.
1427 2526 1740 2599 Aderat
1724 2554 1798 2598 m
1835 2543 2089 2600 senatu
2116 2533 2377 2601 Verres
2414 2544 2620 2627 pater
2649 2521 2830 2596 istius,

748 2655 823 2711 et
850 2638 1032 2711 flens
1056 2662 1663 2735 unumquemque
1683 2652 2090 2709 senatorem
2115 2638 2454 2736 rogabat,
2482 2653 2563 2710 ut
2581 2634 2715 2707 filio
2734 2647 2830 2698 suo

749 2762 1097 2847 parceret.
1117 2751 1371 2844 Neque
1399 2761 1642 2818 tamen
1670 2748 1983 2818 multum
2020 2747 2488 2846 proficiebat:
2520 2760 2663 2821 erat
2683 2739 2830 2812 euim

749 2881 1032 2928 summa
1064 2856 1399 2927 voluntas
1421 2867 1441 2897 ¹
1482 2873 1793 2928 senatus.
1846 2861 2101 2955 Itaque
2139 2862 2513 2930 sententiae
2545 2849 2828 2928 diceban·

748 2982 887 3050 tur,
929 2969 1158 3056 Quum
1193 2971 1545 3038 Summus
1571 2991 1824 3038 ABSENS
1857 2991 2031 3039 nnus
2068 2993 2334 3042 rAc‘rus
2375 2994 2598 3054 essm,
2630 2988 2708 3035 m:
2737 2978 2829 3027 AB·

747 3102 963 3149 SENTE
1014 3100 1358 3147 summum
1399 3092 1698 3148 Nummi
1750 3103 1937 3150 Ειιῑιιι
1994 3104 2339 3167 Pacem-:3
2404 3105 2535 3168 ET,
2582 3100 2637 3147 s1
2677 3086 2829 3154 QUOD

744 3213 940 3261 Essm·
986 3210 1307 3275 morum,
1373 3211 1451 3256 ln
1490 3210 1745 3258 nuum
1800 3212 1955 3260 Esse
1996 3212 2548 3294 nou-Pmoun.
2608 3188 2701 3256 Eo
2743 3172 2829 3244 die

813 3437 865 3485 6.
894 3436 1086 3483 Nomen
1122 3432 1332 3482 absentis
1370 3430 1577 3498 deferre.
1613 3434 1766 3496 Quod
1855 3436 2068 3498 conjicit
2120 3438 2322 3484 Hotom.
2363 3437 2498 3488 idem
2549 3449 2646 3485 esse
2683 3425 2825 3475 crim

741 3515 936 3573 Romae,
964 3514 1168 3561 omniuo
1194 3513 1329 3560 nefas
1362 3521 1492 3572 ertu
1519 3511 1607 3559 ille
1637 3514 1764 3560 enim
1853 3526 2193 3579 corruptarum
2233 3513 2542 3579 publicarum
2574 3508 2823 3562 tabulfflm

740 3594 879 3652 cujus
921 3607 1100 3639 nomen
1152 3590 1491 3648 deserebatur,
1528 3605 1763 3653 praeseus,
1852 3597 1992 3656 cujus
2012 3593 2195 3657 duplex
2219 3610 2323 3641 esse
2350 3595 2513 3658 potuit
2538 3591 2696 3645 aetio,
2726 3574 2824 3640 ⁰²15·

737 3670 870 3735 apud
906 3680 1165 3732 praetorem
1203 3667 1612 3733 interrogabatur,
1646 3685 1761 3718 num
1853 3673 1960 3720 talis
1987 3682 2036 3720 et
2059 3688 2162 3720 non
2189 3673 2427 3737 capitalis.
2472 3673 2566 3720 Sed
2599 3682 2685 3733 qua
2708 3661 2820 3709 W

738 3748 1005 3814 quidquam
1031 3758 1200 3794 contra
1235 3746 1391 3811 legem
1426 3748 1759 3798 commisisset.
1849 3752 2138 3799 auctoritate
2153 3751 2276 3799 illud
2291 3750 2525 3810 affirmet,
2545 3748 2713 3799 nescio·

736 3828 861 3877 Inde
887 3840 1062 3874 nomen
1090 3826 1195 3885 ejus
1233 3827 1285 3872 in
1329 3824 1553 3873 ordinem
1592 3843 1650 3874 ac
1686 3844 1760 3875 se·
1923 3833 1971 3879 8.
2002 3833 2151 3894 Quae,
2187 3844 2243 3879 ut
2268 3842 2425 3880 erant.
2444 3832 2693 3880 Lambinus
2711 3817 2818 3868 edm

734 3909 856 3955 riem
878 3920 1073 3954 reorum
1095 3902 1413 3951 deferebatur.
1807 3908 2041 3968 maluit,
2071 3926 2225 3974 «quae
2249 3921 2304 3958 ut
2324 3922 2452 3960 erat.
2467 3906 2791 3960 ..videbatur-

746 4005 749 4010 ·
806 4004 854 4047 7.
891 3982 1137 4049 Defertur.
1165 3980 1299 4045 Quid
1326 3982 1390 4030 sit
1423 3984 1607 4031 οτίιιιοιι
1629 3984 1755 4033 illud
1913 3989 2161 4037 xxxlx.
2197 4005 2239 4038 1.
2278 3991 2328 4036 S.
2371 3989 2619 4037 volumtas.
2657 3970 2819 4030 10⁰⁰¹3⁰

733 4064 962 4136 capitale,
999 4062 1139 4124 cujus
1172 4073 1427 4111 accusatur
1453 4063 1680 4112 Sthenius
1706 4075 1755 4111 et
1841 4066 2040 4130 antiqua
2062 4079 2111 4114 et
2133 4068 2441 4132 perelegaus;
2477 4068 2604 4116 idem
2630 4071 2691 4112 υἱ
2711 4045 2813 4118 q⁰⁰d

732 4145 1025 4202 damnatur,
1077 4158 1181 4191 uon
1232 4143 1504 4192 nominavit
1567 4156 1750 4194 orator.
1842 4143 2176 4195 libentissimis
2193 4147 2365 4196 animis
2381 4146 2751 4195 assentiebantur·
