3044 4788
650 435 790 523 554
1442 438 1977 507 EXCURSUS

642 558 989 622 subvenire
1024 558 1293 645 cupiens
1330 559 1438 645 Sp.
1464 559 1755 622 Thorius
1791 559 2092 622 tribunus
2144 560 2350 645 plebis
2386 583 2578 625 anno
2626 564 2827 627 Urbis

644 664 809 744 646,
856 664 1036 743 tulit,
1087 695 1111 718 «
1137 664 1234 726 Ne
1281 687 1358 725 ex
1404 663 1544 751 lege
1594 664 1972 751 Sempronia
2020 662 2473 728 dividerentur
2521 668 2825 755 amplius

643 771 778 859 agri
815 770 1093 858 publici,
1130 769 1242 833 sed
1282 791 1688 856 possessores
1736 771 1805 832 in
1842 771 1917 833 iis
1950 770 2155 834 relicti
2190 772 2528 860 vectigalia
2568 796 2709 860 pro
2749 775 2823 837 iis

643 875 1037 964 penderent3
1074 897 1276 962 eaque
1309 876 1584 961 pecunia
1623 876 1798 963 plebi
1839 875 2293 939 divideretur».

732 983 1037 1045 Thoriam
1070 981 1275 1068 legem
1322 980 1620 1044 vitiosam
1673 1000 1739 1044 et
1784 982 2081 1044 inutilem
2122 982 2401 1070 appellat
2450 984 2699 1046 Cicero
2750 987 2818 1047 in

646 1091 877 1165 Brut0,
912 1085 1091 1172 quod
1126 1084 1453 1149 fraudaret
1487 1087 1784 1150 aerarium
1821 1088 2187 1175 publicum,
2229 1104 2294 1150 et
2332 1087 2512 1174 plebi
2562 1089 2812 1152 viritim

645 1195 980 1283 pecuniam
1022 1194 1400 1280 vectigalem
1450 1193 1785 1259 divideret.
1850 1195 1999 1258 Non
2051 1211 2266 1259 tamen
2320 1196 2456 1259 hoc
2499 1197 2660 1260 loco
2706 1221 2811 1261 res

643 1300 848 1372 stetit,
882 1298 997 1362 sed
1035 1300 1306 1363 ulterius
1341 1323 1679 1390 progressa
1710 1300 1912 1365 libido
1947 1315 2045 1364 est
2072 1294 2274 1364 :nam
2312 1302 2635 1366 tribunus
2667 1304 2805 1390 ple-

643 1406 740 1469 bis
787 1406 950 1468 alius
989 1405 1259 1494 vectigal
1308 1405 1467 1470 illud
1516 1422 1732 1471 totum
1784 1407 1923 1496 lege
1982 1429 2096 1469 sua
2144 1407 2439 1486 sustulit3
2490 1422 2563 1470 et
2614 1431 2801 1496 agros

642 1513 979 1600 vectigales
1031 1535 1259 1576 omnes
1313 1514 1640 1576 immunes
1689 1514 1881 1592 fecit3
1935 1514 2265 1600 cavitque,
2309 1513 2458 1576 «Ne
2512 1516 2801 1602 populo,

646 1641 805 1682 neve
836 1618 1186 1706 publicano
1222 1620 1530 1705 pecunia,
1568 1606 2317 1706 scriptura‚'vectigalve
2351 1616 2650 1698 daretur,
2687 1620 2804 1683 da-

643 1725 777 1788 rive
827 1723 1090 1789 deberet
1113 1756 1156 1786 ».
1219 1725 1324 1788 Sic
1373 1724 1736 1811 respublica
1785 1725 1965 1787 omni
2017 1726 2238 1787 fructu
2281 1724 2481 1788 Italiae
2522 1720 2801 1810 spoliata

609 1845 840 1917 ,atque
875 1829 1117 1893 nudata
1149 1844 1286 1893 est:
1322 1828 1500 1893 unde
1534 1830 1767 1894 merito
1798 1828 1959 1895 dixit
1981 1829 2245 1908 Cicero,
2282 1830 2638 1915 «portoriis
2673 1831 2802 1892 Ita·

646 1935 746 1999 liae
780 1935 1047 1999 sublatis
1068 1983 1086 2015 ‚
1130 1956 1285 2024 agro
1325 1936 1655 2021 Campano
1688 1933 1929 2016 diviso,
1963 1933 2236 2022 vectigal
2270 1933 2529 1996 nullum
2563 1956 2800 2022 super·

647 2062 783 2105 esse
810 2039 1241 2104 domesticum
1272 2055 1502 2127 praeter
1528 2041 1896 2104 vicesimam
1923 2071 1970 2102 υ.

731 2147 825 2208 Ea
855 2148 980 2208 fuit
1010 2168 1228 2208 rerum
1261 2145 1530 2207 istarum
1568 2147 1730 2210 ratio
1772 2148 1837 2209 in
1875 2146 2073 2210 Italia.
2127 2143 2205 2206 In
2243 2146 2600 2233 provinciis
2635 2170 2789 2210 vero

646 2265 955 2315 attentata
988 2248 1319 2312 interdum
1348 2273 1384 2313 a
1417 2249 1770 2332 seditiosiS,
1803 2268 1915 2315 aut
1940 2251 2236 2338 populari
2270 2250 2497 2314 studio
2534 2252 2791 2316 devotis

646 2355 926 2436 civibus,
982 2372 1047 2420 et
1095 2355 1396 2444 decerpta
1446 2356 1529 2421 de
1583 2358 1847 2447 publico
1897 2356 2290 2445 patrimonio
2343 2356 2539 2421 etiam
2586 2358 2790 2424 fuisse

639 2462 965 2551 vectigalia
999 2461 1237 2526 docent
1275 2463 1575 2527 historiae.
1628 2465 1733 2529 Sic
1769 2465 1839 2528 P.
1875 2462 2176 2543 Clodius,
2209 2463 2493 2526 furiosus
2534 2464 2649 2528 ille
2678 2467 2789 2529 tri-

640 2570 861 2633 bunus
895 2568 1133 2657 plebis»,
1169 2571 1504 2656 Byzantios
1532 2571 1673 2658 lege
1707 2593 1826 2634 sua
1857 2571 2190 2649 liberavit,
2226 2569 2352 2633 hoc
2385 2586 2513 2651 cst,
2554 2571 2793 2636 immu-

643 2676 844 2739 nitate
875 2675 1156 2738 donavit.
1193 2675 1447 2738 Interea
1488 2675 1717 2740 divites
1764 2678 1830 2738 in
1872 2676 2221 2763 provinciis
2272 2675 2614 2740 latifundia
2670 2679 2793 2742 sibi

646 2796 1180 2867 comparaverunt
1202 2829 1220 2860 ‚
1256 2780 1494 2865 quibus
1534 2804 1838 2870 agrorum
1882 2782 2444 2869 scripturariorum
2485 2784 2661 2846 facta
2697 2802 2796 2849 est

645 2885 1039 2948 imminutio.
1079 2884 1295 2948 Crevit
1332 2886 1605 2968 civium,
1638 2901 1702 2949 et
1734 2887 1991 2950 civitate
2026 2909 2191 2951 rom.
2230 2885 2627 2951 donatorum
2664 2912 2793 2954 nu-

643 3010 894 3069 merus,
928 3003 1123 3075 atque
1155 3012 1234 3053 eo
1269 3006 1597 3054 crescente
1631 2989 2044 3055 deminutum
2079 3009 2174 3056 est
2202 2993 2568 3080 portorium
2597 2997 2797 3060 vecti·

644 3093 777 3184 gal,
827 3093 1009 3174 cujus
1046 3093 1370 3158 immunes
1405 3096 1659 3159 romani
1695 3097 1899 3176 cives,
1949 3112 2014 3159 et
2057 3096 2214 3160 socii
2270 3096 2554 3161 nominis
2600 3098 2791 3163 latini

641 3216 858 3282 erant3
891 3216 966 3265 ut
997 3198 1322 3289 colligitur
1353 3223 1431 3264 ex
1459 3202 1672 3283 Livio,
1698 3202 2081 3283 XXXVIII,
2111 3206 2219 3280 44.

728 3305 1165 3394 Stipendium,
1193 3306 1517 3395 vectigalis
1547 3329 1753 3394 genus
1787 3308 1981 3371 etiam
2015 3307 2167 3390 fuit,
2202 3307 2382 3395 quod
2407 3308 2793 3396 pendebant

642 3411 987 3498 provinciae
1020 3412 1175 3493 illae,
1214 3435 1358 3500 qum
1397 3412 1483 3475 ob
1517 3411 1587 3475 id
1625 3412 2054 3502 stipendiariae
2098 3413 2601 3501 appellabantur.
2648 3419 2789 3482 Ha·

641 3539 788 3579 rum
815 3518 1089 3604 pessima
1115 3534 1249 3581 erat
1274 3517 1583 3582 conditio.
1609 3519 1961 3583 Tributum
1991 3520 2166 3583 enim
2208 3518 2445 3607 duplex
2485 3523 2788 3588 confere-

645 3620 820 3683 b'ant.
852 3622 1034 3685 Tales
1068 3622 1276 3704 Poeni,
1325 3623 1630 3710 Hispani,
1679 3623 1876 3705 Galli,
1921 3639 1985 3687 et
2036 3625 2291 3713 plures,
2338 3625 2450 3712 qui
2497 3648 2618 3712 per
2646 3629 2787 3691 vim

645 3725 968 3804 ultimam,
1005 3742 1070 3788 et
1100 3726 1271 3790 bello
1304 3728 1629 3814 pertinace
1659 3730 1810 3793 victi
1844 3746 2079 3794 essent.
2130 3731 2432 3813 Quorum
2473 3752 2785 3819 corpora,

645 3832 777 3896 sive
807 3829 1043 3917 capita,
1088 3847 1163 3893 ut
1192 3832 1401 3894 Latini
1436 3833 1803 3921 loquuntur
1824 3885 1842 3915 ‚
1891 3851 1956 3900 et
1986 3837 2122 3924 agri
2156 3836 2276 3925 ipsi
2319 3837 2539 3900 onusti
2573 3857 2783 3903 erant.

648 3939 788 4001 Hoc
824 3952 1039 3999 autem
1080 3934 1245 4016 tion,
1284 3936 1406 4000 nisi
1444 3937 1512 4001 in
1546 3959 1695 4002 vere
1724 3941 1930 4006 victos
1953 3990 1971 4022 ,
2016 3956 2081 4004 et
2111 3941 2174 4003 vi
2209 3940 2539 4022 subditos,
2584 3966 2780 4007 usur-

725 4061 883 4107 tum.

640 4067 967 4214 PaPraeter
1000 4149 1105 4213 illa
1141 4150 1464 4239 vectigalia
1482 4200 1499 4234 ,
1536 4151 1618 4217 de
1653 4151 1891 4239 quibus
1926 4154 2238 4220 hactenus
2274 4154 2556 4242 egimus,
2599 4155 2779 4222 aliud
