<?xml version="1.0" encoding="UTF-8"?>
<!DOCTYPE html PUBLIC "-//W3C//DTD XHTML 1.0 Transitional//EN"
    "http://www.w3.org/TR/xhtml1/DTD/xhtml1-transitional.dtd">
<html xmlns="http://www.w3.org/1999/xhtml" xml:lang="en" lang="en">
 <head>
  <title>
</title>
<meta http-equiv="Content-Type" content="text/html;charset=utf-8" />
  <meta name='ocr-system' content='tesseract 3.04.00' />
  <meta name='ocr-capabilities' content='ocr_page ocr_carea ocr_par ocr_line ocrx_word'/>
</head>
<body>
  <div class='ocr_page' id='page_1' title='image "./mtciceronisquae09lemagoog/mtciceronisquae09lemagoog_0032.png"; bbox 0 0 3044 4788; ppageno 0'>
   <div class='ocr_carea' id='block_1_1' title="bbox 649 380 1956 487">
    <p class='ocr_par' dir='ltr' id='par_1_1' title="bbox 649 380 1956 487">
     <span class='ocr_line' id='line_1_1' title="bbox 649 380 1956 487; baseline 0.004 -5"><span class='ocrx_word' id='word_1_1' title='bbox 649 439 794 482; x_wconf 70' lang='lat' dir='ltr'>xxx</span> <span class='ocrx_word' id='word_1_2' title='bbox 1410 380 1411 387; x_wconf 51' lang='lat'>‘</span> <span class='ocrx_word' id='word_1_3' title='bbox 1449 417 1956 487; x_wconf 71' lang='lat' dir='ltr'>PRAEFA‘rlo</span> 
     </span>
    </p>
   </div>
   <div class='ocr_carea' id='block_1_2' title="bbox 576 535 2860 4138">
    <p class='ocr_par' dir='ltr' id='par_1_2' title="bbox 650 535 2774 746">
     <span class='ocr_line' id='line_1_2' title="bbox 650 535 2774 635; baseline 0.004 -31"><span class='ocrx_word' id='word_1_4' title='bbox 650 539 1086 606; x_wconf 77' lang='lat' dir='ltr'>imitatores»</span> <span class='ocrx_word' id='word_1_5' title='bbox 1109 558 1262 605; x_wconf 90' lang='lat' dir='ltr'>esse</span> <span class='ocrx_word' id='word_1_6' title='bbox 1291 535 1635 615; x_wconf 80' lang='lat' dir='ltr'><strong>dicerent.</strong></span> <span class='ocrx_word' id='word_1_7' title='bbox 1661 539 1750 607; x_wconf 87' lang='lat' dir='ltr'>Hi</span> <span class='ocrx_word' id='word_1_8' title='bbox 1775 562 2004 634; x_wconf 92' lang='lat' dir='ltr'>quum</span> <span class='ocrx_word' id='word_1_9' title='bbox 2037 539 2521 635; x_wconf 77' lang='lat' dir='ltr'>eloquentiam</span> <span class='ocrx_word' id='word_1_10' title='bbox 2550 538 2774 612; x_wconf 79' lang='lat' dir='ltr'>imbe-</span> 
     </span>
     <span class='ocr_line' id='line_1_3' title="bbox 650 645 2765 746; baseline 0.002 -32"><span class='ocrx_word' id='word_1_11' title='bbox 650 645 940 715; x_wconf 88' lang='lat' dir='ltr'>cillitate</span> <span class='ocrx_word' id='word_1_12' title='bbox 964 667 1090 715; x_wconf 90' lang='lat' dir='ltr'>sua</span> <span class='ocrx_word' id='word_1_13' title='bbox 1116 649 1569 739; x_wconf 85' lang='lat' dir='ltr'>metirentur,</span> <span class='ocrx_word' id='word_1_14' title='bbox 1586 662 1658 717; x_wconf 92' lang='lat' dir='ltr'>et</span> <span class='ocrx_word' id='word_1_15' title='bbox 1685 661 1968 718; x_wconf 86' lang='lat' dir='ltr'>tantum</span> <span class='ocrx_word' id='word_1_16' title='bbox 1994 647 2765 746; x_wconf 82' lang='lat' dir='ltr'>laudarent,quantutn</span> 
     </span>
    </p>

    <p class='ocr_par' dir='ltr' id='par_1_3' title="bbox 640 757 2796 2275">
     <span class='ocr_line' id='line_1_4' title="bbox 645 757 2770 855; baseline 0.001 -30"><span class='ocrx_word' id='word_1_17' title='bbox 645 781 722 828; x_wconf 90' lang='lat' dir='ltr'>se</span> <span class='ocrx_word' id='word_1_18' title='bbox 766 778 976 852; x_wconf 89' lang='lat' dir='ltr'>posse</span> <span class='ocrx_word' id='word_1_19' title='bbox 1025 769 1391 850; x_wconf 84' lang='lat' dir='ltr'>sperarent</span> <span class='ocrx_word' id='word_1_20' title='bbox 1444 757 1752 843; x_wconf 90' lang='lat' dir='ltr'>imitari;</span> <span class='ocrx_word' id='word_1_21' title='bbox 1808 758 2295 855; x_wconf 77' lang='lat' dir='ltr'><strong>eloquentiam</strong></span> <span class='ocrx_word' id='word_1_22' title='bbox 2349 760 2718 828; x_wconf 87' lang='lat' dir='ltr'>Ciceronis</span> <span class='ocrx_word' id='word_1_23' title='bbox 2747 812 2770 845; x_wconf 90' lang='lat'>,</span> 
     </span>
     <span class='ocr_line' id='line_1_5' title="bbox 644 864 2770 962; baseline 0.001 -27"><span class='ocrx_word' id='word_1_24' title='bbox 644 891 799 935; x_wconf 90' lang='lat' dir='ltr'>non</span> <span class='ocrx_word' id='word_1_25' title='bbox 831 864 1021 934; x_wconf 90' lang='lat' dir='ltr'>illam</span> <span class='ocrx_word' id='word_1_26' title='bbox 1049 864 1271 959; x_wconf 84' lang='lat' dir='ltr'>Lysiae</span> <span class='ocrx_word' id='word_1_27' title='bbox 1303 878 1597 934; x_wconf 86' lang='lat' dir='ltr'>tenuem</span> <span class='ocrx_word' id='word_1_28' title='bbox 1625 881 1697 936; x_wconf 89' lang='lat' dir='ltr'>et</span> <span class='ocrx_word' id='word_1_29' title='bbox 1734 866 2032 955; x_wconf 85' lang='lat' dir='ltr'>exilem,</span> <span class='ocrx_word' id='word_1_30' title='bbox 2067 868 2156 938; x_wconf 90' lang='lat' dir='ltr'>ad</span> <span class='ocrx_word' id='word_1_31' title='bbox 2189 868 2398 962; x_wconf 88' lang='lat' dir='ltr'>cujus</span> <span class='ocrx_word' id='word_1_32' title='bbox 2435 870 2770 938; x_wconf 81' lang='lat' dir='ltr'>imitatio-</span> 
     </span>
     <span class='ocr_line' id='line_1_6' title="bbox 647 971 2769 1072; baseline 0.001 -28"><span class='ocrx_word' id='word_1_33' title='bbox 647 998 815 1044; x_wconf 87' lang='lat' dir='ltr'>nem</span> <span class='ocrx_word' id='word_1_34' title='bbox 835 997 911 1044; x_wconf 90' lang='lat' dir='ltr'>se</span> <span class='ocrx_word' id='word_1_35' title='bbox 940 987 1131 1043; x_wconf 88' lang='lat' dir='ltr'>totos</span> <span class='ocrx_word' id='word_1_36' title='bbox 1164 971 1820 1064; x_wconf 79' lang='lat' dir='ltr'>conformaveram,</span> <span class='ocrx_word' id='word_1_37' title='bbox 1841 974 1967 1046; x_wconf 91' lang='lat' dir='ltr'>sed</span> <span class='ocrx_word' id='word_1_38' title='bbox 1992 975 2357 1072; x_wconf 82' lang='lat' dir='ltr'>grandem,</span> <span class='ocrx_word' id='word_1_39' title='bbox 2383 975 2769 1046; x_wconf 89' lang='lat' dir='ltr'>uberibus-</span> 
     </span>
     <span class='ocr_line' id='line_1_7' title="bbox 645 1083 2769 1182; baseline 0 -29"><span class='ocrx_word' id='word_1_40' title='bbox 645 1110 792 1181; x_wconf 85' lang='lat' dir='ltr'>que</span> <span class='ocrx_word' id='word_1_41' title='bbox 835 1085 1206 1155; x_wconf 86' lang='lat' dir='ltr'>sententiis</span> <span class='ocrx_word' id='word_1_42' title='bbox 1240 1083 1772 1173; x_wconf 86' lang='lat' dir='ltr'>abundantem,</span> <span class='ocrx_word' id='word_1_43' title='bbox 1829 1101 2191 1182; x_wconf 86' lang='lat' dir='ltr'>tamquam</span> <span class='ocrx_word' id='word_1_44' title='bbox 2247 1086 2724 1182; x_wconf 88' lang='lat' dir='ltr'>copiosiorem</span> <span class='ocrx_word' id='word_1_45' title='bbox 2749 1140 2769 1170; x_wconf 87' lang='lat'>,</span> 
     </span>
     <span class='ocr_line' id='line_1_8' title="bbox 645 1191 2768 1291; baseline 0 -26"><span class='ocrx_word' id='word_1_46' title='bbox 645 1191 1289 1290; x_wconf 89' lang='lat' dir='ltr'>reprehenderunt.</span> <span class='ocrx_word' id='word_1_47' title='bbox 1322 1196 1668 1283; x_wconf 75' lang='lat' dir='ltr'>Quamvis</span> <span class='ocrx_word' id='word_1_48' title='bbox 1704 1210 1944 1266; x_wconf 87' lang='lat' dir='ltr'>autern</span> <span class='ocrx_word' id='word_1_49' title='bbox 1980 1219 2205 1291; x_wconf 87' lang='lat' dir='ltr'>genus</span> <span class='ocrx_word' id='word_1_50' title='bbox 2241 1195 2418 1266; x_wconf 93' lang='lat' dir='ltr'>illud</span> <span class='ocrx_word' id='word_1_51' title='bbox 2450 1198 2768 1265; x_wconf 90' lang='lat' dir='ltr'>Atticum</span> 
     </span>
     <span class='ocr_line' id='line_1_9' title="bbox 648 1300 2767 1402; baseline 0.002 -31"><span class='ocrx_word' id='word_1_52' title='bbox 648 1306 723 1371; x_wconf 90' lang='lat' dir='ltr'>in</span> <span class='ocrx_word' id='word_1_53' title='bbox 769 1300 966 1385; x_wconf 80' lang='lat' dir='ltr'>foro,</span> <span class='ocrx_word' id='word_1_54' title='bbox 1003 1303 1376 1399; x_wconf 90' lang='lat' dir='ltr'>causisque</span> <span class='ocrx_word' id='word_1_55' title='bbox 1415 1301 1827 1374; x_wconf 88' lang='lat' dir='ltr'>forensibus</span> <span class='ocrx_word' id='word_1_56' title='bbox 1868 1330 2021 1375; x_wconf 89' lang='lat' dir='ltr'>non</span> <span class='ocrx_word' id='word_1_57' title='bbox 2059 1319 2304 1402; x_wconf 90' lang='lat' dir='ltr'>posset</span> <span class='ocrx_word' id='word_1_58' title='bbox 2339 1309 2767 1391; x_wconf 89' lang='lat' dir='ltr'>consistere,</span> 
     </span>
     <span class='ocr_line' id='line_1_10' title="bbox 646 1410 2796 1510; baseline 0.003 -31"><span class='ocrx_word' id='word_1_59' title='bbox 646 1426 850 1481; x_wconf 73' lang='lat' dir='ltr'>erant</span> <span class='ocrx_word' id='word_1_60' title='bbox 887 1410 1353 1481; x_wconf 89' lang='lat' dir='ltr'>nihilominus</span> <span class='ocrx_word' id='word_1_61' title='bbox 1389 1414 1515 1508; x_wconf 88' lang='lat' dir='ltr'>qui</span> <span class='ocrx_word' id='word_1_62' title='bbox 1560 1427 1799 1509; x_wconf 88' lang='lat' dir='ltr'>partes</span> <span class='ocrx_word' id='word_1_63' title='bbox 1834 1414 1988 1507; x_wconf 87' lang='lat' dir='ltr'>ejus</span> <span class='ocrx_word' id='word_1_64' title='bbox 2016 1428 2450 1501; x_wconf 89' lang='lat' dir='ltr'>tutarentur,</span> <span class='ocrx_word' id='word_1_65' title='bbox 2491 1418 2796 1510; x_wconf 91' lang='lat' dir='ltr'>quique·</span> 
     </span>
     <span class='ocr_line' id='line_1_11' title="bbox 640 1521 2772 1621; baseline 0 -30"><span class='ocrx_word' id='word_1_66' title='bbox 640 1521 829 1591; x_wconf 88' lang='lat' dir='ltr'>hanc</span> <span class='ocrx_word' id='word_1_67' title='bbox 865 1536 1133 1592; x_wconf 87' lang='lat' dir='ltr'>sectam</span> <span class='ocrx_word' id='word_1_68' title='bbox 1174 1523 1675 1621; x_wconf 88' lang='lat' dir='ltr'>rationemque</span> <span class='ocrx_word' id='word_1_69' title='bbox 1720 1521 2004 1592; x_wconf 86' lang='lat' dir='ltr'>dicendi</span> <span class='ocrx_word' id='word_1_70' title='bbox 2045 1521 2542 1594; x_wconf 88' lang='lat' dir='ltr'>defenderent.</span> <span class='ocrx_word' id='word_1_71' title='bbox 2583 1528 2772 1592; x_wconf 86' lang='lat' dir='ltr'>Istos</span> 
     </span>
     <span class='ocr_line' id='line_1_12' title="bbox 644 1628 2773 1728; baseline 0 -26"><span class='ocrx_word' id='word_1_72' title='bbox 644 1628 993 1728; x_wconf 83' lang='lat' dir='ltr'>significat</span> <span class='ocrx_word' id='word_1_73' title='bbox 1006 1630 1276 1700; x_wconf 91' lang='lat' dir='ltr'>Tullius</span> <span class='ocrx_word' id='word_1_74' title='bbox 1298 1629 1407 1698; x_wconf 87' lang='lat' dir='ltr'>his</span> <span class='ocrx_word' id='word_1_75' title='bbox 1427 1630 1664 1700; x_wconf 84' lang='lat' dir='ltr'>verbis</span> <span class='ocrx_word' id='word_1_76' title='bbox 1684 1632 1998 1727; x_wconf 91' lang='lat' dir='ltr'>(Tuscul.</span> <span class='ocrx_word' id='word_1_77' title='bbox 2014 1638 2107 1719; x_wconf 90' lang='lat' dir='ltr'>II,</span> <span class='ocrx_word' id='word_1_78' title='bbox 2141 1632 2201 1723; x_wconf 91' lang='grc' dir='ltr'>ι)</span> <span class='ocrx_word' id='word_1_79' title='bbox 2222 1660 2237 1701; x_wconf 86' lang='lat'>:</span> <span class='ocrx_word' id='word_1_80' title='bbox 2261 1662 2295 1696; x_wconf 77' lang='grc' dir='ltr'><strong>α</strong></span> <span class='ocrx_word' id='word_1_81' title='bbox 2309 1635 2377 1702; x_wconf 91' lang='lat' dir='ltr'>Si</span> <span class='ocrx_word' id='word_1_82' title='bbox 2406 1636 2773 1703; x_wconf 90' lang='lat' dir='ltr'>orationes</span> 
     </span>
     <span class='ocr_line' id='line_1_13' title="bbox 643 1738 2773 1837; baseline -0.001 -25"><span class='ocrx_word' id='word_1_83' title='bbox 643 1756 903 1812; x_wconf 78' lang='lat' dir='ltr'>nostrae</span> <span class='ocrx_word' id='word_1_84' title='bbox 930 1742 1004 1810; x_wconf 89' lang='lat' dir='ltr'>in</span> <span class='ocrx_word' id='word_1_85' title='bbox 1034 1738 1673 1835; x_wconf 85' lang='lat' dir='ltr'>reprehensionem</span> <span class='ocrx_word' id='word_1_86' title='bbox 1703 1741 2204 1828; x_wconf 79' lang='lat' dir='ltr'>incurrerunt3</span> <span class='ocrx_word' id='word_1_87' title='bbox 2234 1742 2294 1810; x_wconf 88' lang='lat' dir='ltr'>si</span> <span class='ocrx_word' id='word_1_88' title='bbox 2315 1739 2773 1837; x_wconf 90' lang='lat' dir='ltr'>reperieban-</span> 
     </span>
     <span class='ocr_line' id='line_1_14' title="bbox 642 1847 2771 1946; baseline -0.002 -23"><span class='ocrx_word' id='word_1_89' title='bbox 642 1869 764 1923; x_wconf 93' lang='lat' dir='ltr'>tur</span> <span class='ocrx_word' id='word_1_90' title='bbox 800 1849 1132 1921; x_wconf 89' lang='lat' dir='ltr'>nonnulli</span> <span class='ocrx_word' id='word_1_91' title='bbox 1163 1849 1290 1944; x_wconf 88' lang='lat' dir='ltr'>qui</span> <span class='ocrx_word' id='word_1_92' title='bbox 1322 1847 1503 1918; x_wconf 91' lang='lat' dir='ltr'>nihil</span> <span class='ocrx_word' id='word_1_93' title='bbox 1545 1848 1943 1938; x_wconf 84' lang='lat' dir='ltr'>laudarent,</span> <span class='ocrx_word' id='word_1_94' title='bbox 1979 1854 2114 1922; x_wconf 89' lang='lat' dir='ltr'>nisi</span> <span class='ocrx_word' id='word_1_95' title='bbox 2155 1850 2352 1946; x_wconf 92' lang='lat' dir='ltr'>quod</span> <span class='ocrx_word' id='word_1_96' title='bbox 2390 1874 2466 1921; x_wconf 90' lang='lat' dir='ltr'>se</span> <span class='ocrx_word' id='word_1_97' title='bbox 2505 1852 2771 1919; x_wconf 86' lang='lat' dir='ltr'>imitari</span> 
     </span>
     <span class='ocr_line' id='line_1_15' title="bbox 647 1956 2770 2060; baseline -0.001 -28"><span class='ocrx_word' id='word_1_98' title='bbox 647 1985 860 2060; x_wconf 81' lang='lat' dir='ltr'>posse</span> <span class='ocrx_word' id='word_1_99' title='bbox 907 1956 1397 2044; x_wconf 81' lang='lat' dir='ltr'>confiderent3</span> <span class='ocrx_word' id='word_1_100' title='bbox 1443 1983 1807 2055; x_wconf 90' lang='lat' dir='ltr'>quemque</span> <span class='ocrx_word' id='word_1_101' title='bbox 1844 1958 2177 2057; x_wconf 89' lang='lat' dir='ltr'>sperandi</span> <span class='ocrx_word' id='word_1_102' title='bbox 2215 1959 2386 2047; x_wconf 90' lang='lat' dir='ltr'>sibi,</span> <span class='ocrx_word' id='word_1_103' title='bbox 2429 1958 2770 2029; x_wconf 90' lang='lat' dir='ltr'>eumdem</span> 
     </span>
     <span class='ocr_line' id='line_1_16' title="bbox 648 2065 2777 2165; baseline -0.002 -22"><span class='ocrx_word' id='word_1_104' title='bbox 648 2087 723 2143; x_wconf 91' lang='lat' dir='ltr'>et</span> <span class='ocrx_word' id='word_1_105' title='bbox 756 2070 944 2141; x_wconf 91' lang='lat' dir='ltr'>bene</span> <span class='ocrx_word' id='word_1_106' title='bbox 974 2065 1257 2137; x_wconf 90' lang='lat' dir='ltr'>dicendi</span> <span class='ocrx_word' id='word_1_107' title='bbox 1295 2066 1517 2138; x_wconf 89' lang='lat' dir='ltr'>finem</span> <span class='ocrx_word' id='word_1_108' title='bbox 1553 2084 2080 2165; x_wconf 85' lang='lat' dir='ltr'>proponerent;</span> <span class='ocrx_word' id='word_1_109' title='bbox 2134 2084 2206 2139; x_wconf 93' lang='lat' dir='ltr'>et</span> <span class='ocrx_word' id='word_1_110' title='bbox 2243 2094 2470 2164; x_wconf 90' lang='lat' dir='ltr'>quum</span> <span class='ocrx_word' id='word_1_111' title='bbox 2511 2069 2777 2138; x_wconf 90' lang='lat' dir='ltr'>obrue-</span> 
     </span>
     <span class='ocr_line' id='line_1_17' title="bbox 647 2176 2771 2275; baseline -0.002 -24"><span class='ocrx_word' id='word_1_112' title='bbox 647 2194 901 2251; x_wconf 89' lang='lat' dir='ltr'>rentur</span> <span class='ocrx_word' id='word_1_113' title='bbox 933 2178 1142 2274; x_wconf 93' lang='lat' dir='ltr'>copia</span> <span class='ocrx_word' id='word_1_114' title='bbox 1176 2180 1695 2248; x_wconf 89' lang='lat' dir='ltr'>sententiarum</span> <span class='ocrx_word' id='word_1_115' title='bbox 1727 2194 1945 2275; x_wconf 89' lang='lat' dir='ltr'>atque</span> <span class='ocrx_word' id='word_1_116' title='bbox 1987 2176 2376 2248; x_wconf 89' lang='lat' dir='ltr'>verborum</span> <span class='ocrx_word' id='word_1_117' title='bbox 2395 2231 2415 2264; x_wconf 90' lang='lat'>,</span> <span class='ocrx_word' id='word_1_118' title='bbox 2439 2178 2534 2272; x_wconf 85' lang='lat' dir='ltr'>J&#39;ej</span> <span class='ocrx_word' id='word_1_119' title='bbox 2545 2180 2771 2247; x_wconf 89' lang='lat' dir='ltr'>unita-</span> 
     </span>
    </p>

    <p class='ocr_par' dir='ltr' id='par_1_4' title="bbox 641 2286 2771 3360">
     <span class='ocr_line' id='line_1_18' title="bbox 647 2286 2771 2410; baseline -0.002 -51"><span class='ocrx_word' id='word_1_120' title='bbox 647 2305 797 2360; x_wconf 88' lang='lat' dir='ltr'>tem</span> <span class='ocrx_word' id='word_1_121' title='bbox 834 2303 906 2359; x_wconf 90' lang='lat' dir='ltr'>et</span> <span class='ocrx_word' id='word_1_122' title='bbox 943 2286 1200 2358; x_wconf 86' lang='lat' dir='ltr'>famem</span> <span class='ocrx_word' id='word_1_123' title='bbox 1240 2310 1314 2356; x_wconf 90' lang='lat' dir='ltr'>se</span> <span class='ocrx_word' id='word_1_124' title='bbox 1362 2286 1611 2374; x_wconf 87' lang='lat' dir='ltr'>malle,</span> <span class='ocrx_word' id='word_1_125' title='bbox 1651 2312 1866 2383; x_wconf 88' lang='lat' dir='ltr'>quam</span> <span class='ocrx_word' id='word_1_126' title='bbox 1907 2286 2314 2358; x_wconf 65' lang='lat' dir='ltr'>ubertatem</span> <span class='ocrx_word' id='word_1_127' title='bbox 2365 2302 2435 2358; x_wconf 89' lang='lat' dir='ltr'>et</span> <span class='ocrx_word' id='word_1_128' title='bbox 2485 2288 2771 2410; x_wconf 82' lang='lat' dir='ltr'>copiam</span> 
     </span>
     <span class='ocr_line' id='line_1_19' title="bbox 648 2397 2770 2495; baseline -0.002 -23"><span class='ocrx_word' id='word_1_129' title='bbox 648 2402 1009 2486; x_wconf 86' lang='lat' dir='ltr'>dicerent,</span> <span class='ocrx_word' id='word_1_130' title='bbox 1070 2397 1261 2469; x_wconf 89' lang='lat' dir='ltr'>unde</span> <span class='ocrx_word' id='word_1_131' title='bbox 1324 2412 1477 2468; x_wconf 84' lang='lat' dir='ltr'>erat</span> <span class='ocrx_word' id='word_1_132' title='bbox 1530 2412 1860 2468; x_wconf 85' lang='lat' dir='ltr'>exortum</span> <span class='ocrx_word' id='word_1_133' title='bbox 1918 2424 2147 2495; x_wconf 86' lang='lat' dir='ltr'>genus</span> <span class='ocrx_word' id='word_1_134' title='bbox 2197 2399 2636 2485; x_wconf 87' lang='lat' dir='ltr'>Atticorum,</span> <span class='ocrx_word' id='word_1_135' title='bbox 2681 2399 2770 2467; x_wconf 82' lang='lat' dir='ltr'>iis</span> 
     </span>
     <span class='ocr_line' id='line_1_20' title="bbox 647 2506 2769 2609; baseline -0.002 -28"><span class='ocrx_word' id='word_1_136' title='bbox 647 2514 821 2609; x_wconf 89' lang='lat' dir='ltr'>ipsis</span> <span class='ocrx_word' id='word_1_137' title='bbox 855 2512 980 2606; x_wconf 92' lang='lat' dir='ltr'>qui</span> <span class='ocrx_word' id='word_1_138' title='bbox 1017 2508 1091 2579; x_wconf 91' lang='lat' dir='ltr'>id</span> <span class='ocrx_word' id='word_1_139' title='bbox 1128 2511 1331 2605; x_wconf 90' lang='lat' dir='ltr'>sequi</span> <span class='ocrx_word' id='word_1_140' title='bbox 1369 2533 1443 2580; x_wconf 91' lang='lat' dir='ltr'>se</span> <span class='ocrx_word' id='word_1_141' title='bbox 1480 2506 2034 2605; x_wconf 83' lang='lat' dir='ltr'>profitebantur,</span> <span class='ocrx_word' id='word_1_142' title='bbox 2058 2511 2424 2605; x_wconf 83' lang='lat' dir='ltr'>ignotum3</span> <span class='ocrx_word' id='word_1_143' title='bbox 2452 2510 2577 2603; x_wconf 91' lang='lat' dir='ltr'>qui</span> <span class='ocrx_word' id='word_1_144' title='bbox 2617 2507 2769 2600; x_wconf 88' lang='lat' dir='ltr'>jam</span> 
     </span>
     <span class='ocr_line' id='line_1_21' title="bbox 645 2617 2767 2715; baseline -0.002 -24"><span class='ocrx_word' id='word_1_145' title='bbox 645 2620 1101 2702; x_wconf 83' lang='lat' dir='ltr'>conticuere,</span> <span class='ocrx_word' id='word_1_146' title='bbox 1143 2642 1348 2715; x_wconf 86' lang='lat' dir='ltr'>paene</span> <span class='ocrx_word' id='word_1_147' title='bbox 1391 2617 1481 2687; x_wconf 93' lang='lat' dir='ltr'>ab</span> <span class='ocrx_word' id='word_1_148' title='bbox 1533 2619 1688 2714; x_wconf 87' lang='lat' dir='ltr'>ipso</span> <span class='ocrx_word' id='word_1_149' title='bbox 1736 2617 1895 2689; x_wconf 91' lang='lat' dir='ltr'>foro</span> <span class='ocrx_word' id='word_1_150' title='bbox 1936 2620 2165 2689; x_wconf 87' lang='lat' dir='ltr'>irrisi:</span> <span class='ocrx_word' id='word_1_151' title='bbox 2210 2618 2385 2715; x_wconf 89' lang='lat' dir='ltr'>quid</span> <span class='ocrx_word' id='word_1_152' title='bbox 2436 2617 2767 2688; x_wconf 89' lang='lat' dir='ltr'>futurum</span> 
     </span>
     <span class='ocr_line' id='line_1_22' title="bbox 645 2726 2768 2827; baseline -0.001 -27"><span class='ocrx_word' id='word_1_153' title='bbox 645 2746 983 2827; x_wconf 88' lang='lat' dir='ltr'>putamus</span> <span class='ocrx_word' id='word_1_154' title='bbox 1006 2783 1025 2815; x_wconf 94' lang='lat'>,</span> <span class='ocrx_word' id='word_1_155' title='bbox 1053 2751 1317 2824; x_wconf 88' lang='lat' dir='ltr'>quum,</span> <span class='ocrx_word' id='word_1_156' title='bbox 1356 2741 1486 2798; x_wconf 84' lang='lat' dir='ltr'>etc.</span> <span class='ocrx_word' id='word_1_157' title='bbox 1508 2756 1542 2791; x_wconf 75' lang='lat' dir='ltr'>n</span> <span class='ocrx_word' id='word_1_158' title='bbox 1580 2730 1708 2798; x_wconf 89' lang='lat' dir='ltr'>Hic</span> <span class='ocrx_word' id='word_1_159' title='bbox 1739 2726 1903 2799; x_wconf 91' lang='lat' dir='ltr'>fons</span> <span class='ocrx_word' id='word_1_160' title='bbox 1936 2729 2153 2823; x_wconf 86' lang='lat' dir='ltr'>igitur</span> <span class='ocrx_word' id='word_1_161' title='bbox 2180 2742 2251 2799; x_wconf 91' lang='lat' dir='ltr'>et</span> <span class='ocrx_word' id='word_1_162' title='bbox 2287 2730 2492 2823; x_wconf 86' lang='lat' dir='ltr'>origo</span> <span class='ocrx_word' id='word_1_163' title='bbox 2521 2741 2628 2797; x_wconf 91' lang='lat' dir='ltr'>est</span> <span class='ocrx_word' id='word_1_164' title='bbox 2655 2751 2768 2797; x_wconf 86' lang='lat' dir='ltr'>ca·</span> 
     </span>
     <span class='ocr_line' id='line_1_23' title="bbox 643 2835 2771 2935; baseline -0.001 -27"><span class='ocrx_word' id='word_1_165' title='bbox 643 2839 1082 2910; x_wconf 83' lang='lat' dir='ltr'>lumniarurn</span> <span class='ocrx_word' id='word_1_166' title='bbox 1120 2835 1385 2933; x_wconf 88' lang='lat' dir='ltr'>quibus</span> <span class='ocrx_word' id='word_1_167' title='bbox 1419 2837 1692 2907; x_wconf 92' lang='lat' dir='ltr'>Tullius</span> <span class='ocrx_word' id='word_1_168' title='bbox 1726 2862 1767 2906; x_wconf 90' lang='lat' dir='ltr'>a</span> <span class='ocrx_word' id='word_1_169' title='bbox 1804 2839 1961 2908; x_wconf 75' lang='lat' dir='ltr'>suis</span> <span class='ocrx_word' id='word_1_170' title='bbox 1989 2836 2382 2935; x_wconf 69' lang='lat' dir='ltr'>aequalibus</span> <span class='ocrx_word' id='word_1_171' title='bbox 2426 2862 2614 2933; x_wconf 84' lang='lat' dir='ltr'>saepe</span> <span class='ocrx_word' id='word_1_172' title='bbox 2660 2852 2771 2906; x_wconf 90' lang='lat' dir='ltr'>est</span> 
     </span>
     <span class='ocr_line' id='line_1_24' title="bbox 643 2946 2766 3044; baseline -0.001 -26"><span class='ocrx_word' id='word_1_173' title='bbox 643 2950 965 3044; x_wconf 86' lang='lat' dir='ltr'>agitatus.</span> <span class='ocrx_word' id='word_1_174' title='bbox 988 2950 1231 3036; x_wconf 90' lang='lat' dir='ltr'>Quum</span> <span class='ocrx_word' id='word_1_175' title='bbox 1259 2946 1785 3042; x_wconf 88' lang='lat' dir='ltr'>eloquentiam,</span> <span class='ocrx_word' id='word_1_176' title='bbox 1818 2972 1978 3044; x_wconf 77' lang='lat' dir='ltr'>quae</span> <span class='ocrx_word' id='word_1_177' title='bbox 2017 2972 2183 3018; x_wconf 86' lang='lat' dir='ltr'>vera</span> <span class='ocrx_word' id='word_1_178' title='bbox 2216 2947 2369 3017; x_wconf 84' lang='lat' dir='ltr'>laus</span> <span class='ocrx_word' id='word_1_179' title='bbox 2401 2947 2591 3017; x_wconf 88' lang='lat' dir='ltr'>illius</span> <span class='ocrx_word' id='word_1_180' title='bbox 2620 2961 2766 3035; x_wconf 89' lang='lat' dir='ltr'>est,</span> 
     </span>
     <span class='ocr_line' id='line_1_25' title="bbox 644 3054 2764 3152; baseline -0 -25"><span class='ocrx_word' id='word_1_181' title='bbox 644 3063 740 3127; x_wconf 86' lang='lat' dir='ltr'>ita</span> <span class='ocrx_word' id='word_1_182' title='bbox 776 3055 1063 3127; x_wconf 91' lang='lat' dir='ltr'>ductam</span> <span class='ocrx_word' id='word_1_183' title='bbox 1091 3054 1182 3126; x_wconf 92' lang='lat' dir='ltr'>ab</span> <span class='ocrx_word' id='word_1_184' title='bbox 1211 3054 1463 3124; x_wconf 90' lang='lat' dir='ltr'>humili</span> <span class='ocrx_word' id='word_1_185' title='bbox 1499 3057 1951 3152; x_wconf 88' lang='lat' dir='ltr'>perduxisset</span> <span class='ocrx_word' id='word_1_186' title='bbox 1977 3057 2064 3127; x_wconf 89' lang='lat' dir='ltr'>ad</span> <span class='ocrx_word' id='word_1_187' title='bbox 2093 3081 2456 3128; x_wconf 87' lang='lat' dir='ltr'>summum</span> <span class='ocrx_word' id='word_1_188' title='bbox 2477 3111 2495 3143; x_wconf 90' lang='lat'>‚</span> <span class='ocrx_word' id='word_1_189' title='bbox 2518 3071 2601 3127; x_wconf 93' lang='lat' dir='ltr'>ut</span> <span class='ocrx_word' id='word_1_190' title='bbox 2618 3057 2764 3151; x_wconf 87' lang='lat' dir='ltr'>jam</span> 
     </span>
     <span class='ocr_line' id='line_1_26' title="bbox 642 3162 2765 3288; baseline -0 -51"><span class='ocrx_word' id='word_1_191' title='bbox 642 3167 860 3237; x_wconf 89' lang='lat' dir='ltr'>ceteri</span> <span class='ocrx_word' id='word_1_192' title='bbox 911 3171 1038 3262; x_wconf 91' lang='lat' dir='ltr'>qui</span> <span class='ocrx_word' id='word_1_193' title='bbox 1080 3162 1416 3235; x_wconf 84' lang='lat' dir='ltr'>vivebant</span> <span class='ocrx_word' id='word_1_194' title='bbox 1462 3179 1824 3251; x_wconf 80' lang='lat' dir='ltr'>oratoreS,</span> <span class='ocrx_word' id='word_1_195' title='bbox 1869 3191 1957 3237; x_wconf 92' lang='lat' dir='ltr'>eo</span> <span class='ocrx_word' id='word_1_196' title='bbox 2008 3191 2084 3239; x_wconf 90' lang='lat' dir='ltr'>se</span> <span class='ocrx_word' id='word_1_197' title='bbox 2132 3169 2504 3288; x_wconf 84' lang='lat' dir='ltr'>pervenire</span> <span class='ocrx_word' id='word_1_198' title='bbox 2554 3190 2765 3263; x_wconf 89' lang='lat' dir='ltr'>posse</span> 
     </span>
     <span class='ocr_line' id='line_1_27' title="bbox 641 3272 2765 3365; baseline -0 -19"><span class='ocrx_word' id='word_1_199' title='bbox 641 3301 794 3347; x_wconf 85' lang='lat' dir='ltr'>uon</span> <span class='ocrx_word' id='word_1_200' title='bbox 828 3276 1365 3360; x_wconf 84' lang='lat' dir='ltr'>arbitrarentur,</span> <span class='ocrx_word' id='word_1_201' title='bbox 1395 3272 1485 3343; x_wconf 86' lang='lat' dir='ltr'>ad</span> <span class='ocrx_word' id='word_1_202' title='bbox 1534 3275 2087 3346; x_wconf 89' lang='lat' dir='ltr'>malivolentiam</span> <span class='ocrx_word' id='word_1_203' title='bbox 2123 3276 2483 3365; x_wconf 85' lang='lat' dir='ltr'>conversi,</span> <span class='ocrx_word' id='word_1_204' title='bbox 2523 3274 2765 3346; x_wconf 86' lang='lat' dir='ltr'>obtre-</span> 
     </span>
    </p>

    <p class='ocr_par' dir='ltr' id='par_1_5' title="bbox 576 3377 2860 4138">
     <span class='ocr_line' id='line_1_28' title="bbox 646 3377 2804 3492; baseline -0 -36"><span class='ocrx_word' id='word_1_205' title='bbox 646 3389 960 3457; x_wconf 88' lang='lat' dir='ltr'>ctatione</span> <span class='ocrx_word' id='word_1_206' title='bbox 999 3385 1278 3454; x_wconf 83' lang='lat' dir='ltr'>invidiae</span> <span class='ocrx_word' id='word_1_207' title='bbox 1321 3409 1490 3456; x_wconf 88' lang='lat' dir='ltr'>eum</span> <span class='ocrx_word' id='word_1_208' title='bbox 1538 3384 2058 3472; x_wconf 86' lang='lat' dir='ltr'>laceraverunt,</span> <span class='ocrx_word' id='word_1_209' title='bbox 2103 3385 2306 3479; x_wconf 88' lang='lat' dir='ltr'>cujus</span> <span class='ocrx_word' id='word_1_210' title='bbox 2347 3386 2762 3492; x_wconf 87' lang='lat' dir='ltr'>gravitatem</span> <span class='ocrx_word' id='word_1_211' title='bbox 2801 3377 2804 3378; x_wconf 37' lang='lat'><em>⁷</em></span> 
     </span>
     <span class='ocr_line' id='line_1_29' title="bbox 644 3440 2764 3618; baseline 0 -54"><span class='ocrx_word' id='word_1_212' title='bbox 644 3499 719 3564; x_wconf 84' lang='lat' dir='ltr'>in</span> <span class='ocrx_word' id='word_1_213' title='bbox 742 3493 1083 3581; x_wconf 90' lang='lat' dir='ltr'>dicend0,</span> <span class='ocrx_word' id='word_1_214' title='bbox 1107 3495 1274 3580; x_wconf 88' lang='lat' dir='ltr'>vim,</span> <span class='ocrx_word' id='word_1_215' title='bbox 1304 3509 1375 3564; x_wconf 92' lang='lat' dir='ltr'>et</span> <span class='ocrx_word' id='word_1_216' title='bbox 1403 3498 1686 3618; x_wconf 84' lang='lat' dir='ltr'>copiam</span> <span class='ocrx_word' id='word_1_217' title='bbox 1706 3482 1989 3590; x_wconf 79' lang='lat' dir='ltr'>aequare</span> <span class='ocrx_word' id='word_1_218' title='bbox 2016 3440 2500 3591; x_wconf 79' lang='lat' dir='ltr'>desperarent.</span> <span class='ocrx_word' id='word_1_219' title='bbox 2525 3500 2764 3590; x_wconf 91' lang='lat' dir='ltr'>Atque</span> 
     </span>
     <span class='ocr_line' id='line_1_30' title="bbox 576 3602 2860 3702; baseline 0.001 -30"><span class='ocrx_word' id='word_1_220' title='bbox 576 3611 583 3618; x_wconf 83' lang='grc'><strong><em>’</em></strong></span> <span class='ocrx_word' id='word_1_221' title='bbox 642 3603 905 3673; x_wconf 85' lang='lat' dir='ltr'>deinde</span> <span class='ocrx_word' id='word_1_222' title='bbox 944 3603 1326 3673; x_wconf 83' lang='lat' dir='ltr'>homines</span> <span class='ocrx_word' id='word_1_223' title='bbox 1306 3605 1535 3697; x_wconf 77' lang='lat' dir='ltr'>ignari</span> <span class='ocrx_word' id='word_1_224' title='bbox 1570 3602 1745 3698; x_wconf 91' lang='lat' dir='ltr'>quid</span> <span class='ocrx_word' id='word_1_225' title='bbox 1772 3606 2001 3674; x_wconf 90' lang='lat' dir='ltr'>oratio</span> <span class='ocrx_word' id='word_1_226' title='bbox 2036 3602 2339 3692; x_wconf 85' lang='lat' dir='ltr'>valeret,</span> <span class='ocrx_word' id='word_1_227' title='bbox 2380 3619 2452 3675; x_wconf 92' lang='lat' dir='ltr'>et</span> <span class='ocrx_word' id='word_1_228' title='bbox 2486 3630 2645 3702; x_wconf 83' lang='lat' dir='ltr'>quae</span> <span class='ocrx_word' id='word_1_229' title='bbox 2672 3606 2765 3675; x_wconf 85' lang='lat' dir='ltr'>sit</span> <span class='ocrx_word' id='word_1_230' title='bbox 2855 3629 2860 3632; x_wconf 85' lang='lat'>·</span> 
     </span>
     <span class='ocr_line' id='line_1_31' title="bbox 643 3659 2761 3809; baseline 0.003 -31"><span class='ocrx_word' id='word_1_231' title='bbox 643 3736 810 3784; x_wconf 83' lang='lat' dir='ltr'>vera</span> <span class='ocrx_word' id='word_1_232' title='bbox 843 3713 1067 3782; x_wconf 87' lang='lat' dir='ltr'>virtus</span> <span class='ocrx_word' id='word_1_233' title='bbox 1110 3712 1570 3809; x_wconf 63' lang='lat' dir='ltr'>eloquentiae,</span> <span class='ocrx_word' id='word_1_234' title='bbox 1611 3716 1684 3782; x_wconf 92' lang='lat' dir='ltr'>in</span> <span class='ocrx_word' id='word_1_235' title='bbox 1722 3716 2022 3782; x_wconf 86' lang='lat' dir='ltr'>istorum</span> <span class='ocrx_word' id='word_1_236' title='bbox 2061 3659 2524 3800; x_wconf 81' lang='lat' dir='ltr'>auctoritate,</span> <span class='ocrx_word' id='word_1_237' title='bbox 2569 3729 2641 3785; x_wconf 91' lang='lat' dir='ltr'>et</span> <span class='ocrx_word' id='word_1_238' title='bbox 2683 3718 2761 3784; x_wconf 88' lang='lat' dir='ltr'>iu</span> 
     </span>
     <span class='ocr_line' id='line_1_32' title="bbox 646 3820 2763 3920; baseline 0.002 -31"><span class='ocrx_word' id='word_1_239' title='bbox 646 3821 778 3891; x_wconf 94' lang='lat' dir='ltr'>hac</span> <span class='ocrx_word' id='word_1_240' title='bbox 798 3835 941 3890; x_wconf 89' lang='lat' dir='ltr'>tam</span> <span class='ocrx_word' id='word_1_241' title='bbox 974 3820 1226 3917; x_wconf 81' lang='lat' dir='ltr'>frigida</span> <span class='ocrx_word' id='word_1_242' title='bbox 1255 3821 1612 3891; x_wconf 88' lang='lat' dir='ltr'>calumnia</span> <span class='ocrx_word' id='word_1_243' title='bbox 1647 3820 2109 3892; x_wconf 88' lang='lat' dir='ltr'>delituerunt.</span> <span class='ocrx_word' id='word_1_244' title='bbox 2150 3827 2309 3895; x_wconf 88' lang='lat' dir='ltr'>Istis</span> <span class='ocrx_word' id='word_1_245' title='bbox 2333 3824 2763 3920; x_wconf 47' lang='lat' dir='ltr'>eloquentia*</span> 
     </span>
     <span class='ocr_line' id='line_1_33' title="bbox 644 3929 2758 4031; baseline 0 -31"><span class='ocrx_word' id='word_1_246' title='bbox 644 3955 787 4000; x_wconf 80' lang='lat' dir='ltr'>suae</span> <span class='ocrx_word' id='word_1_247' title='bbox 818 3929 1427 4027; x_wconf 87' lang='lat' dir='ltr'>vituperatoribus</span> <span class='ocrx_word' id='word_1_248' title='bbox 1460 3930 1852 4026; x_wconf 90' lang='lat' dir='ltr'>respondet</span> <span class='ocrx_word' id='word_1_249' title='bbox 1881 3934 2132 4005; x_wconf 88' lang='lat' dir='ltr'>Cicero</span> <span class='ocrx_word' id='word_1_250' title='bbox 2176 3935 2327 4031; x_wconf 92' lang='lat' dir='ltr'>ipse</span> <span class='ocrx_word' id='word_1_251' title='bbox 2358 3959 2509 4004; x_wconf 89' lang='lat' dir='ltr'>non</span> <span class='ocrx_word' id='word_1_252' title='bbox 2545 3958 2758 4027; x_wconf 85' lang='lat' dir='ltr'>argu—</span> 
     </span>
     <span class='ocr_line' id='line_1_34' title="bbox 646 4037 2759 4138; baseline 0.002 -30"><span class='ocrx_word' id='word_1_253' title='bbox 646 4038 1075 4124; x_wconf 80' lang='lat' dir='ltr'>mentandO,</span> <span class='ocrx_word' id='word_1_254' title='bbox 1138 4053 1263 4107; x_wconf 91' lang='lat' dir='ltr'>aut</span> <span class='ocrx_word' id='word_1_255' title='bbox 1320 4037 1719 4110; x_wconf 85' lang='lat' dir='ltr'>rationibus</span> <span class='ocrx_word' id='word_1_256' title='bbox 1779 4046 2201 4138; x_wconf 80' lang='lat' dir='ltr'>conquisitis</span> <span class='ocrx_word' id='word_1_257' title='bbox 2265 4042 2355 4114; x_wconf 89' lang='lat' dir='ltr'>de</span> <span class='ocrx_word' id='word_1_258' title='bbox 2415 4044 2759 4112; x_wconf 86' lang='lat' dir='ltr'>orationis</span> 
     </span>
    </p>
   </div>
  </div>
 </body>
</html>
