3044 4788
636 366 777 499 458
1277 427 1371 492 M.
1424 429 1502 494 T.
1558 430 2140 499 CICERONIS

729 542 979 610 XLIII.
1018 542 1275 616 Videte
1313 571 1541 643 porro
1580 549 1794 620 aliam
1834 550 2324 638 dementiam3
2359 551 2613 625 videte
2637 609 2660 637 ,
2692 572 2814 639 ut,

632 647 810 719 dum
831 650 1173 749 expedire
1202 681 1357 726 soee
1380 658 1537 729 vult
1554 714 1574 746 ‚
1592 659 1868 732 induat.
1889 664 2360 756 Cognitorem
2384 672 2404 705 ¹
2429 662 2807 735 adscribit

629 759 950 832 Sthenio.
973 766 1253 855 Quem?
1270 784 1661 863 cognatum
1690 772 2006 868 aliquem
2024 827 2044 858 ,
2080 787 2209 842 aut
2233 776 2803 869 propinquum?

629 893 804 941 non.
851 871 1397 947 Thermitanum
1441 881 1802 978 aliquem,
1840 882 2230 953 honestum
2266 881 2646 953 hominem
2699 910 2796 956 ac

630 978 998 1052 nobilem?
1028 1008 1123 1053 ne
1171 984 1244 1055 id
1288 988 1610 1085 quidem.
1654 998 1742 1063 At
1784 991 2104 1064 Siculum
2130 1047 2149 1077 ‚
2197 994 2273 1062 in
2318 1019 2473 1089 quo
2518 995 2790 1090 aliquis

632 1089 979 1185 splendor
1038 1091 1500 1196 dignitasque
1558 1104 1788 1173 esset?
1847 1106 2146 1173 minime
2166 1113 2220 1172 ².
2275 1104 2470 1192 Quid
2518 1106 2790 1201 igitur?

633 1200 861 1268 civem
898 1224 1310 1276 romanum.
1343 1212 1477 1280 Cui
1503 1211 1648 1283 hoc
1678 1211 1970 1309 probari
2003 1214 2563 1309 potestPQuum
2587 1231 2782 1287 esset

630 1306 974 1380 Sthenius
1008 1314 1313 1389 civitatis
1340 1343 1485 1391 suae
1506 1321 2033 1407 nobilissimus,
2055 1323 2491 1420 amplissima
2516 1349 2780 1420 cogna-

633 1416 860 1505 tione,
904 1420 1233 1517 plurimis
1271 1432 1646 1518 amicitiiS,
1684 1457 1916 1529 quum
1953 1448 2294 1529 praeterea
2340 1448 2491 1504 tota
2535 1435 2776 1505 Sicilia

632 1528 949 1599 multum
992 1540 1418 1610 auctoritate
1455 1556 1528 1611 et
1577 1544 1802 1638 gratia
1832 1558 2120 1640 posset3
2164 1545 2487 1614 invenire
2539 1549 2774 1615 nemi-

629 1660 799 1708 nem
834 1643 1155 1715 Siculum
1192 1654 1469 1746 potuit,
1506 1654 1637 1749 qui
1671 1678 1803 1750 pro
1834 1679 1910 1725 se
1956 1656 2291 1752 cognitor
2324 1653 2582 1726 fieret?
2619 1662 2776 1728 Hoc

624 1749 1013 1844 probabis?
1047 1782 1138 1827 an
1173 1761 1326 1857 ipse
1367 1765 1600 1832 civem
1638 1789 2021 1835 romanum
2056 1764 2361 1835 maluit?
2393 1765 2577 1837 cedo
2599 1820 2620 1850 ,
2655 1772 2768 1836 cui

626 1860 870 1932 Siculo
896 1917 916 1949 ‚
956 1890 1185 1960 quum
1233 1871 1290 1942 is
1337 1897 1503 1943 reus
1542 1872 1779 1959 fieret,
1823 1875 1995 1945 civis
2039 1900 2386 1946 romanus
2431 1878 2771 1971 cognitor

626 1964 856 2041 factus
896 1998 1241 2072 umquam
1299 1984 1411 2053 sit.
1462 1988 1816 2054 Omnium
1858 2000 2252 2081 praetorum
2292 1985 2531 2056 literas
2557 2041 2576 2071 ‚
2638 1988 2766 2083 qui

622 2094 789 2151 ante
825 2079 1163 2176 suerunt,
1199 2091 1468 2186 profer,
1500 2094 1779 2192 explica
1811 2123 1826 2166 ε
1856 2097 1915 2166 si
1943 2120 2173 2166 unum
2204 2097 2604 2180 inveneri5‚
2630 2121 2765 2192 ego

622 2186 763 2259 hoc
795 2190 981 2279 tibi,
1022 2200 1643 2292 quemadmodum
1690 2206 1765 2274 in
1807 2204 2073 2275 tabulis
2117 2209 2469 2302 scriptum
2504 2204 2764 2289 habe5‚

619 2297 722 2366 ita
764 2316 1046 2394 gestum
1095 2331 1251 2381 esse
1290 2313 1706 2385 concedam.
1755 2318 1883 2404 At,
1920 2315 2180 2404 cred0,
2230 2315 2575 2387 Sthenius
2622 2316 2763 2388 hoc

617 2406 758 2478 sibi
786 2413 1108 2516 amplum
1138 2445 1292 2493 esse
1320 2428 1624 2520 putavit,
1644 2427 1904 2523 eligere
1935 2453 1974 2498 e
2006 2429 2265 2499 civium
2289 2452 2758 2499 romanorum

617 2541 948 2611 numero,
983 2552 1072 2597 ex
1099 2534 1499 2605 amicorum
1538 2551 1757 2632 atque
1783 2538 2156 2635 hospitum
2185 2563 2489 2608 suorum
2523 2541 2756 2633 copia,

614 2647 836 2720 quem
863 2639 1311 2731 cognitorem
1346 2641 1570 2714 daret.
1594 2648 1832 2737 Quem
1860 2646 2173 2744 delegit?
2195 2651 2360 2745 quis
2393 2650 2467 2716 in
2498 2646 2759 2717 tabulis

619 2739 930 2834 scriptus
955 2747 1101 2815 est?
1128 2752 1204 2817 C.
1228 2749 1604 2842 Claudius,
1643 2761 1717 2824 C.
1745 2761 1849 2841 F„
1871 2757 2185 2829 Palatina
2207 2756 2259 2828 ³.
2287 2760 2454 2827 Non
2482 2782 2757 2854 quaero,

616 2849 781 2938 quis
806 2847 924 2921 hic
944 2855 1032 2923 sit
1051 2857 1414 2947 Claudius,
1444 2890 1665 2961 quam
1687 2866 2135 2962 splendidus,
2151 2893 2370 2964 quam
2385 2867 2757 2954 honestus,

615 2975 835 3047 quam
864 2960 1206 3057 idoneus,
1243 2990 1548 3069 propter
1571 2975 1781 3069 cujus
1809 2983 2313 3050 auctoritatem
2343 2994 2417 3051 et
2446 2977 2752 3075 dignita-

621 3075 767 3135 tem
822 3070 1162 3149 Sthenius
1227 3082 1318 3153 ab
1380 3089 1708 3156 omnium
1759 3090 2163 3162 Siculorum
2222 3087 2751 3162 consuetudine

619 3172 1042 3268 discederet,
1064 3203 1137 3259 et
1156 3194 1386 3263 civem
1416 3220 1798 3268 romanum
1834 3202 2282 3296 cognitorem
2313 3198 2545 3270 daret:
2568 3197 2751 3268 nihil

615 3285 881 3362 horum
925 3321 1169 3392 quaero
1204 3331 1220 3372 ε
1254 3302 1554 3376 fortasse
1599 3309 1794 3378 enim
1838 3309 2190 3379 Sthenius
2221 3334 2368 3379 nou
2402 3305 2742 3406 splendo—

612 3423 763 3469 rem
795 3402 1145 3494 hominis‚
1183 3412 1306 3482 sed
1344 3411 1897 3490 familiaritatem
1937 3435 2290 3516 sequutus
2328 3433 2454 3489 est.
2503 3416 2742 3507 Quid?

611 3509 669 3575 si
708 3514 1037 3586 omnium
1066 3521 1479 3593 mortalium
1514 3526 1811 3599 Sthenio
1844 3555 2063 3601 nemo
2102 3531 2482 3616 inimicior,
2524 3550 2740 3625 quam

680 3754 858 3803 xL111.
911 3773 958 3804 1.
1013 3761 1340 3826 cognitorem.
1394 3768 1633 3832 Cognitor
1721 3785 1875 3820 eorem
1899 3775 2075 3822 deinde
2101 3775 2439 3834 substituisse,
2474 3789 2503 3820 a
2532 3788 2633 3836 quo
2657 3771 2741 3822 dt·

608 3832 696 3896 (un
730 3835 1080 3905 repre‘seneam)
1117 3857 1144 3887 a
1181 3841 1417 3906 praesente
1442 3859 1631 3896 tautum
1722 3853 2012 3901 senderetur.

613 3912 814 3959 domino
847 3913 1052 3963 dabatur
1089 3929 1147 3965 ut
1190 3921 1353 3969 videre
1385 3936 1458 3972 est
1495 3927 1630 3989 apud
1794 3948 1840 3980 σι.
1872 3932 2088 3981 Minime.
2126 3932 2314 3981 Metell.
2345 3931 2457 3980 eod.
2484 3931 2734 3978 nemina·-

611 3991 816 4048 Gaium,
845 3995 936 4048 lv.
962 3996 1044 4043 83.
1073 3998 1139 4046 Ut
1166 4016 1282 4063 ergo
1301 4003 1467 4052 Verris
1494 4007 1628 4054 invi·
1718 4011 1816 4057 Pro
1841 4011 1965 4075 quid
1983 4011 2146 4060 anb.
2169 4028 2311 4076 quem
2328 4028 2345 4057 .·
2374 4011 2560 4075 recepit
2586 4009 2699 4058 sch.

601 4072 731 4121 dian
750 4072 897 4123 delati
915 4075 1127 4126 absentis
1145 4081 1399 4146 effugeret,
1418 4083 1627 4134 finxerat
1789 4090 1836 4135 3.
1855 4091 2103 4138 Palatina.
2128 4092 2203 4138 Ex
2237 4090 2393 4144 tribu,
2421 4105 2531 4153 qun
2559 4089 2734 4136 Palati-

602 4153 857 4202 Sthenium
876 4172 1041 4206 coram
1061 4173 1336 4210 accusatum
1354 4165 1445 4212 sibi
1460 4166 1625 4231 cogni·
1710 4183 1827 4213 num
1844 4179 2053 4215 montem
2072 4187 2182 4217 eum
2191 4169 2436 4234 capitolio
2453 4167 2731 4217 obtinebat.
