3044 4788
600 374 735 441 DE
779 372 1289 440 PRAETORE
1339 372 2080 443 PROVINCIALI.
2261 376 2390 449 531

280 511 622 581 totumque
645 494 752 573 jus
784 491 1143 574 vendendi,
1169 491 1458 573 emendi,
1487 493 1879 576 aestimaudi,
1911 496 2401 589 imperandique

279 600 588 667 frumenti
624 599 868 664 habuit.
899 599 1104 664 Testis
1142 599 1368 664 Cicero
1399 601 1635 687 passim
1665 601 1733 664 in
1764 602 2073 668 Verrinis.

316 694 336 706 ⁰
366 709 504 775 Iam
536 729 725 785 vere,
762 722 837 771 ut
862 706 987 771 alio
1024 706 1170 771 loeo
1201 705 1369 787 dixi,
1414 722 1492 771 ut
1521 707 1749 771 vinum
1785 707 1909 773 fuit
1939 708 2360 778 honorarium
2379 763 2399 795 ,

280 812 458 900 quod
492 813 747 900 praetori
777 812 1045 879 honoris
1077 835 1267 877 causa
1297 812 1593 895 dabatur,
1618 829 1684 878 et
1715 815 1899 893 cujus
1926 816 2221 881 meminit
2245 822 2404 885 Cato

279 918 347 981 in
381 919 673 983 oratione
708 917 790 982 de
822 918 1193 982 innocentia
1225 940 1378 997 sua,
1429 917 1604 1005 apud
1638 918 1865 985 Isidor.
1909 920 2087 1009 Orig.
2124 923 2280 1004 XX,
2330 926 2405 1004 33

280 1022 371 1085 sie
406 1022 826 1089 honorarium
861 1022 1298 1101 frumentum,
1332 1020 1511 1107 quod
1538 1024 1794 1109 praetori
1818 1023 2111 1107 dabatur,
2134 1028 2410 1115 appellat

282 1128 509 1191 Cicero
545 1129 612 1191 in
642 1128 861 1192 Pison.
895 1148 1031 1213 cap.
1069 1122 1187 1190 35:
1231 1148 1429 1212 quam
1468 1127 1790 1215 vectigalis
1830 1131 2112 1217 praetorii
2161 1148 2411 1219 partem

280 1233 514 1299 Ciliciae
540 1233 859 1299 remisisse
888 1252 957 1296 se
994 1229 1223 1295 Cicero
1262 1230 1575 1319 gloriatur
1603 1232 1670 1294 in
1710 1233 1975 1320 epistola
2012 1236 2291 1323 quadam
2328 1239 2411 1304 ad

260 1335 587 1403 Atticum.
1695 1340 1700 1345 ’

369 1444 461 1506 Ac
495 1466 633 1512 rem
676 1440 940 1530 quidem
975 1440 1347 1530 vectigalem
1381 1439 1867 1506 frumentariam
1906 1441 2132 1508 ordine
2169 1446 2258 1511 ita
2300 1472 2416 1513 cu-

280 1564 522 1611 rarunt.
553 1548 745 1611 Extra
777 1546 1072 1611 ordinem
1112 1564 1329 1611 autem
1364 1546 1695 1634 vectigalia
1745 1569 1912 1611 nova
1952 1548 2415 1633 instituerunt,

282 1675 355 1715 ac
385 1653 626 1716 tributa
649 1653 1091 1740 imperarunt3
1128 1673 1354 1714 verum
1384 1673 1518 1714 non
1555 1651 1694 1715 sine
1719 1652 2023 1734 crimine,
2053 1657 2307 1740 quoties
2335 1680 2415 1723 ex

282 1759 572 1845 ipsorum
605 1758 870 1831 libidine
913 1758 1222 1845 imperata
1260 1772 1435 1821 sunt.

370 1867 426 1935 A
472 1862 817 1950 provinciis
862 1877 1216 1950 exegerunt
1262 1876 1567 1949 praetores
1607 1862 1793 1943 jure,
1832 1868 1965 1927 sive
2018 1886 2096 1929 ex
2144 1865 2417 1949 foedere,

283 1971 415 2037 sive
460 1992 538 2033 ex
583 1967 1183 2047 senatusconsultO,
1214 1966 1442 2030 tributi
1472 1966 1739 2031 nomine
1764 1969 2143 2054 pecuniam,
2191 1993 2416 2053 naves,

282 2092 539 2157 nautas»,
584 2075 851 2154 milites,
890 2074 956 2136 in
999 2094 1281 2160 quorum
1328 2087 1667 2158 sumptum
1718 2072 2003 2137 civitates
2052 2074 2204 2143 dare
2244 2078 2415 2141 sole-

280 2180 455 2243 bant.
514 2180 586 2241 In
628 2180 810 2247 Verr.
864 2177 976 2241 lib.
1003 2176 1082 2257 V,
1136 2199 1271 2264 cap.
1323 2178 1425 2253 24.
1481 2175 1911 2257 Tributorum
1973 2196 2199 2245 contra
2246 2181 2417 2269 leges

280 2284 744 2372 imperatorum
788 2282 1078 2369 exempla
1129 2297 1489 2370 suggerunt
1514 2280 1776 2362 Verres,
1825 2282 1937 2346 lib.
1982 2284 2080 2366 11,
2128 2307 2268 2372 cap,
2310 2286 2416 2351 55.

282 2389 464 2470 Piso,
511 2389 577 2453 in
612 2388 827 2456 Pison.
878 2411 1016 2475 cap.
1063 2384 1168 2451 35.
1205 2387 1484 2475 Appius»,
1521 2385 1633 2450 lib.
1664 2387 1722 2452 V
1756 2385 1837 2452 ad
1875 2389 2067 2453 Attic.
2102 2390 2285 2479 epist.
2320 2394 2418 2457 16.

281 2497 530 2583 Scipin,
556 2497 766 2559 Caesar
783 2495 852 2562 in
878 2495 1029 2558 Bell.
1053 2494 1191 2557 Civ.
1211 2494 1324 2556 lib.
1343 2493 1475 2573 111,
1508 2514 1647 2579 cap.
1682 2492 1784 2556 32.

370 2601 637 2664 Viarum
668 2597 1073 2686 publicarum
1101 2598 1348 2662 curatio
1377 2597 1647 2662 minima
1670 2619 1816 2683 pars
1844 2598 2189 2684 praesidum
2220 2603 2417 2668 officii

284 2728 419 2768 non
456 2704 599 2769 fuit.
633 2701 733 2767 Ad
773 2701 932 2766 illud
987 2701 1298 2790 pertinuit
1339 2717 1414 2764 ut
1457 2701 1576 2764 viae
1624 2701 1901 2790 publicae
1949 2719 2416 2787 sternerentur,

283 2813 717 2900 aperirentur,
780 2810 1218 2900 signarentur,
1278 2831 1511 2874 eversae
1561 2810 2087 2891 restituerentur,
2138 2828 2279 2880 tum
2338 2832 2416 2879 ut

286 2917 603 2982 exercitus
658 2916 912 2980 romani
963 2911 1371 2980 commodius
1421 2935 1538 3001 per
1579 2914 1942 3001 provincias
1982 2914 2414 3002 ducerentur3

285 3040 429 3087 tum
476 3038 550 3086 ut
600 3021 826 3100 majori
875 3018 1196 3083 celeritate
1240 3007 1445 3081 Roma
1473 3017 1541 3081 in
1575 3018 1964 3104 provincias,
2007 3035 2072 3083 et
2103 3021 2256 3086 inde
2288 3025 2419 3087 Ro·

286 3151 458 3198 mam
503 3127 716 3193 nuntii
751 3140 1230 3207 commearent;
1282 3140 1425 3192 tum
1458 3123 1742 3210 denique
1773 3140 1849 3188 ut
1875 3124 1996 3212 ipsi
2032 3148 2185 3194 eum
2222 3131 2414 3196 comi-

286 3249 424 3306 tatu
461 3256 582 3302 suo
620 3232 866 3297 facilius
902 3229 1380 3318 provinciarum
1409 3250 1674 3292 suarum
1705 3230 1899 3293 urbes
1935 3230 2212 3298 obirent.
2247 3233 2414 3299 Sane

286 3339 465 3404 rudis
497 3340 614 3420 sit,
647 3340 760 3427 qui
798 3339 967 3404 intra
1004 3338 1201 3402 Italiae
1229 3335 1426 3417 fines,
1464 3357 1592 3422 qua
1610 3334 1782 3400 Urbs
1818 3334 2137 3418 adibatur,
2163 3339 2410 3403 stetisse

286 3460 470 3532 putet
504 3446 756 3509 viarum
793 3442 1374 3532 magnificentiam,
1423 3439 1506 3504 ab
1555 3454 1707 3503 ortu
1744 3439 1920 3503 enim
1957 3438 2039 3503 ad
2072 3464 2412 3526 occasum,

285 3549 626 3638 regionum
673 3549 900 3614 itinera
947 3564 1175 3629 strata,
1220 3563 1285 3611 et
1331 3545 1651 3634 lapidibus
1699 3545 2078 3620 milliaribus
2124 3545 2414 3614 dimensa

285 3653 573 3726 fuerunt.
608 3652 759 3718 Isid.
798 3654 977 3742 Orig.
1011 3654 1158 3733 XV,
1199 3652 1303 3716 16.

375 3760 720 3840 Praetores,
761 3753 966 3845 quum
1019 3756 1370 3837 majoribus
1425 3755 1597 3819 curis
1650 3753 2142 3842 impedirentur,
2193 3757 2414 3847 legatis

220 3882 247 3893 “
286 3866 419 3934 suis
452 3865 582 3928 hoc
610 3864 859 3930 viarum
889 3862 1389 3929 muniendarum
1427 3860 1763 3949 negotium
1797 3859 2059 3930 dabant.
2092 3862 2416 3934 Praeerant

284 3971 447 4059 ipsi3
483 3969 882 4058 imperabant
909 3992 1031 4057 pro
1063 3967 1376 4057 dignitate
1407 3990 1524 4033 sua
1552 3965 1732 4053 quod
1764 3966 2127 4048 videbatur,
2162 3984 2229 4033 et
2263 3992 2415 4057 pro·

286 4076 546 4141 habant.
586 4074 717 4140 Cic.
745 4097 865 4163 pro
883 4075 1078 4142 Font.
1112 4095 1249 4160 cap.
1276 4071 1339 4137 3.
