3044 4788
639 403 1033 512 oRA‘rlo
1084 442 1284 512 PRO
1334 445 1409 513 P.
1457 407 1934 532 Qum‘rlo.

2264 472 2348 544 ¹9

211 553 625 641 curatorem
658 561 1025 650 satisdare,
1047 562 1249 659 quod
1280 588 1448 637 reus
1471 564 1811 639 satisdare
1846 591 1997 637 non
2030 564 2351 655 deberet,

210 682 271 748 si
312 681 469 775 ipse
510 674 814 747 adesset.
844 674 1315 771 Appellantur
1342 675 1620 751 tribuni
1638 673 1666 720 ⁸
1699 703 1717 745 ε
1751 702 1793 748 a
1819 676 2089 774 quibus
2118 703 2351 776 quum

210 803 398 860 esset
430 803 596 858 tum
627 785 977 856 auxilium
1010 788 1320 882 petitum
1340 839 1359 873 ,
1397 787 1495 856 ita
1533 801 1773 857 tamen
1806 785 2225 875 disceditur,
2271 802 2356 857 ut

209 898 457 969 idibus
489 894 1026 996 septembribus
1070 900 1143 967 P.
1184 897 1572 986 Quintium
1609 898 1759 973 sisti
1789 901 1948 969 Sex.
1976 895 2351 994 Alphenus

209 1011 696 1106 promitteret.

305 1120 500 1187 vul.
552 1115 774 1185 Venit
815 1119 1121 1185 Romam
1165 1116 1554 1204 Quintius3
1591 1114 2086 1189 vadimonium
2144 1121 2347 1188 sistit.

209 1231 351 1297 Iste
373 1280 395 1311 ,
427 1224 657 1295 homo
694 1224 1127 1311 acerrimus,
1151 1221 1521 1294 bonorum
1559 1248 1952 1320 possessor,
1992 1227 2354 1323 expulsor,

210 1349 534 1434 ereptor,
576 1356 854 1403 annum
903 1345 979 1402 et
1020 1356 1145 1403 sex
1194 1357 1479 1403 menses
1527 1332 1710 1403 nihil
1742 1336 1963 1431 petit;
2006 1339 2359 1431 quiescit;

212 1439 805 1516 conditionibus¹
850 1438 1083 1528 hune,
1126 1440 1372 1537 quoad
1411 1457 1690 1541 potest,
1731 1442 2115 1540 producit;
2154 1467 2194 1516 a
2224 1451 2355 1517 Cn.

213 1552 627 1635 Dolabella²
657 1549 976 1648 denique
1016 1566 1321 1647 praetore
1353 1553 1697 1649 postulat,
1736 1567 1819 1622 ut
1854 1551 1990 1624 sibi
2017 1557 2361 1644 Quintius

207 1662 625 1758 judicatum
665 1660 845 1730 solvi
893 1657 1229 1748 satisdet‚
1260 1684 1349 1731 ex
1399 1658 1748 1747 formula,
1783 1686 1982 1745 Qnon
2009 1688 2100 1733 ΑΒ
2127 1689 2215 1734 130
2245 1689 2364 1735 PE-

216 1769 421 1860 ·rA‘r3,
448 1772 791 1867 quoniam
820 1770 1039 1864 ejus4,
1066 1794 1155 1840 ex
1183 1768 1423 1842 edicto
1443 1775 1790 1868 praetoriS,
1812 1771 2008 1843 bona
2032 1772 2186 1844 dies
2213 1801 2357 1845 xxx

213 1904 547 1980 possessa
572 1882 739 1949 sint.
776 1883 942 1952 Non
974 1878 1351 1953 recusabat
1390 1885 1768 1971 Quintius,
1800 1887 1981 1980 quin
2016 1889 2114 1954 ita
2152 1888 2358 1955 satis-

214 1992 388 2063 dare
411 1988 443 2033 ⁵
494 1987 786 2085 juberet
804 1985 861 2076 ⁶,
920 1991 979 2058 si
1029 1987 1226 2060 bona
1274 2015 1600 2087 possessa
1656 2007 1895 2064 essent
1949 2019 2034 2064 ex
2095 1993 2356 2065 edicto,

212 2101 606 2172 Decernit:
641 2121 861 2194 quam
895 2122 1223 2193 aequum,
1257 2099 1441 2171 nihil
1472 2100 1679 2172 dico:
1716 2128 1949 2173 unum
1983 2101 2128 2174 hoc
2163 2103 2363 2194 dico,

212 2234 495 2280 novum
514 2233 534 2294 ς
553 2221 627 2277 et
640 2206 781 2277 hoc
803 2210 1043 2303 ipsum
1064 2211 1369 2281 tacuisse
1386 2211 1695 2299 mallem,
1711 2215 2058 2309 quoniam
2083 2229 2362 2285 utrum-

212 2344 360 2417 que
380 2319 630 2415 quivis
654 2316 1052 2414 intelligere
1082 2322 1458 2416 potuisset.
1494 2321 1715 2393 Jubet
1744 2326 1813 2393 P.
1834 2326 2217 2413 Quintium
2235 2340 2364 2399 aut

213 2428 588 2515 satisdare,
625 2438 792 2498 aut⁷
824 2431 1292 2525 sponsionem
1327 2455 1493 2502 cum
1528 2438 1682 2504 Sex.
1709 2435 1953 2504 Naevio
1982 2432 2256 2506 facere:
2289 2441 2364 2509 81

216 2534 442 2611 soru⁸
460 2562 601 2608 sus
627 2562 715 2607 Ex
734 2561 986 2608 nmero
1001 2541 1492 2614 P.Bunnumm
1517 2567 1870 2614 pnAEroms
1892 2568 2047 2614 oms
2064 2569 2208 2614 xxx
2221 2571 2363 2616 pos·

217 2673 414 2720 sassa
438 2670 715 2717 fissi-zm.
730 2645 1209 2736 Recusabant,
1236 2652 1363 2745 qui
1378 2649 1679 2723 aderant
1701 2667 1856 2725 tum
1875 2655 2213 2742 Quintio:
2241 2653 2364 2726 de-

292 2842 345 2887 8.
380 2836 602 2887 Tribuni.
628 2841 746 2886 Haec
781 2849 890 2885 ante
922 2837 1067 2886 Sullae
1094 2838 1253 2887 domi-

223 2920 467 2965 nationem
491 2915 778 2979 agebantur,
795 2917 879 2980 qui
902 2917 1107 2964 tribunis
1129 2917 1252 2965 illud

223 2995 559 3043 intercedendi
576 2996 661 3055 jus
690 2994 909 3043 abstulit.
935 2996 1010 3042 De
1031 2995 1253 3044 tribuno·

224 3092 333 3122 rum
354 3084 595 3140 potestate
636 3072 747 3120 vide
782 3074 887 3123 Cic.
910 3072 970 3120 de
1003 3075 1119 3138 Lag.
1148 3076 1255 3134 111,

292 3170 345 3215 9.

226 3153 262 3218 s
299 3233 448 3279 vm.
486 3248 533 3281 ι.
564 3229 947 3279 Condicionibm.
998 3233 1132 3294 Quas
1165 3248 1257 3296 per

226 3313 589 3362 simulationem
654 3310 993 3359 transactionis
1048 3313 1256 3374 Quintio

228 3391 509 3442 deferebat.
538 3391 674 3437 Hunc
699 3389 962 3453 producit,
1002 3389 1040 3439 i.
1067 3406 1114 3439 e.
1152 3407 1255 3440 rem

232 3470 512 3536 protrahit.

303 3567 352 3599 α.
394 3549 482 3599 Cn.
514 3546 784 3595 Dolabella.
808 3546 1052 3593 Nimirum
1084 3561 1256 3603 nactus

229 3646 372 3687 eum,
405 3644 435 3674 a
462 3643 567 3692 quo
592 3642 645 3673 ea
675 3643 782 3689 quae
815 3626 1118 3690 postulabat,
1158 3627 1256 3674 ini-

230 3726 325 3774 qua
351 3709 495 3764 licet,
534 3706 827 3769 impetraret.
855 3707 1010 3752 Porro
1033 3707 1125 3753 iste
1151 3706 1253 3754 Do-

230 3787 403 3836 labella
450 3801 511 3834 ex
555 3795 770 3849 praetura
816 3793 985 3847 postea
1034 3785 1255 3834 Ciliciam

1339 2835 1587 2899 prator-is,
1618 2837 1672 2883 in
1699 2853 1798 2901 quo
1825 2838 1890 2885 ita
1911 2848 2043 2887 *et-at:
2074 2861 2099 2880 σι
2125 2839 2275 2902 Quod
2302 2839 2363 2888 ab

1339 2930 1400 2962 eo
1423 2925 1638 2978 petetur,
1665 2918 1832 2976 cnjus,
1860 2934 1922 2965 ex
1951 2917 2111 2966 edicto
2140 2920 2364 2981 praetoris

1340 2996 1576 3056 Romani,
1609 2995 1741 3042 bona
1779 2995 1882 3044 dies
1916 2996 2111 3058 triginta
2144 3013 2362 3062 possessa

1341 3085 1499 3132 erunt,
1517 3075 1621 3135 ejus
1644 3074 1715 3121 rei
1738 3074 1934 3122 nomine
1945 3075 2220 3135 judicatum
2237 3076 2367 3125 solvi

1341 3153 1572 3201 satisdare
1593 3153 1779 3214 jubebo
1794 3175 1838 3202 ι».

1415 3240 1464 3283 6.
1495 3231 1618 3290 Alii,
1646 3231 1801 3296 cujus.
1837 3234 1961 3280 LV.
1982 3233 2036 3280 L.

1415 3312 1462 3360 5.
1499 3312 1585 3358 Ita
1619 3309 1874 3358 satisdare.
1915 3310 2041 3373 Quia
2057 3342 2071 3366 ‚
2098 3307 2189 3357 hac
2215 3325 2365 3358 exce-

1341 3389 1511 3453 ptione
1564 3389 1785 3453 apposita
1803 3423 1818 3447 ‚
1875 3404 1979 3437 non
2033 3385 2364 3436 confitebatur

1343 3468 1579 3530 Quintius
1615 3483 1833 3531 possessa
1869 3484 1970 3516 esse
2010 3466 2140 3514 bona
2176 3483 2286 3529 sua,
2315 3480 2365 3517 et

1343 3547 1518 3598 deserti
1559 3546 1824 3595 vadimonii
1860 3561 1962 3594 non
2004 3545 2201 3594 subibat
2245 3547 2368 3595 infa-

1342 3627 1507 3675 niam.

1412 3707 1464 3752 6.
1481 3705 1694 3753 Iubet-ee.
1713 3705 1879 3769 Ipsum
1890 3704 2149 3767 Quintium
2165 3716 2366 3770 praetor.

1345 3787 1505 3833 Graev.
1536 3798 1595 3830 ex
1633 3784 1722 3831 MS
1770 3782 1953 3847 recepit
1978 3783 2251 3850 juberetur.
2288 3785 2370 3833 Sic

232 3884 373 3915 avare
390 3865 770 3920 administravit,
782 3874 834 3911 et
848 3873 876 3909 a
891 3864 962 3911 M.
978 3863 1158 3910 Scauro
1174 3879 1257 3910 ac-
1339 3864 1484 3912 etiam
1510 3857 1678 3909 Garat.

233 3958 421 3993 casatus
458 3943 843 4008 repetundarum
877 3940 1132 3990 damnatus
1169 3953 1259 3990 est.

232 4026 499 4073 tavei-r.
524 4027 570 4086 1,
597 4038 683 4085 17,
711 4024 799 4084 39.

302 4108 350 4153 3.
378 4102 531 4166 Quod
564 4104 636 4150 ab
678 4117 740 4148 eo
777 4111 932 4164 petae.
960 4101 1122 4148 Prima
1150 4111 1259 4147 sunt

238 4184 376 4234 mbo
400 4183 659 4241 sormulae,
686 4196 775 4228 seu
801 4182 995 4247 capitis,
1018 4196 1079 4232 ex
1099 4179 1263 4232 edicto

1419 3957 1469 4002 7.
1502 3941 1655 3990 Multi
1688 3940 1851 3988 abesse
1882 3938 2057 4000 jubent
2095 3952 2188 3988 aue
2232 3945 2375 3990 satis-

1346 4021 1494 4077 dare,
1537 4033 1646 4070 auc.
1672 4022 1869 4069 Invenit
1896 4019 2119 4070 Lambiu.
2147 4022 2202 4067 in
2231 4022 2372 4070 Mss.

1348 4103 1399 4151 J.
1416 4101 1478 4148 V.
1504 4102 1564 4148 L.

1425 4181 1476 4229 8.
1498 4183 1555 4229 δι
1576 4194 1719 4229 som.
1740 4179 1772 4227 J
1776 4178 1951 4228 ubetur
1976 4177 2214 4241 Quintius
2236 4192 2386 4244 spon·

2080 4291 2145 4333 2.
