3044 4788
678 451 783 521 IN
835 452 1263 521 VERREM
1314 455 1533 523 ACT.
1589 455 1698 539 ΙΙ,
1747 456 1929 523 LIB.
1983 458 2034 523 I.
2289 456 2422 554 307

296 600 496 662 cere,
525 571 1020 644 considerabo.
1051 576 1234 661 Vos,
1259 598 1530 671 quaeSO,
1559 573 1724 645 date
1753 574 1897 645 hoc
1917 630 1936 663 ‚
1958 588 2028 647 et
2051 579 2427 655 concedite

295 683 558 785 pudori
600 708 796 768 meo,
833 696 914 753 ut
950 684 1262 780 aliquam
1298 699 1580 781 partem
1617 682 1708 755 de
1740 686 1942 757 istius
1977 686 2428 785 impudentia

295 800 597 887 reticere
634 796 927 892 possim.
960 799 1192 865 Omne
1222 794 1402 866 illud
1431 809 1756 894 tempuS‚
1784 797 1985 893 quod
2015 795 2151 869 fuit
2172 854 2191 886 ,
2222 816 2425 874 ante-

295 930 514 1005 quam
556 908 689 978 iste
725 904 819 976 ad
859 907 1311 1003 magistratus
1345 930 1649 1002 remque
1688 906 2058 1004 publicam
2098 914 2429 1003 accessit,

295 1017 559 1089 habeat
594 1041 724 1113 per
764 1019 928 1087 me4
969 1016 1288 1087 solutum
1329 1040 1409 1086 ac
1450 1015 1785 1087 liberum.
1821 1017 2125 1088 Sileatur
2165 1020 2255 1092 de
2300 1048 2430 1092 no-

293 1130 569 1200 cturnis
629 1128 784 1221 ejus
846 1124 1441 1197 bacchationibus
1510 1151 1593 1197 ac
1659 1126 1954 1223 vigiliis;
2008 1128 2356 1201 lenonum
2372 1131 2427 1221 ⁵,

294 1238 726 1327 aleatorum,
773 1235 1295 1334 perductorum
1340 1235 1540 1307 nulla
1585 1229 1858 1308 mentio
1894 1236 2051 1325 fiat;
2090 1239 2352 1313 damna
2371 1241 2429 1332 ⁶,

292 1347 678 1433 dedecora,
736 1372 897 1445 quae
942 1370 1057 1418 res
1108 1349 1332 1444 patris
1370 1346 1563 1439 ejus,
1619 1360 1784 1417 aetas
1823 1350 2049 1446 ipsius
2087 1334 2428 1448 perttslit,

298 1472 852 1556 praetereanturt,
902 1458 1267 1528 lucretur⁷
1316 1455 1579 1526 indicia
1615 1459 1879 1527 veteris
1923 1456 2263 1548 infamiae3
2302 1488 2431 1561 pa·

302 1561 553 1638 tiatur⁸
579 1568 730 1662 ejus
749 1568 894 1637 vita
913 1567 1219 1662 reliqua,
1249 1590 1363 1636 me
1392 1565 1581 1636 hanc
1614 1579 1889 1637 tantam
1912 1567 2262 1663 jacturam
2290 1577 2432 1644 cri-

304 1679 582 1747 minum
635 1674 887 1746 facere.
947 1677 1279 1764 Quaestor
1328 1679 1454 1747 Cn.
1496 1676 1838 1773 Papirio9
1897 1679 2176 1749 consuli
2236 1679 2435 1755 fuisti

301 1786 567 1857 abhinc
599 1810 826 1857 annos
869 1784 1422 1883 quatuordecim
1454 1812 1469 1854 ε
1510 1809 1600 1854 ex
1639 1809 1723 1855 ea
1755 1784 1870 1857 die
1902 1786 1995 1856 ad
2026 1787 2211 1860 hanc
2240 1790 2433 1864 diem

302 1922 464 1994 quae
506 1894 772 1984 fecisti,
842 1898 920 1965 in
955 1895 1311 1991 judicium
1358 1918 1564 1965 voco,
1620 1898 1816 1965 Hora
1866 1895 2068 1966 nulla
2121 1924 2345 1974 vacua
2396 1930 2440 1977 a

300 2007 535 2095 surm,
563 2006 864 2092 scelere,
895 2003 1355 2091 crudelitate,
1382 2002 1651 2101 flagitio
1684 2008 2109 2100 reperietur.
2151 2011 2238 2079 Hi
2267 2026 2437 2083 sunt

298 2120 472 2188 anni
526 2117 941 2213 consumpti
988 2118 1064 2184 in
1125 2127 1516 2212 quaestura,
1578 2128 1650 2184 et
1698 2113 2054 2210 legatione
2093 2120 2432 2210 Asiatica,

299 2245 373 2300 et
409 2242 716 2327 praetura
749 2225 1067 2310 urbana,
1115 2237 1187 2294 et
1225 2237 1537 2322 praetura
1583 2224 1953 2295 Siciliensi.
1996 2226 2237 2313 Quare
2282 2230 2433 2305 haec

298 2339 550 2413 eadem
611 2341 749 2410 erit
800 2334 1325 2436 quadripartita
1380 2331 1795 2406 distributio
1861 2336 2080 2407 totius
2141 2361 2432 2413 accusa-

299 2454 518 2524 tionis
554 2476 750 2521 meae.

397 2565 585 2633 XIII.
618 2563 948 2650 Quaestor
976 2569 997 2601 ¹
1036 2582 1124 2629 ex
1157 2553 1785 2627 senatusconsulto
1815 2557 2260 2653 provinciam
2287 2587 2434 2635 sor-

301 2761 352 2797 et
382 2749 512 2811 Desj.
538 2747 587 2795 in
605 2747 868 2814 judicium.
900 2750 1001 2813 Qui
1040 2767 1205 2799 sensus
1235 2750 1323 2799 mi-

300 2845 393 2876 nus
431 2829 611 2893 placet.
648 2854 721 2863 —-
754 2829 1125 2893 Recognoscere.
1170 2830 1322 2894 Quasi

298 2919 431 2956 tanta
467 2908 530 2956 nit
562 2906 832 2955 simssitudo
858 2918 1076 2972 paternae
1101 2910 1321 2974 turpitu-

297 2981 443 3037 dinis.

374 3076 425 3121 4.
457 3069 551 3114 Per
576 3081 669 3114 me.
698 3065 850 3130 Quod
870 3065 933 3113 ad
954 3083 1031 3114 me
1058 3068 1233 3116 attinet
1267 3077 1323 3115 nt

298 3143 391 3193 filii
440 3144 743 3211 turpitudine
793 3146 990 3210 cognita
1007 3181 1022 3204 ,
1084 3147 1321 3195 continuo

299 3227 514 3290 parentis
538 3225 590 3272 in
615 3236 821 3273 mentem
848 3227 1028 3274 veniat.

376 3306 425 3352 5.
468 3307 732 3354 Lemonum.
771 3306 910 3367 Quos
945 3306 1122 3352 Verres
1160 3304 1323 3352 socios

300 3383 618 3433 adsciscebat.
658 3411 727 3420 —
767 3384 1100 3433 Per-ductores.
1139 3383 1181 3430 li
1209 3394 1323 3431 sunt

297 3466 385 3529 qui
411 3480 640 3529 personas
662 3465 741 3512 vel
765 3465 943 3511 invitas
969 3464 1113 3512 variis
1137 3464 1324 3513 artibus

299 3544 360 3591 ad
389 3544 596 3607 aliquem
634 3544 933 3607 perducunt3
955 3544 1007 3592 in
1045 3559 1146 3608 quo
1182 3544 1323 3591 disse-

300 3635 416 3671 runt
442 3640 469 3670 a
494 3622 769 3674 lenonibus.
799 3624 879 3671 Sic
893 3622 1164 3687 perducere
1182 3625 1319 3672 Suet.

298 3702 453 3765 Calig.
476 3703 567 3750 25:
593 3725 617 3742 κ
633 3702 920 3750 Pei-ductam
947 3718 975 3750 a
1001 3702 1176 3751 marito
1197 3718 1320 3750 con-

291 3782 460 3841 junxit
484 3782 579 3829 sibi
596 3803 639 3830 ι.

372 3863 424 3909 6.
451 3864 650 3910 Damna
670 3861 733 3909 ad
754 3862 880 3909 bona
901 3860 1069 3924 patris,
1082 3859 1323 3908 dedecora

310 3939 345 3987 d
373 3951 561 3988 aetatem
579 3976 593 3999 ,
618 3941 670 3990 h.
698 3957 745 3990 e.
766 3940 1140 3988 adolescentiam
1156 3940 1324 3986 Verris

301 4020 590 4069 referuntur.

377 4116 423 4160 7.
444 4101 691 4147 lucretur.
714 4101 874 4146 Lucro
909 4108 1149 4161 apponat,
1184 4097 1322 4160 quod

302 4188 509 4226 veterem
528 4178 631 4238 ejus
650 4176 896 4225 infamiam
915 4193 1018 4224 non
1041 4175 1286 4224 indicabo.

1483 2751 1533 2798 8.
1565 2748 1811 2798 Patietur.
1838 2748 2044 2812 Reliqua
2060 2750 2165 2811 ejus
2187 2752 2433 2817 vita,qnae

1408 2846 1499 2894 per
1514 2845 1566 2876 se
1585 2829 1854 2876 accusatori
1871 2828 2130 2877 criminum
2147 2830 2261 2879 satis
2283 2831 2436 2892 dabit,

1406 2908 1543 2956 illam
1563 2908 1802 2967 jacturam
1823 2919 2121 2971 compenset.

1450 2993 1461 2998 ’
1480 3001 1531 3048 9.
1555 2987 1641 3034 Cn.
1663 2985 1887 3049 Papirio.
1906 2986 2138 3050 Carboni,
2160 2990 2298 3051 enjus
2320 2991 2440 3039 alte-

1410 3082 1518 3114 mm
1559 3065 1862 3114 consulatum
1891 3082 2037 3130 quem
2066 3083 2220 3116 annos
2254 3069 2434 3120 abhinc

1408 3144 1640 3192 tredecim
1662 3161 1775 3192 cum
1800 3148 1856 3193 L.
1880 3145 2035 3193 Cinna
2061 3148 2239 3210 gessit,
2266 3162 2436 3198 orator

1409 3223 1673 3289 significat.

1480 3306 1625 3352 xm.
1671 3319 1716 3351 1.
1764 3305 2008 3367 Quoestor.
2038 3306 2099 3353 A.
2127 3305 2189 3352 U.
2221 3306 2277 3355 C.
2312 3307 2432 3371 669.

1410 3383 1504 3432 Cn.
1537 3383 1732 3446 Papirio
1754 3382 1977 3431 Carbone
2001 3387 2075 3444 11,
2120 3384 2432 3439 L.‚Cornelio

1410 3461 1566 3512 Cinna
1583 3464 1656 3509 IV
1675 3477 1797 3510 coss.
1818 3464 1974 3509 Porro
1991 3472 2230 3525 quaestura
2248 3465 2435 3527 primus

1409 3552 1511 3590 erat
1534 3541 1596 3588 ad
1620 3540 1836 3589 honores
1862 3541 2072 3605 gradus:
2112 3541 2208 3590 illis
2225 3558 2253 3590 a
2281 3545 2436 3594 tribu-

1410 3620 1487 3666 nis
1520 3622 1676 3668 aerarii
1707 3619 2116 3670 adnumerabatur
2144 3624 2351 3687 pecunia
2379 3628 2433 3675 in

1408 3700 1617 3747 militum
1635 3699 1960 3764 stipendium,
1983 3717 2226 3750 annonam
2245 3706 2431 3753 exerci-

1410 3790 1513 3838 tus,
1550 3791 1598 3827 et
1633 3791 1882 3845 sumptum
1917 3782 1969 3829 in
2009 3782 2193 3846 legatos
2229 3795 2278 3832 et
2314 3801 2435 3835 con·

1410 3859 1529 3907 sulis
1546 3860 1816 3923 praefectos.
1843 3860 1966 3910 Inde
1989 3874 2152 3911 autem
2174 3863 2335 3912 dictos
2350 3881 2434 3930 ap-

1411 3949 1547 4001 paret
1563 3972 1577 3995 ,
1601 3938 1735 4002 quod
1763 3940 1837 3986 illi
1862 3941 1914 3987 in
1938 3942 2208 4005 provinciis
2238 3946 2430 4008 populo

1411 4033 1536 4066 rom.
1577 4032 1605 4064 a
1653 4018 1970 4082 vectigalibus
2024 4019 2235 4069 debitam
2282 4040 2433 4087 pecu-

1411 4097 1540 4144 niam
1563 4096 1859 4160 qua-rebant,
1878 4109 1928 4147 et
1939 4099 2003 4147 ad
2015 4112 2279 4163 quaestores
2293 4103 2434 4150 urbs-

1413 4191 1503 4222 nos
1526 4175 1798 4222 mittebant.

2161 4287 2268 4331 20.
