3044 4788
658 398 794 485 504
1281 408 1377 473 M.
1429 408 1505 473 Τ.
1559 406 2119 477 CICERONIS

657 525 1062 595 lectorum?
1113 529 1318 622 quasi
1358 528 1572 597 etiam
1608 529 1934 598 omnium
1970 531 2275 598 istorum
2318 526 2520 596 villas
2569 544 2784 597 orna*

656 649 864 704 turus
901 660 1110 707 esses.
2223 709 2231 715 .

748 748 1024 816 LXXV.
1059 748 1304 835 Quum
1332 743 1482 814 haec
1503 769 1897 842 paucorum
1925 747 2285 816 mensium
2305 756 2326 787 ¹
2352 747 2541 815 ratio
2571 746 2655 814 in
2681 745 2786 814 his

654 850 913 924 libellis
960 856 1079 938 sit,
1131 852 1376 939 facite,
1438 868 1524 924 ut
1559 854 1763 926 vobis
1810 857 2098 927 triennii
2150 858 2374 926 totius
2420 859 2678 926 veniat
2714 856 2782 923 in

655 976 992 1032 mentem.
1042 965 1155 1032 Sic
1197 963 1607 1051 contendo;
1674 991 1760 1035 ex
1817 965 1929 1036 his
1982 966 2215 1063 parvis
2262 964 2536 1036 libellis
2597 962 2781 1062 apud

654 1096 883 1141 unum
930 1072 1352 1166 magistrum
1398 1076 1756 1146 societatis
1792 1077 2135 1172 repertis,
2172 1100 2297 1146 vos
2329 1078 2480 1169 jam
2540 1076 2781 1168 conje-

656 1195 858 1250 ctura
883 1184 1165 1278 assequi
1205 1207 1416 1280 posse
1439 1238 1458 1271 ,
1481 1184 1891 1279 cujusmodi
1928 1184 2173 1282 proedo
2203 1186 2335 1256 iste
2365 1191 2442 1254 in
2471 1185 2602 1255 illa
2632 1208 2784 1282 pro-

656 1290 888 1360 vincia
917 1288 1137 1362 fuerit
1162 1347 1180 1380 ,
1216 1317 1435 1389 quam
1472 1294 1734 1365 multas
1757 1293 2225 1391 cupiditates,
2264 1319 2483 1391 quam
2528 1295 2782 1375 varias,

655 1424 873 1494 quam
911 1399 1228 1474 infinitas
1263 1402 1637 1491 habuerit3
1672 1419 2020 1501 quantam
2057 1406 2434 1502 pecuniam
2473 1430 2641 1476 non
2677 1428 2783 1472 so-

552 1574 561 1579 .
654 1509 807 1579 lum
842 1526 1325 1600 numeratam,
1391 1537 1644 1584 verum
1698 1515 1914 1584 etiam
1963 1514 2378 1609 hujusmodi
2427 1520 2503 1584 in
2573 1513 2784 1584 rebus

655 1621 961 1717 positam
987 1676 1007 1709 ,
1033 1622 1492 1696 confecerit&
1526 1628 1704 1715 Quae
1739 1623 1945 1695 vobis
1983 1624 2125 1694 alio
2155 1625 2316 1694 loco
2346 1624 2646 1721 planius
2674 1648 2784 1693 ex·

655 1731 1157 1826 plicabuntur:
1189 1757 1387 1804 nunc
1416 1732 1557 1807 hoc
1584 1733 1955 1807 attendite.
1987 1736 2110 1804 His
2137 1732 2786 1832 exportationibus,

655 1866 816 1937 quae
843 1845 1150 1914 recitatae
1171 1858 1378 1927 sunt,
1402 1842 1651 1914 scribit
1679 1847 1817 1913 H-S
1834 1841 1862 1886 ³
1885 1870 1972 1915 Lx
2004 1847 2238 1923 socios
2268 1842 2675 1941 perdidisse
2706 1868 2786 1913 ex

654 1954 992 2024 vicesima
1032 1954 1333 2049 portorii
1366 1957 1751 2049 Syracusis
1788 1954 2116 2024 Pauculis
2143 1955 2364 2050 igitur
2390 1953 2784 2031 mensibus,

658 2076 741 2131 ut
780 2061 856 2132 hi
899 2061 1139 2158 pusilli
1174 2077 1248 2132 et
1284 2066 1682 2159 contempti
1723 2062 1945 2134 libelli
1984 2061 2346 2150 indicant,
2384 2061 2579 2133 furta
2616 2086 2780 2161 pm>

658 2173 865 2257 toris,
901 2195 1062 2267 qum
1096 2187 1336 2242 essent
1372 2176 1517 2243 H-S
1551 2172 1967 2262 duodecies,
2009 2199 2097 2245 ex
2131 2200 2282 2244 uno
2321 2174 2597 2271 oppido
2634 2172 2782 2243 solo

658 2295 1037 2377 exportata
1070 2297 1263 2352 sunt.
1303 2285 1631 2381 Cogitate
1670 2310 1906 2372 nunc,
1948 2310 2178 2381 quum
2213 2284 2333 2354 illa
2368 2289 2458 2355 sit
2490 2284 2646 2355 haec
2683 2287 2780 2353 in·

656 2388 814 2463 sula
837 2446 856 2479 ,
892 2417 1053 2489 quae
1091 2392 1420 2492 undique
1452 2397 1685 2467 exitus
1723 2397 2118 2468 maritimos
2152 2392 2451 2481 habeat,
2486 2392 2668 2489 quid
2706 2417 2782 2463 ex

659 2505 913 2575 ceteris
939 2504 1111 2575 locis
1139 2520 1599 2603 exportatum
1624 2509 1890 2604 putetis
1923 2534 1939 2576 ε
1969 2506 2148 2602 quid
2175 2510 2589 2604 Agrigento,
2611 2499 2781 2601 quid

657 2613 1009 2711 Lilybaeo,
1043 2615 1224 2712 quid
1262 2619 1654 2704 panormo,
1686 2616 1866 2712 quid
1896 2615 2258 2702 Thermis,
2290 2615 2470 2712 quid
2512 2614 2782 2690 Hales-³.

660 2724 844 2820 quid
878 2729 1124 2795 Catina
1144 2779 1162 2812 ,
1196 2725 1371 2821 quid
1402 2750 1493 2795 ex
1525 2731 1778 2798 ceteris
1809 2724 2096 2822 oppidis
2123 2752 2141 2794 ε
2181 2724 2356 2822 quid
2398 2747 2569 2794 vero
2598 2728 2783 2793 Mes-

663 2858 871 2920 sana3
919 2859 1137 2930 quem
1183 2837 1315 2905 iste
1358 2834 1493 2908 sibi
1544 2836 1784 2907 locum
1832 2838 2145 2906 maxime
2192 2849 2427 2906 tutum
2488 2831 2785 2902 arbitra·

660 2943 910 3028 batur3
941 2943 1069 3014 ubi
1097 2946 1341 3014 auimo
1371 2970 1655 3042 semper
1691 2943 1929 3015 soluto
1966 2944 2341 3040 liberoque
2369 2957 2558 3028 erat,
2592 2937 2785 3037 quod

665 3052 801 3123 sibi
844 3056 976 3123 iste
1011 3058 1477 3127 Mamertinos
1521 3055 1914 3152 delegerat,
1953 3053 2043 3125 ad
2082 3079 2270 3150 quos
2307 3056 2587 3139 omnia,
2631 3075 2787 3149 quae

666 3179 792 3239 aut
841 3163 1254 3260 diligentius
1308 3165 1694 3253 servanda,
1763 3178 1890 3235 aut
1944 3165 2294 3236 occultius
2347 3160 2790 3260 exportanda
2852 3241 2860 3250 ,

669 3291 908 3360 erant,
948 3275 1381 3374 deportaret.
1420 3277 1545 3344 His
1581 3276 1886 3347 inventis
1922 3274 2214 3360 libellis,
2248 3274 2496 3343 ceteriff·
2536 3271 2786 3342 remoti

671 3403 743 3458 et
786 3386 1198 3482 diligentius
1234 3401 1403 3455 sunt
1446 3385 1799 3456 reconditi
1846 3413 1861 3455 ε
1908 3410 2042 3455 nos
2091 3399 2327 3453 tamen
2353 3438 2373 3470 ,
2419 3399 2499 3452 ut
2542 3407 2789 3452 omnes

738 3569 948 3616 Lxxv.
970 3582 1011 3612 r.
1029 3566 1288 3614 nemim.
1316 3565 1495 3611 Naunii
1513 3565 1688 3621 codex,
1775 3582 1927 3629 quum
1952 3567 2127 3612 Verres
2150 3573 2452 3628 exportasset
2479 3578 2662 3610 meroes
2688 3576 2792 3625 quae

666 3646 816 3698 Beck.
837 3662 892 3692 nc
907 3642 1163 3692 Schiitzius
1186 3645 1364 3692 habent
1384 3666 1408 3685 α
1419 3658 1684 3706 pancorum
1775 3655 1933 3692 essent
1983 3643 2241 3690 duodecies
2290 3653 2548 3690 centenum
2592 3641 2792 3687 millium

664 3740 883 3775 mensum
899 3745 948 3782 u,
965 3723 1101 3784 quod
1120 3726 1293 3784 saepius
1311 3732 1616 3768 contractum
1637 3723 1686 3768 in
1774 3723 2043 3769 sestertium
2090 3722 2110 3784 (
2125 3722 2349 3780 256,ooo
2397 3722 2458 3769 fr.
2477 3720 2527 3780 );
2574 3720 2789 3766 vicesima

665 3803 907 3854 veteribus
932 3800 1070 3847 libris
1087 3800 1270 3847 videas.
1776 3819 1887 3867 pars
1928 3817 2038 3864 quae
2079 3801 2288 3865 portorii
2324 3802 2525 3848 nomine
2562 3810 2664 3845 erat
2700 3798 2792 3844 sol·

739 3900 785 3931 α.
834 3877 1116 3943 confecerit.
1150 3877 1439 3940 collegerit,
1484 3881 1686 3942 aequitii·
1775 3879 1957 3932 venda.
1985 3891 2056 3926 est
2078 3895 2143 3926 nx
2165 3879 2333 3927 millia.
2360 3882 2435 3926 De
2459 3878 2686 3924 vicesima
2706 3876 2787 3920 hac

667 3964 808 4013 verit.
1774 3961 1841 4007 cs.
1863 3961 1981 4006 Exe.
2001 3962 2050 4006 11
2079 3957 2142 4005 de
2155 3959 2350 4020 Vectig.
2368 3958 2430 4004 ad
2454 3957 2578 4004 calc.
2597 3957 2650 4002 h.
2671 3964 2779 4001 orat.

739 4047 785 4092 3.
819 4042 911 4088 115
947 4040 1045 4085 LX.
1074 4038 1217 4084 Ratio
1250 4037 1461 4102 postulat
1501 4051 1554 4086 ut
1593 4042 1681 4085 LX
1846 4049 1892 4094 4.
1933 4039 2091 4086 Ceteri
2123 4036 2316 4084 remoti.
2343 4039 2386 4083 A
2419 4035 2690 4099 publicanis
2721 4031 2781 4076 ni-

664 4124 818 4174 millia
863 4119 1074 4183 (12,3oo
1117 4117 1203 4180 fr.)
1246 4117 1498 4167 scribatur.
1555 4119 1678 4166 Nam
1770 4118 1973 4173 mirum,
2010 4118 2277 4180 quiVeri-in
2303 4130 2459 4162 causae
2482 4113 2720 4161 savelnnt.
