3044 4788
1358 248 1368 276 Ι

543 447 676 542 194
1177 441 1272 507 M.
1327 440 1408 507 T.
1460 437 2022 509 CICERONIS
2118 512 2129 522 ,

535 585 682 641 tem
703 578 766 611 ¹⁰
791 563 1164 637 accessisse
1198 558 1612 658 reipublicae
1642 558 2103 631 sublevandae
2123 613 2142 648 ‚
2169 583 2329 656 quae
2359 563 2670 632 maxime

537 679 920 752 laboraret.

632 792 846 860 Nunc
865 839 884 869 ,
916 780 1262 879 quoniam
1283 833 1302 866 ,
1332 776 1604 875 quibus
1627 777 1846 850 rebus
1874 777 2230 850 adductus
2263 778 2355 850 ad
2383 803 2673 850 causam

541 895 958 973 accesserim
982 947 1002 978 ,
1047 890 1536 961 demonstravi
1559 899 1647 978 ¹¹,
1698 889 2087 961 dicendum
2125 891 2528 963 necessario
2565 906 2676 963 est

540 1009 633 1081 de
660 1003 1128 1078 contentione
1154 1013 1441 1086 nostra,
1469 1001 1654 1070 utin
1687 1001 2203 1074 constituendo
2233 1003 2685 1089 accusatore,

546 1115 724 1216 quid
759 1114 965 1211 sequi
1004 1111 1331 1209 possitis,
1366 1108 1716 1184 habeatis.
1812 1101 1817 1107 ’

632 1231 785 1321 Ego
819 1224 919 1295 sic
955 1219 1316 1318 intelligo,
1347 1219 1630 1315 judices
1658 1250 1673 1292 :
1706 1246 1938 1319 quum
1975 1219 2067 1295 de
2101 1223 2426 1320 pecuniis
2461 1245 2673 1319 repe-

542 1333 788 1407 tundis
823 1355 1095 1403 nomen
1130 1330 1537 1428 cujuspiam
1577 1330 1964 1421 deferatur,
2001 1334 2061 1404 si
2094 1347 2454 1405 certamen
2486 1334 2675 1402 inter

541 1446 822 1540 aliquos
854 1443 946 1514 sit
966 1496 986 1531 ,
1022 1442 1141 1513 cui
1169 1441 1623 1539 potissimum
1659 1440 1923 1515 delatio
1963 1442 2199 1532 detur,
2238 1444 2388 1514 haec
2415 1441 2564 1513 duo
2598 1444 2672 1512 in

542 1556 792 1655 primis
823 1554 1132 1653 spectari
1166 1566 1505 1650 oportere
1537 1579 1553 1621 t
1602 1577 1822 1649 quem
1866 1555 2176 1626 maxime
2212 1554 2442 1626 velint
2480 1568 2678 1624 acto-

543 1692 696 1739 rem
751 1665 1037 1764 esseoii,
1102 1660 1372 1759 quibus
1418 1660 1622 1733 factae
1669 1688 1823 1735 esse
1861 1665 2197 1736 dicantur
2239 1665 2561 1761 injuriae,
2606 1679 2680 1736 et

542 1801 764 1874 quem
792 1774 1091 1846 minime
1114 1771 1287 1841 velit
1304 1773 1364 1841 is
1383 1824 1402 1857 ,
1425 1771 1555 1866 qui
1574 1796 1692 1843 eas
1711 1773 2008 1869 injurias
2036 1772 2288 1845 fecisse
2314 1789 2677 1871 arguatur.

641 1891 763 1957 IV.
819 1889 906 1954 In
941 1882 1078 1951 hac
1112 1904 1356 1967 causa,
1392 1879 1708 1974 judices,
1756 1884 2036 1952 tametsi
2079 1896 2477 1979 utrumque
2519 1905 2676 1952 esse

545 1993 858 2067 arbitror
889 1990 1388 2087 perspicuum,
1416 2002 1663 2061 tamen
1696 1989 1787 2063 de
1814 2005 2129 2088 utroque
2164 1991 2397 2063 dicam
2421 2046 2440 2076 ,
2482 2004 2555 2060 et
2588 1989 2680 2062 de

543 2130 631 2176 eo
661 2102 861 2199 prius
883 2152 902 2184 ,
933 2096 1135 2194 quod
1158 2099 1353 2195 apud
1380 2124 1510 2170 vos
1539 2100 1935 2200 plurimum
1972 2100 2193 2172 debet
2232 2099 2468 2171 valere
2490 2154 2509 2187 ,
2540 2098 2682 2170 hoc

545 2225 674 2297 est,
716 2208 809 2279 de
856 2207 1227 2278 voluntate
1268 2233 1522 2280 eorum
1549 2264 1569 2299 ,
1612 2209 1881 2308 quibus
1922 2210 2197 2305 injuriae
2235 2208 2434 2280 factae
2472 2221 2682 2296 sunt3

547 2342 863 2419 quorum
900 2339 1112 2390 causa
1142 2316 1497 2413 judicium
1547 2319 1638 2392 de
1682 2321 2005 2420 pecuniis
2048 2317 2473 2418 repetundis
2502 2329 2521 2362 ¹
2573 2331 2685 2389 est

547 2430 1040 2501 constitutum.
1070 2428 1378 2500 Siciliam
1416 2432 1861 2528 provinciam
1891 2435 1969 2502 C.
2001 2437 2261 2503 Verres
2294 2454 2427 2528 per
2457 2431 2682 2500 trien-

544 2528 749 2609 nium
784 2535 1270 2635 depopulatus
1301 2562 1453 2609 esse
1474 2592 1495 2625 ‚
1538 2541 1946 2612 Siculorum
1982 2542 2306 2614 civitates
2343 2555 2685 2629 vastasse,

547 2649 805 2721 domos
831 2649 1255 2737 exinanisse,
1285 2647 1450 2720 fana
1480 2651 1823 2749 spoliasse
1857 2652 2141 2724 dicitur.
2165 2652 2471 2738 Adsunt,
2498 2675 2683 2748 que-

546 2776 813 2833 runtur
845 2757 1063 2830 Siculi
1093 2761 1456 2849 universi;
1489 2760 1580 2832 ad
1608 2764 1843 2833 meam
1876 2761 2096 2835 fidem
2117 2818 2136 2851 ,
2164 2787 2383 2861 quam
2413 2760 2688 2832 habent

551 2883 947 2969 spectatam
1003 2871 1151 2965 jam
1207 2883 1279 2938 et
1321 2869 1448 2941 diu
1492 2873 1857 2969 cognitam
1879 2927 1898 2961 ,
1948 2871 2420 2969 confugiunt3
2481 2871 2684 2941 auxi-

549 2979 728 3049 lium
757 2977 893 3049 sibi
920 3001 1051 3075 per
1081 3003 1198 3050 me
1227 3003 1268 3049 a
1299 2978 1505 3051 vobis
1534 2996 1754 3078 atque
1782 3007 1824 3054 a
1855 2982 2110 3079 populi
2146 2982 2471 3052 romani²
2507 2980 2686 3077 legi-

551 3088 691 3160 bus
725 3102 1022 3186 petunt;
1060 3113 1177 3159 me
1208 3087 1665 3162 defensorem
1702 3092 2185 3164 calamitatum
2219 3115 2543 3179 suarum,
2569 3116 2688 3164 me

552 3201 867 3272 ultorem
888 3199 1309 3293 injuriarum
1329 3252 1348 3286 ,
1376 3224 1492 3271 me
1516 3204 1963 3300 cognitorem
1981 3203 2166 3298 juris
2191 3204 2298 3297 sui
2316 3256 2335 3288 ,
2352 3227 2470 3273 me
2499 3217 2689 3273 acto·

553 3337 705 3383 rem
744 3334 966 3381 causae
1007 3311 1228 3380 totius
1271 3334 1421 3381 esse
1468 3311 1880 3385 voluerunt.
1932 3319 2230 3401 Utrum,
2269 3317 2357 3405 Q.
2413 3314 2686 3400 Caecili,

554 3421 696 3492 hoc
730 3418 958 3503 dices,
1021 3445 1135 3490 me
1176 3443 1325 3489 non
1361 3420 1770 3492 Siculorum
1810 3438 2068 3519 rogatu
2113 3422 2204 3493 ad
2244 3448 2531 3495 causam
2568 3447 2691 3493 ac-

634 3616 710 3649 ιο.
738 3600 827 3650 Aa
850 3617 959 3648 eant
986 3612 1199 3665 parem.
1231 3603 1343 3649 Hoc
1376 3618 1579 3665 munus,
1667 3605 1795 3652 cium
1811 3604 2184 3668 repetundarum
2202 3606 2319 3654 inde
2335 3584 2690 3669 dietnm,quod

555 3681 645 3728 has
687 3688 848 3742 parte·
894 3678 1206 3728 sublevanda
1246 3682 1370 3745 reip.
1409 3699 1578 3731 susce·
1666 3699 1726 3731 eo
1747 3682 1938 3743 judicio
1975 3684 2097 3733 socii
2135 3687 2366 3749 pecunias
2397 3684 2492 3733 sibi
2520 3695 2690 3732 contra

557 3760 701 3823 pisse.
725 3755 1033 3805 Manifestior
1051 3774 1219 3807 nemus
1243 3770 1392 3819 estet,
1417 3762 1459 3809 si
1476 3763 1581 3809 sub-
1665 3762 1796 3826 leges
1840 3774 2024 3828 ereptas
2061 3776 2283 3830 repetant
2299 3801 2314 3825 ,
2348 3780 2468 3828 quas
2509 3781 2571 3811 ex
2607 3763 2693 3810 dn·

556 3834 816 3884 levandam
833 3833 1005 3884 darent
1033 3836 1183 3886 codd.
1202 3839 1369 3903 aliqui.
1666 3852 1942 3892 innatorum
1975 3844 2142 3894 litibus
2179 3845 2450 3904 neumatis,
2487 3842 2690 3890 domum

634 3930 655 3961 1
671 3929 713 3961 1.
736 3915 1093 3963 Demeam-avi.
1114 3917 1190 3965 De
1212 3917 1290 3967 his
1317 3919 1428 3966 vide
1445 3919 1582 3983 quod
1666 3934 1937 3988 reportent.
2025 3943 2034 3953 ·

555 4011 669 4059 sup.
691 3995 845 4041 ,Rosc-
873 3996 1046 4044 Amer,
1064 3999 1119 4057 1,
1146 4009 1252 4048 not.
1280 3999 1341 4058 6,
1381 3999 1582 4049 adnota-
1718 4019 1790 4050 -α,
1813 4005 1944 4052 Olim
1968 4004 2200 4069 «populo
2218 4015 2421 4049 romano
2435 4021 2461 4041 ι·
2483 4015 2544 4047 ex
2563 3997 2691 4045 MSS

558 4076 732 4123 vimus.
1669 4083 1963 4147 compendio
1994 4085 2270 4148 profectum
2296 4095 2506 4128 errorem
2531 4093 2693 4126 corre-

629 4157 715 4201 lv.
751 4168 794 4199 1.
835 4153 1062 4204 Pecuniis
1100 4157 1392 4221 repetundis.
1434 4157 1581 4209 sudi·
1669 4161 1742 4209 xit
1770 4162 2007 4210 Gravius.
