<?xml version="1.0" encoding="UTF-8"?>
<!DOCTYPE html PUBLIC "-//W3C//DTD XHTML 1.0 Transitional//EN"
    "http://www.w3.org/TR/xhtml1/DTD/xhtml1-transitional.dtd">
<html xmlns="http://www.w3.org/1999/xhtml" xml:lang="en" lang="en">
 <head>
  <title>
</title>
<meta http-equiv="Content-Type" content="text/html;charset=utf-8" />
  <meta name='ocr-system' content='tesseract 3.04.00' />
  <meta name='ocr-capabilities' content='ocr_page ocr_carea ocr_par ocr_line ocrx_word'/>
</head>
<body>
  <div class='ocr_page' id='page_1' title='image "./mtciceronisquae09lemagoog/mtciceronisquae09lemagoog_0651.png"; bbox 0 0 3044 4788; ppageno 0'>
   <div class='ocr_carea' id='block_1_1' title="bbox 334 498 2444 535">
    <p class='ocr_par' dir='ltr' id='par_1_1' title="bbox 334 498 2444 535">
     <span class='ocr_line' id='line_1_1' title="bbox 334 498 2444 535; baseline -0.001 -11"><span class='ocrx_word' id='word_1_1' title='bbox 334 506 606 535; x_wconf 57' lang='lat' dir='ltr'><strong>mmm</strong></span> <span class='ocrx_word' id='word_1_2' title='bbox 612 498 2350 527; x_wconf 54' lang='lat' dir='ltr'><strong>mmmmmummmmmm</strong></span> <span class='ocrx_word' id='word_1_3' title='bbox 2356 502 2444 522; x_wconf 52' lang='lat'><strong>02¹}</strong></span> 
     </span>
    </p>
   </div>
   <div class='ocr_carea' id='block_1_2' title="bbox 1035 705 1746 1026">
    <p class='ocr_par' dir='ltr' id='par_1_2' title="bbox 1035 705 1746 1026">
     <span class='ocr_line' id='line_1_2' title="bbox 1035 705 1746 831; baseline -0.006 0"><span class='ocrx_word' id='word_1_4' title='bbox 1035 705 1746 831; x_wconf 89' lang='lat' dir='ltr'><strong>TABULA</strong></span> 
     </span>
     <span class='ocr_line' id='line_1_3' title="bbox 1171 943 1596 1026; baseline -0.009 0"><span class='ocrx_word' id='word_1_5' title='bbox 1171 943 1596 1026; x_wconf 81' lang='lat' dir='ltr'>RERUM</span> 
     </span>
    </p>
   </div>
   <div class='ocr_carea' id='block_1_3' title="bbox 459 1136 2324 1309">
    <p class='ocr_par' dir='ltr' id='par_1_3' title="bbox 459 1136 2324 1309">
     <span class='ocr_line' id='line_1_4' title="bbox 459 1136 2324 1207; baseline 0.004 -25"><span class='ocrx_word' id='word_1_6' title='bbox 459 1138 615 1207; x_wconf 70' lang='lat' dir='ltr'><strong>QUAE</strong></span> <span class='ocrx_word' id='word_1_7' title='bbox 665 1139 739 1183; x_wconf 73' lang='lat' dir='ltr'><strong>m</strong></span> <span class='ocrx_word' id='word_1_8' title='bbox 792 1137 934 1182; x_wconf 84' lang='lat' dir='ltr'><strong>HOC</strong></span> <span class='ocrx_word' id='word_1_9' title='bbox 984 1136 1215 1182; x_wconf 68' lang='lat' dir='ltr'><strong>muno</strong></span> <span class='ocrx_word' id='word_1_10' title='bbox 1257 1136 1629 1183; x_wconf 63' lang='lat' dir='ltr'><strong>vomuntur:</strong></span> <span class='ocrx_word' id='word_1_11' title='bbox 1684 1136 2014 1188; x_wconf 64' lang='lat' dir='ltr'><strong>smmum:</strong></span> <span class='ocrx_word' id='word_1_12' title='bbox 2071 1140 2324 1189; x_wconf 67' lang='lat' dir='ltr'><strong>Putris</strong></span> 
     </span>
     <span class='ocr_line' id='line_1_5' title="bbox 916 1258 1853 1309; baseline 0.002 -3"><span class='ocrx_word' id='word_1_13' title='bbox 916 1258 1283 1309; x_wconf 70' lang='lat' dir='ltr'><strong>clennoms</strong></span> <span class='ocrx_word' id='word_1_14' title='bbox 1331 1259 1853 1308; x_wconf 65' lang='lat' dir='ltr'><strong>conrmmvrnn.</strong></span> 
     </span>
    </p>
   </div>
   <div class='ocr_carea' id='block_1_4' title="bbox 1097 1427 1671 1458">
    <p class='ocr_par' dir='ltr' id='par_1_4' title="bbox 1097 1427 1671 1458">
     <span class='ocr_line' id='line_1_6' title="bbox 1097 1427 1671 1458; baseline 0 -10"><span class='ocrx_word' id='word_1_15' title='bbox 1097 1427 1671 1458; x_wconf 49' lang='lat' dir='ltr'><em>——w-</em></span> 
     </span>
    </p>
   </div>
   <div class='ocr_carea' id='block_1_5' title="bbox 325 1578 2451 1711">
    <p class='ocr_par' dir='ltr' id='par_1_5' title="bbox 325 1578 2451 1711">
     <span class='ocr_line' id='line_1_7' title="bbox 325 1578 2451 1711; baseline 0.005 -34"><span class='ocrx_word' id='word_1_16' title='bbox 325 1578 405 1675; x_wconf 85' lang='grc' dir='ltr'>Ρ</span> <span class='ocrx_word' id='word_1_17' title='bbox 406 1634 599 1681; x_wconf 72' lang='lat' dir='ltr'><strong>nAErA</strong></span> <span class='ocrx_word' id='word_1_18' title='bbox 607 1636 725 1681; x_wconf 77' lang='lat' dir='ltr'><strong>‘no</strong></span> <span class='ocrx_word' id='word_1_19' title='bbox 743 1613 898 1681; x_wconf 91' lang='lat' dir='ltr'><strong>novi</strong></span> <span class='ocrx_word' id='word_1_20' title='bbox 918 1612 1189 1681; x_wconf 82' lang='lat' dir='ltr'><strong>editoris</strong></span> <span class='ocrx_word' id='word_1_21' title='bbox 1205 1612 1286 1681; x_wconf 90' lang='lat' dir='ltr'><strong>de</strong></span> <span class='ocrx_word' id='word_1_22' title='bbox 1297 1612 1642 1682; x_wconf 82' lang='lat' dir='ltr'><strong>Ciceronis</strong></span> <span class='ocrx_word' id='word_1_23' title='bbox 1660 1615 2260 1711; x_wconf 86' lang='lat' dir='ltr'><strong>orationibus.Pag.</strong></span> <span class='ocrx_word' id='word_1_24' title='bbox 2384 1621 2451 1688; x_wconf 84' lang='lat' dir='ltr'><strong>ix</strong></span> 
     </span>
    </p>
   </div>
   <div class='ocr_carea' id='block_1_6' title="bbox 205 1724 2453 3421">
    <p class='ocr_par' dir='ltr' id='par_1_6' title="bbox 321 1724 2444 1936">
     <span class='ocr_line' id='line_1_8' title="bbox 322 1724 2444 1827; baseline 0.003 -32"><span class='ocrx_word' id='word_1_25' title='bbox 322 1724 585 1796; x_wconf 89' lang='lat' dir='ltr'><strong>Nicolai</strong></span> <span class='ocrx_word' id='word_1_26' title='bbox 622 1727 1010 1821; x_wconf 89' lang='lat' dir='ltr'><strong>Desjardins</strong></span> <span class='ocrx_word' id='word_1_27' title='bbox 1044 1726 1345 1822; x_wconf 84' lang='lat' dir='ltr'><strong>praefatio</strong></span> <span class='ocrx_word' id='word_1_28' title='bbox 1403 1778 2249 1801; x_wconf 89' lang='grc'><strong>..................</strong></span> <span class='ocrx_word' id='word_1_29' title='bbox 2330 1734 2444 1827; x_wconf 81' lang='lat' dir='ltr'><strong>xvj</strong></span> 
     </span>
     <span class='ocr_line' id='line_1_9' title="bbox 321 1838 2440 1936; baseline 0.003 -28"><span class='ocrx_word' id='word_1_30' title='bbox 321 1841 421 1908; x_wconf 92' lang='lat' dir='ltr'><strong>M.</strong></span> <span class='ocrx_word' id='word_1_31' title='bbox 440 1838 644 1909; x_wconf 89' lang='lat' dir='ltr'><strong>Tullii</strong></span> <span class='ocrx_word' id='word_1_32' title='bbox 677 1842 1022 1912; x_wconf 84' lang='lat' dir='ltr'>Ciceronis</span> <span class='ocrx_word' id='word_1_33' title='bbox 1053 1867 1178 1936; x_wconf 93' lang='lat' dir='ltr'><strong>pro</strong></span> <span class='ocrx_word' id='word_1_34' title='bbox 1214 1841 1500 1930; x_wconf 92' lang='lat' dir='ltr'><strong>Quintio</strong></span> <span class='ocrx_word' id='word_1_35' title='bbox 1537 1843 1752 1911; x_wconf 89' lang='lat' dir='ltr'><strong>oratio</strong></span> <span class='ocrx_word' id='word_1_36' title='bbox 1783 1897 1801 1912; x_wconf 94' lang='lat'><strong>.</strong></span> <span class='ocrx_word' id='word_1_37' title='bbox 1836 1896 2237 1915; x_wconf 91' lang='grc'><strong>.........</strong></span> <span class='ocrx_word' id='word_1_38' title='bbox 2416 1872 2440 1915; x_wconf 94' lang='lat'>1</span> 
     </span>
    </p>

    <p class='ocr_par' dir='ltr' id='par_1_7' title="bbox 205 1954 2447 2158">
     <span class='ocr_line' id='line_1_10' title="bbox 205 1954 2447 2048; baseline 0.004 -28"><span class='ocrx_word' id='word_1_39' title='bbox 205 1966 214 1973; x_wconf 79' lang='grc'><strong>”</strong></span> <span class='ocrx_word' id='word_1_40' title='bbox 323 1954 813 2048; x_wconf 86' lang='lat' dir='ltr'><strong>Argumentum</strong></span> <span class='ocrx_word' id='word_1_41' title='bbox 868 2008 2242 2029; x_wconf 90' lang='grc'><strong>.............................</strong></span> <span class='ocrx_word' id='word_1_42' title='bbox 2405 1958 2447 2030; x_wconf 83' lang='lat'>3</span> 
     </span>
     <span class='ocr_line' id='line_1_11' title="bbox 324 2067 2251 2158; baseline 0.003 -24"><span class='ocrx_word' id='word_1_43' title='bbox 324 2067 421 2135; x_wconf 90' lang='lat' dir='ltr'><strong>M.</strong></span> <span class='ocrx_word' id='word_1_44' title='bbox 440 2070 516 2137; x_wconf 91' lang='lat' dir='ltr'><strong>T.</strong></span> <span class='ocrx_word' id='word_1_45' title='bbox 557 2070 901 2139; x_wconf 85' lang='lat' dir='ltr'><strong>Ciceronis</strong></span> <span class='ocrx_word' id='word_1_46' title='bbox 937 2070 1295 2140; x_wconf 78' lang='lat' dir='ltr'><strong>orationeS.</strong></span> <span class='ocrx_word' id='word_1_47' title='bbox 1315 2112 1415 2135; x_wconf 87' lang='lat'><strong>-.-</strong></span> <span class='ocrx_word' id='word_1_48' title='bbox 1438 2073 1571 2139; x_wconf 89' lang='lat' dir='ltr'><strong>Pro</strong></span> <span class='ocrx_word' id='word_1_49' title='bbox 1598 2073 1675 2140; x_wconf 89' lang='lat' dir='ltr'><strong>P.</strong></span> <span class='ocrx_word' id='word_1_50' title='bbox 1702 2069 1990 2158; x_wconf 89' lang='lat' dir='ltr'><strong>Quintio</strong></span> <span class='ocrx_word' id='word_1_51' title='bbox 2017 2073 2251 2141; x_wconf 88' lang='lat' dir='ltr'><strong>oratio.</strong></span> 
     </span>
    </p>

    <p class='ocr_par' dir='ltr' id='par_1_8' title="bbox 327 2184 2453 2598">
     <span class='ocr_line' id='line_1_12' title="bbox 421 2184 2446 2283; baseline 0.002 -33"><span class='ocrx_word' id='word_1_52' title='bbox 421 2222 518 2232; x_wconf 93' lang='lat'>—</span> <span class='ocrx_word' id='word_1_53' title='bbox 548 2184 783 2252; x_wconf 85' lang='lat' dir='ltr'><strong>Oratio</strong></span> <span class='ocrx_word' id='word_1_54' title='bbox 815 2184 1031 2278; x_wconf 89' lang='lat' dir='ltr'><strong>prima</strong></span> <span class='ocrx_word' id='word_1_55' title='bbox 1060 2238 1075 2253; x_wconf 94' lang='lat'><strong>.</strong></span> <span class='ocrx_word' id='word_1_56' title='bbox 1108 2238 1123 2255; x_wconf 93' lang='lat'><strong>.</strong></span> <span class='ocrx_word' id='word_1_57' title='bbox 1155 2236 1170 2253; x_wconf 96' lang='lat'><strong>.</strong></span> <span class='ocrx_word' id='word_1_58' title='bbox 1205 2237 1221 2253; x_wconf 91' lang='lat'><strong>.</strong></span> <span class='ocrx_word' id='word_1_59' title='bbox 1255 2203 1272 2252; x_wconf 80' lang='lat'><strong>.</strong></span> <span class='ocrx_word' id='word_1_60' title='bbox 1302 2234 2243 2257; x_wconf 84' lang='grc'><strong>....................</strong></span> <span class='ocrx_word' id='word_1_61' title='bbox 2408 2214 2446 2283; x_wconf 94' lang='lat'><strong>7</strong></span> 
     </span>
     <span class='ocr_line' id='line_1_13' title="bbox 328 2293 2453 2393; baseline 0.003 -29"><span class='ocrx_word' id='word_1_62' title='bbox 328 2297 428 2364; x_wconf 88' lang='grc' dir='ltr'><strong>Μ.</strong></span> <span class='ocrx_word' id='word_1_63' title='bbox 463 2293 672 2366; x_wconf 89' lang='lat' dir='ltr'><strong>Tullii</strong></span> <span class='ocrx_word' id='word_1_64' title='bbox 712 2297 1057 2368; x_wconf 89' lang='lat' dir='ltr'><strong>Ciceronis</strong></span> <span class='ocrx_word' id='word_1_65' title='bbox 1091 2324 1216 2393; x_wconf 92' lang='lat' dir='ltr'><strong>pro</strong></span> <span class='ocrx_word' id='word_1_66' title='bbox 1255 2303 1319 2369; x_wconf 90' lang='lat' dir='ltr'><strong>S.</strong></span> <span class='ocrx_word' id='word_1_67' title='bbox 1353 2299 1603 2369; x_wconf 88' lang='lat' dir='ltr'><strong>Roscio</strong></span> <span class='ocrx_word' id='word_1_68' title='bbox 1631 2301 1956 2369; x_wconf 88' lang='lat' dir='ltr'><strong>Amerino</strong></span> <span class='ocrx_word' id='word_1_69' title='bbox 1998 2301 2244 2371; x_wconf 89' lang='lat' dir='ltr'><strong>oratio.</strong></span> <span class='ocrx_word' id='word_1_70' title='bbox 2363 2299 2453 2374; x_wconf 83' lang='lat'><strong>55</strong></span> 
     </span>
     <span class='ocr_line' id='line_1_14' title="bbox 327 2411 2451 2512; baseline 0.005 -35"><span class='ocrx_word' id='word_1_71' title='bbox 327 2411 821 2503; x_wconf 85' lang='lat' dir='ltr'><strong>Argumentum</strong></span> <span class='ocrx_word' id='word_1_72' title='bbox 867 2465 2095 2485; x_wconf 88' lang='grc'><strong>..........................</strong></span> <span class='ocrx_word' id='word_1_73' title='bbox 2120 2431 2145 2485; x_wconf 76' lang='grc'><strong>“.</strong></span> <span class='ocrx_word' id='word_1_74' title='bbox 2177 2469 2193 2485; x_wconf 93' lang='grc'><strong>.</strong></span> <span class='ocrx_word' id='word_1_75' title='bbox 2227 2470 2240 2485; x_wconf 95' lang='grc'><strong>.</strong></span> <span class='ocrx_word' id='word_1_76' title='bbox 2360 2415 2451 2512; x_wconf 87' lang='lat'><strong>59</strong></span> 
     </span>
     <span class='ocr_line' id='line_1_15' title="bbox 327 2523 2258 2598; baseline 0.005 -9"><span class='ocrx_word' id='word_1_77' title='bbox 327 2524 421 2590; x_wconf 89' lang='lat' dir='ltr'><strong>M.</strong></span> <span class='ocrx_word' id='word_1_78' title='bbox 444 2526 524 2590; x_wconf 94' lang='lat' dir='ltr'><strong>T.</strong></span> <span class='ocrx_word' id='word_1_79' title='bbox 554 2523 893 2593; x_wconf 88' lang='lat' dir='ltr'><strong>Ciceronis</strong></span> <span class='ocrx_word' id='word_1_80' title='bbox 922 2527 1278 2595; x_wconf 89' lang='lat' dir='ltr'><strong>orationes.</strong></span> <span class='ocrx_word' id='word_1_81' title='bbox 1312 2569 1408 2578; x_wconf 96' lang='lat'><strong>—</strong></span> <span class='ocrx_word' id='word_1_82' title='bbox 1436 2530 1569 2596; x_wconf 91' lang='lat' dir='ltr'><strong>Pro</strong></span> <span class='ocrx_word' id='word_1_83' title='bbox 1603 2530 1751 2598; x_wconf 88' lang='lat' dir='ltr'><strong>Sex.</strong></span> <span class='ocrx_word' id='word_1_84' title='bbox 1782 2529 2029 2596; x_wconf 89' lang='lat' dir='ltr'><strong>Roscio</strong></span> <span class='ocrx_word' id='word_1_85' title='bbox 2060 2531 2258 2598; x_wconf 87' lang='lat' dir='ltr'><strong>Ame-</strong></span> 
     </span>
    </p>

    <p class='ocr_par' dir='ltr' id='par_1_9' title="bbox 327 2636 2453 3070">
     <span class='ocr_line' id='line_1_16' title="bbox 377 2636 2441 2712; baseline 0.005 -10"><span class='ocrx_word' id='word_1_86' title='bbox 377 2665 382 2670; x_wconf 83' lang='lat'><em>·</em></span> <span class='ocrx_word' id='word_1_87' title='bbox 425 2636 575 2708; x_wconf 86' lang='lat' dir='ltr'><strong>rino</strong></span> <span class='ocrx_word' id='word_1_88' title='bbox 604 2637 838 2707; x_wconf 87' lang='lat' dir='ltr'><strong>oratio.</strong></span> <span class='ocrx_word' id='word_1_89' title='bbox 859 2679 953 2692; x_wconf 92' lang='lat'><strong>—-</strong></span> <span class='ocrx_word' id='word_1_90' title='bbox 975 2639 1212 2709; x_wconf 88' lang='lat' dir='ltr'><strong>Oratio</strong></span> <span class='ocrx_word' id='word_1_91' title='bbox 1240 2639 1529 2709; x_wconf 88' lang='lat' dir='ltr'><strong>secunda</strong></span> <span class='ocrx_word' id='word_1_92' title='bbox 1548 2690 2243 2712; x_wconf 90' lang='lat'><strong>...............</strong></span> <span class='ocrx_word' id='word_1_93' title='bbox 2356 2641 2403 2712; x_wconf 88' lang='grc'>6</span> <span class='ocrx_word' id='word_1_94' title='bbox 2420 2669 2441 2712; x_wconf 83' lang='grc' dir='ltr'>ι</span> 
     </span>
     <span class='ocr_line' id='line_1_17' title="bbox 328 2748 2447 2852; baseline 0.004 -33"><span class='ocrx_word' id='word_1_95' title='bbox 328 2752 425 2822; x_wconf 91' lang='lat' dir='ltr'><strong>M.</strong></span> <span class='ocrx_word' id='word_1_96' title='bbox 450 2748 655 2819; x_wconf 92' lang='lat' dir='ltr'><strong>Tullii</strong></span> <span class='ocrx_word' id='word_1_97' title='bbox 692 2752 1034 2822; x_wconf 87' lang='lat' dir='ltr'><strong>Ciceronis</strong></span> <span class='ocrx_word' id='word_1_98' title='bbox 1070 2777 1195 2848; x_wconf 93' lang='lat' dir='ltr'><strong>pro</strong></span> <span class='ocrx_word' id='word_1_99' title='bbox 1231 2753 1320 2842; x_wconf 89' lang='lat' dir='ltr'><strong>Q.</strong></span> <span class='ocrx_word' id='word_1_100' title='bbox 1348 2755 1597 2824; x_wconf 87' lang='lat' dir='ltr'><strong>Roscio</strong></span> <span class='ocrx_word' id='word_1_101' title='bbox 1635 2755 1939 2824; x_wconf 87' lang='lat' dir='ltr'><strong>comoedo</strong></span> <span class='ocrx_word' id='word_1_102' title='bbox 1967 2756 2182 2824; x_wconf 89' lang='lat' dir='ltr'><strong>oratio</strong></span> <span class='ocrx_word' id='word_1_103' title='bbox 2226 2810 2242 2824; x_wconf 92' lang='lat'><strong>.</strong></span> <span class='ocrx_word' id='word_1_104' title='bbox 2319 2757 2447 2852; x_wconf 85' lang='lat'><strong>137</strong></span> 
     </span>
     <span class='ocr_line' id='line_1_18' title="bbox 327 2867 2453 2966; baseline 0.004 -36"><span class='ocrx_word' id='word_1_105' title='bbox 327 2873 817 2958; x_wconf 82' lang='lat' dir='ltr'><strong>Argumentum</strong></span> <span class='ocrx_word' id='word_1_106' title='bbox 867 2920 2240 2938; x_wconf 89' lang='lat'><strong>.............................</strong></span> <span class='ocrx_word' id='word_1_107' title='bbox 2319 2895 2341 2938; x_wconf 89' lang='lat'>1</span> <span class='ocrx_word' id='word_1_108' title='bbox 2360 2867 2453 2966; x_wconf 82' lang='lat'><strong>39</strong></span> 
     </span>
     <span class='ocr_line' id='line_1_19' title="bbox 327 2978 2257 3070; baseline 0.003 -25"><span class='ocrx_word' id='word_1_109' title='bbox 327 2978 514 3048; x_wconf 89' lang='lat' dir='ltr'><strong>M.T.</strong></span> <span class='ocrx_word' id='word_1_110' title='bbox 546 2980 890 3049; x_wconf 91' lang='lat' dir='ltr'><strong>Ciceronis</strong></span> <span class='ocrx_word' id='word_1_111' title='bbox 917 2984 1270 3050; x_wconf 89' lang='lat' dir='ltr'><strong>orationes.</strong></span> <span class='ocrx_word' id='word_1_112' title='bbox 1293 3023 1391 3034; x_wconf 89' lang='lat'>—</span> <span class='ocrx_word' id='word_1_113' title='bbox 1412 2984 1545 3050; x_wconf 88' lang='lat' dir='ltr'><strong>Pro</strong></span> <span class='ocrx_word' id='word_1_114' title='bbox 1573 2981 1662 3070; x_wconf 96' lang='lat' dir='ltr'><strong>Q.</strong></span> <span class='ocrx_word' id='word_1_115' title='bbox 1685 2983 1928 3051; x_wconf 88' lang='lat' dir='ltr'><strong>Roscio</strong></span> <span class='ocrx_word' id='word_1_116' title='bbox 1957 2983 2257 3052; x_wconf 89' lang='lat' dir='ltr'><strong>comoedo</strong></span> 
     </span>
    </p>

    <p class='ocr_par' dir='ltr' id='par_1_10' title="bbox 330 3094 2453 3421">
     <span class='ocr_line' id='line_1_20' title="bbox 427 3094 2450 3183; baseline 0.005 -23"><span class='ocrx_word' id='word_1_117' title='bbox 427 3094 663 3164; x_wconf 88' lang='lat' dir='ltr'><strong>oratio.</strong></span> <span class='ocrx_word' id='word_1_118' title='bbox 693 3135 791 3145; x_wconf 90' lang='lat'><em>—</em></span> <span class='ocrx_word' id='word_1_119' title='bbox 817 3096 1054 3165; x_wconf 88' lang='lat' dir='ltr'><strong>Oratio</strong></span> <span class='ocrx_word' id='word_1_120' title='bbox 1091 3098 1283 3165; x_wconf 89' lang='lat' dir='ltr'><strong>tertia</strong></span> <span class='ocrx_word' id='word_1_121' title='bbox 1302 3148 2245 3167; x_wconf 90' lang='lat'><strong>....................</strong></span> <span class='ocrx_word' id='word_1_122' title='bbox 2319 3097 2450 3183; x_wconf 75' lang='lat'><strong>143</strong></span> 
     </span>
     <span class='ocr_line' id='line_1_21' title="bbox 330 3207 2448 3307; baseline 0.003 -32"><span class='ocrx_word' id='word_1_123' title='bbox 330 3210 663 3277; x_wconf 85' lang='lat' dir='ltr'><strong>Excursus</strong></span> <span class='ocrx_word' id='word_1_124' title='bbox 689 3212 722 3279; x_wconf 98' lang='lat' dir='ltr'>I</span> <span class='ocrx_word' id='word_1_125' title='bbox 752 3207 835 3277; x_wconf 92' lang='lat' dir='ltr'><strong>de</strong></span> <span class='ocrx_word' id='word_1_126' title='bbox 864 3209 951 3298; x_wconf 95' lang='lat' dir='ltr'><strong>Q.</strong></span> <span class='ocrx_word' id='word_1_127' title='bbox 980 3211 1224 3279; x_wconf 84' lang='lat' dir='ltr'><strong>Roscio</strong></span> <span class='ocrx_word' id='word_1_128' title='bbox 1247 3210 1549 3280; x_wconf 87' lang='lat' dir='ltr'><strong>comoedo</strong></span> <span class='ocrx_word' id='word_1_129' title='bbox 1597 3263 2242 3282; x_wconf 91' lang='lat'><strong>..............</strong></span> <span class='ocrx_word' id='word_1_130' title='bbox 2319 3210 2448 3307; x_wconf 83' lang='lat'><strong>175</strong></span> 
     </span>
     <span class='ocr_line' id='line_1_22' title="bbox 332 3323 2453 3421; baseline 0.001 -31"><span class='ocrx_word' id='word_1_131' title='bbox 332 3325 666 3391; x_wconf 80' lang='lat' dir='ltr'><strong>Excursus</strong></span> <span class='ocrx_word' id='word_1_132' title='bbox 697 3325 765 3391; x_wconf 91' lang='grc' dir='ltr'><strong>ΙΙ</strong></span> <span class='ocrx_word' id='word_1_133' title='bbox 808 3323 890 3391; x_wconf 90' lang='lat' dir='ltr'><strong>de</strong></span> <span class='ocrx_word' id='word_1_134' title='bbox 924 3325 1101 3392; x_wconf 89' lang='lat' dir='ltr'><strong>notis</strong></span> <span class='ocrx_word' id='word_1_135' title='bbox 1137 3323 1589 3393; x_wconf 87' lang='lat' dir='ltr'><strong>numeralibus</strong></span> <span class='ocrx_word' id='word_1_136' title='bbox 1646 3376 2245 3395; x_wconf 90' lang='grc'><strong>.............</strong></span> <span class='ocrx_word' id='word_1_137' title='bbox 2320 3323 2453 3421; x_wconf 84' lang='lat'><strong>178</strong></span> 
     </span>
    </p>
   </div>
   <div class='ocr_carea' id='block_1_7' title="bbox 331 3434 2262 3646">
    <p class='ocr_par' dir='ltr' id='par_1_11' title="bbox 331 3434 2262 3646">
     <span class='ocr_line' id='line_1_23' title="bbox 331 3434 2259 3527; baseline -0.001 -20"><span class='ocrx_word' id='word_1_138' title='bbox 331 3438 427 3507; x_wconf 88' lang='lat' dir='ltr'><strong>M.</strong></span> <span class='ocrx_word' id='word_1_139' title='bbox 458 3434 659 3504; x_wconf 82' lang='lat' dir='ltr'><strong>Tullii</strong></span> <span class='ocrx_word' id='word_1_140' title='bbox 697 3438 1153 3508; x_wconf 81' lang='lat' dir='ltr'><strong>Ciceronisin</strong></span> <span class='ocrx_word' id='word_1_141' title='bbox 1206 3438 1291 3527; x_wconf 95' lang='lat' dir='ltr'><strong>Q.</strong></span> <span class='ocrx_word' id='word_1_142' title='bbox 1343 3437 1686 3507; x_wconf 82' lang='lat' dir='ltr'><strong>Caecilium</strong></span> <span class='ocrx_word' id='word_1_143' title='bbox 1741 3440 1976 3508; x_wconf 87' lang='lat' dir='ltr'><strong>oratio.</strong></span> <span class='ocrx_word' id='word_1_144' title='bbox 2019 3481 2114 3491; x_wconf 94' lang='lat'><strong>—-</strong></span> <span class='ocrx_word' id='word_1_145' title='bbox 2156 3442 2259 3508; x_wconf 91' lang='lat' dir='ltr'><strong>De</strong></span> 
     </span>
     <span class='ocr_line' id='line_1_24' title="bbox 430 3551 2262 3646; baseline 0.002 -28"><span class='ocrx_word' id='word_1_146' title='bbox 430 3565 812 3620; x_wconf 86' lang='lat' dir='ltr'><strong>accusatore</strong></span> <span class='ocrx_word' id='word_1_147' title='bbox 857 3551 924 3618; x_wconf 89' lang='lat' dir='ltr'><strong>in</strong></span> <span class='ocrx_word' id='word_1_148' title='bbox 979 3554 1057 3623; x_wconf 92' lang='lat' dir='ltr'><strong>C.</strong></span> <span class='ocrx_word' id='word_1_149' title='bbox 1089 3555 1365 3621; x_wconf 85' lang='lat' dir='ltr'><strong>Verrem</strong></span> <span class='ocrx_word' id='word_1_150' title='bbox 1415 3552 1917 3636; x_wconf 83' lang='lat' dir='ltr'><strong>constituendo,</strong></span> <span class='ocrx_word' id='word_1_151' title='bbox 1960 3578 2109 3646; x_wconf 81' lang='lat' dir='ltr'><strong>quae</strong></span> <span class='ocrx_word' id='word_1_152' title='bbox 2140 3553 2262 3621; x_wconf 91' lang='lat' dir='ltr'><strong>Di-</strong></span> 
     </span>
    </p>
   </div>
   <div class='ocr_carea' id='block_1_8' title="bbox 335 3664 2456 3988">
    <p class='ocr_par' dir='ltr' id='par_1_12' title="bbox 335 3664 2456 3988">
     <span class='ocr_line' id='line_1_25' title="bbox 432 3664 2444 3736; baseline 0.003 -6"><span class='ocrx_word' id='word_1_153' title='bbox 432 3665 683 3734; x_wconf 85' lang='lat' dir='ltr'><strong>vinatio</strong></span> <span class='ocrx_word' id='word_1_154' title='bbox 720 3664 965 3733; x_wconf 90' lang='lat' dir='ltr'><strong>dicitur</strong></span> <span class='ocrx_word' id='word_1_155' title='bbox 1018 3717 2199 3736; x_wconf 87' lang='lat'><strong>.........................</strong></span> <span class='ocrx_word' id='word_1_156' title='bbox 2324 3667 2444 3736; x_wconf 83' lang='lat'><strong>181</strong></span> 
     </span>
     <span class='ocr_line' id='line_1_26' title="bbox 335 3779 2454 3873; baseline 0 -25"><span class='ocrx_word' id='word_1_157' title='bbox 335 3786 820 3873; x_wconf 86' lang='lat' dir='ltr'><strong>Argumentum</strong></span> <span class='ocrx_word' id='word_1_158' title='bbox 861 3781 1129 3848; x_wconf 86' lang='lat' dir='ltr'><strong>Asconii</strong></span> <span class='ocrx_word' id='word_1_159' title='bbox 1166 3780 1437 3848; x_wconf 88' lang='lat' dir='ltr'><strong>Pediani</strong></span> <span class='ocrx_word' id='word_1_160' title='bbox 1458 3832 2246 3850; x_wconf 87' lang='lat'><strong>.................</strong></span> <span class='ocrx_word' id='word_1_161' title='bbox 2324 3779 2454 3850; x_wconf 81' lang='lat'><strong>183</strong></span> 
     </span>
     <span class='ocr_line' id='line_1_27' title="bbox 337 3890 2456 3988; baseline 0 -26"><span class='ocrx_word' id='word_1_162' title='bbox 337 3890 538 3962; x_wconf 76' lang='lat' dir='ltr'><strong>Aliud</strong></span> <span class='ocrx_word' id='word_1_163' title='bbox 568 3906 1034 3988; x_wconf 89' lang='lat' dir='ltr'><strong>argumentum</strong></span> <span class='ocrx_word' id='word_1_164' title='bbox 1070 3946 2247 3965; x_wconf 90' lang='lat'><strong>.........................</strong></span> <span class='ocrx_word' id='word_1_165' title='bbox 2326 3890 2456 3964; x_wconf 84' lang='lat'><strong>185</strong></span> 
     </span>
    </p>
   </div>
   <div class='ocr_carea' id='block_1_9' title="bbox 338 4008 2459 4218">
    <p class='ocr_par' dir='ltr' id='par_1_13' title="bbox 338 4008 2459 4218">
     <span class='ocr_line' id='line_1_28' title="bbox 338 4008 2258 4098; baseline -0.001 -20"><span class='ocrx_word' id='word_1_166' title='bbox 338 4010 435 4078; x_wconf 89' lang='lat' dir='ltr'><strong>M.</strong></span> <span class='ocrx_word' id='word_1_167' title='bbox 458 4010 538 4075; x_wconf 92' lang='lat' dir='ltr'><strong>T.</strong></span> <span class='ocrx_word' id='word_1_168' title='bbox 573 4009 918 4078; x_wconf 89' lang='lat' dir='ltr'><strong>Ciceronis</strong></span> <span class='ocrx_word' id='word_1_169' title='bbox 953 4009 1303 4080; x_wconf 89' lang='lat' dir='ltr'><strong>orationes.</strong></span> <span class='ocrx_word' id='word_1_170' title='bbox 1340 4051 1436 4062; x_wconf 92' lang='lat'><strong>-—-</strong></span> <span class='ocrx_word' id='word_1_171' title='bbox 1479 4014 1558 4078; x_wconf 92' lang='lat' dir='ltr'><strong>In</strong></span> <span class='ocrx_word' id='word_1_172' title='bbox 1588 4012 1674 4098; x_wconf 93' lang='lat' dir='ltr'><strong>Q.</strong></span> <span class='ocrx_word' id='word_1_173' title='bbox 1704 4008 2043 4079; x_wconf 85' lang='lat' dir='ltr'><strong>Caecilium</strong></span> <span class='ocrx_word' id='word_1_174' title='bbox 2073 4011 2258 4079; x_wconf 89' lang='lat' dir='ltr'><strong>Divi-</strong></span> 
     </span>
     <span class='ocr_line' id='line_1_29' title="bbox 434 4123 2459 4218; baseline 0 -26"><span class='ocrx_word' id='word_1_175' title='bbox 434 4124 635 4192; x_wconf 81' lang='lat' dir='ltr'><strong>natio,</strong></span> <span class='ocrx_word' id='word_1_176' title='bbox 671 4165 767 4175; x_wconf 84' lang='grc'><strong>--</strong></span> <span class='ocrx_word' id='word_1_177' title='bbox 793 4125 1031 4193; x_wconf 85' lang='lat' dir='ltr'><strong>Oratio</strong></span> <span class='ocrx_word' id='word_1_178' title='bbox 1061 4139 1297 4218; x_wconf 86' lang='lat' dir='ltr'><strong>quarta</strong></span> <span class='ocrx_word' id='word_1_179' title='bbox 1317 4176 1960 4195; x_wconf 82' lang='lat'><strong>..............</strong></span> <span class='ocrx_word' id='word_1_180' title='bbox 1959 4145 1965 4150; x_wconf 76' lang='grc'><em>·</em></span> <span class='ocrx_word' id='word_1_181' title='bbox 1994 4175 2248 4193; x_wconf 89' lang='grc'><strong>......</strong></span> <span class='ocrx_word' id='word_1_182' title='bbox 2327 4148 2345 4195; x_wconf 83' lang='lat'>1</span> <span class='ocrx_word' id='word_1_183' title='bbox 2366 4123 2459 4218; x_wconf 83' lang='lat'><strong>89</strong></span> 
     </span>
    </p>
   </div>
   <div class='ocr_carea' id='block_1_10' title="bbox 1093 4279 1130 4300">
    <p class='ocr_par' dir='ltr' id='par_1_14' title="bbox 1093 4279 1130 4300">
     <span class='ocr_line' id='line_1_30' title="bbox 1093 4279 1130 4300; baseline 0 -12"><span class='ocrx_word' id='word_1_184' title='bbox 1093 4279 1130 4300; x_wconf 43' lang='grc' dir='ltr'><strong>ἐ.</strong></span> 
     </span>
    </p>
   </div>
  </div>
 </body>
</html>
