3044 4788
800 463 1181 530 ORATIO
1232 461 1434 531 PRO
1486 464 1572 549 Q.
1632 461 2037 531 ROSCIO.
2112 541 2121 546 ⁷
2365 463 2494 536 163

355 608 604 684 mmm
650 607 1083 654 Plu-tronum.
1131 585 1276 674 Qui
1328 583 1419 656 de
1464 607 1594 654 sua
1624 598 1828 681 parte
1869 583 2168 672 decidit,
2199 587 2497 683 reliquis

358 697 713 790 integram
743 693 1091 789 relinquit
1121 696 1481 765 actionem
1512 715 1530 763 t
1562 696 1690 790 qui
1720 717 1856 791 pro
1890 698 2105 765 sociis
2132 700 2459 794 transigit
2481 754 2500 786 ,

359 803 686 887 satisdat‚
715 806 1083 874 neminem
1115 829 1372 876 eorum
1398 818 1651 902 postea
1676 807 2098 902 petiturum.
2128 807 2374 896 Quid?
2402 815 2500 882 ita

360 916 600 986 Flavio
628 912 767 985 sibi
802 922 1053 986 cavere
1085 939 1236 984 non
1270 917 1470 985 venit
1500 917 1575 983 in
1596 915 1973 985 mentem?
2008 916 2374 988 nesciebat
2398 925 2503 989 vi-

358 1027 622 1098 delicet
643 1032 1057 1123 Panurgum
1082 1025 1303 1096 fuisse
1327 1029 1402 1096 in
1434 1027 1824 1097 societate?
1860 1027 2166 1100 Sciebat.
2208 1033 2497 1104 Nescie-

357 1136 486 1209 bat
511 1140 866 1209 Fannium
899 1139 1165 1206 Roscio
1199 1160 1354 1206 esse
1382 1135 1707 1206 socium?
1751 1137 2132 1207 Praeclare:
2168 1163 2335 1209 nam
2371 1143 2502 1212 iste

357 1273 529 1319 cum
563 1272 650 1317 eo
674 1248 875 1318 litem
902 1259 1372 1317 contestatam
1400 1243 1739 1316 habebat.
1772 1247 1924 1315 Cur
1951 1248 2172 1347 igitur
2194 1247 2465 1320 decidit
2482 1305 2501 1337 ,

361 1374 434 1429 et
467 1383 617 1428 non
647 1356 1138 1454 restipulatur,
1166 1358 1534 1427 neminem
1563 1354 1874 1453 amplius
1901 1359 2348 1453 petiturum?
2375 1384 2505 1431 cur

363 1467 453 1539 de
483 1466 713 1538 fundo
741 1461 1085 1555 deciditss,
1112 1481 1185 1537 et
1204 1466 1482 1562 judicio
1507 1490 1659 1536 non
1687 1465 2328 1539 absolvitur⁹Pcur
2360 1485 2502 1543 tam

363 1580 695 1676 imperite
740 1575 949 1664 facit,
991 1590 1078 1647 ut
1121 1600 1257 1647 nec
1305 1579 1647 1648 Roscium
1702 1575 2170 1674 stipulatione
2218 1579 2505 1675 alliget,

365 1714 608 1786 neque
631 1712 674 1758 a
692 1692 965 1758 Fannio
991 1686 1269 1784 judicio
1301 1712 1376 1758 se
1407 1686 1908 1758 absolvatPEst
1925 1686 2068 1757 hoc
2085 1690 2404 1785 primum
2431 1707 2504 1762 et

365 1823 451 1870 ex
477 1797 898 1871 conditione
915 1799 1100 1893 juris
1119 1809 1179 1841 ¹⁰
1198 1852 1217 1885 ,
1251 1813 1324 1868 et
1349 1823 1436 1868 ex
1478 1794 2012 1869 consuetudine
2041 1799 2396 1868 cautionis
2420 1811 2506 1886 ¹¹,

367 1911 864 2006 gravissimum
905 1922 979 1978 et
1008 1905 1505 1978 firmissimum
1545 1921 2058 2004 argumentum
2090 1933 2105 1975 ε
2136 1908 2337 2003 quod
2372 1934 2506 2006 ego

364 2017 701 2117 pluribus
734 2016 974 2089 verbis
999 2018 1497 2114 amplecterer,
1525 2020 1584 2087 si
1606 2041 1757 2087 non
1779 2017 1914 2088 alia
1936 2021 2241 2088 certiora
2267 2034 2340 2090 et
2371 2020 2509 2091 cla-

367 2132 557 2200 riora
593 2130 1006 2204 testimonia
1042 2131 1118 2197 in
1158 2151 1371 2197 causa
1410 2127 1780 2199 haberem.

464 2244 656 2311 XIII.
709 2242 829 2326 Et,
868 2261 962 2308 ne
1011 2234 1201 2308 forte
1244 2229 1541 2310 me.hoc
1588 2236 1855 2307 frustra
1891 2238 2299 2335 pollicitum
2354 2265 2508 2313 esse

368 2349 752 2452 praedices3
800 2361 904 2437 te,
956 2362 1065 2437 te,
1114 2350 1413 2444 inquam
1438 2403 1456 2432 ,
1507 2350 1771 2434 Fanni,
1821 2346 1915 2417 ab
1965 2351 2107 2419 tuis
2152 2349 2509 2423 subselliis

370 2476 625 2533 contra
660 2474 733 2530 te
767 2471 1023 2529 testem
1055 2455 1423 2528 suscitabo
1448 2468 1496 2527 ¹.
1539 2458 1961 2529 Criminatio
1995 2472 2119 2529 tua
2155 2484 2317 2555 quae
2358 2464 2511 2533 est?

373 2573 716 2642 Roscium
745 2592 913 2640 cum
937 2568 1178 2640 Flavio
1204 2592 1341 2666 pro
1368 2571 1708 2639 societate
1735 2566 2106 2639 decidisse.
2134 2573 2302 2661 Quo
2331 2586 2509 2642 tem·

371 2682 588 2781 pore?
602 2678 888 2751 Abhinc
901 2681 1110 2749 annis
1126 2703 1198 2748 w
1214 2688 1265 2748 ².
1282 2676 1624 2749 Defensio
1645 2700 1804 2747 mea
1819 2701 1981 2773 quae
1996 2693 2104 2748 est
2121 2679 2151 2748 Ρ
2167 2683 2507 2750 Roscium

373 2817 510 2892 pro
541 2815 671 2862 sua
705 2803 909 2887 parte
947 2813 1113 2858 cum
1152 2787 1391 2859 Flavio
1424 2788 1873 2883 transegisse.
1912 2790 2384 2885 Repromittis
2431 2804 2511 2860 tu

373 3005 444 3054 las
472 3004 591 3053 duas
619 3001 849 3052 delendas
874 3015 977 3050 esse
1013 3001 1244 3049 canton.
1264 2999 1398 3062 judi·
1487 2998 1682 3064 regula,
1710 2998 1924 3047 solidum
1955 3000 2168 3050 solventi
2199 3003 2326 3053 hanc
2353 3008 2511 3072 stipa.

375 3096 492 3133 cst:
522 3081 700 3132 Schiitz
728 3082 873 3131 delet.
902 3078 1102 3136 Malim,
1133 3094 1245 3125 cum
1273 3080 1397 3126 Boo-
1487 3079 1722 3127 lationem
1752 3077 2093 3143 interponet-033
2132 3092 2182 3131 et
2212 3084 2308 3132 hoc
2333 3101 2393 3134 ex
2420 3088 2513 3135 for-

375 3178 582 3222 moraeo,
601 3161 811 3226 amplius
831 3174 952 3208 esse.
976 3161 1024 3206 J.
1039 3160 1107 3206 V.
1135 3159 1190 3203 L.

445 3245 494 3290 8.
528 3239 758 3294 Decedt't,
799 3239 1079 3299 conjectura
1117 3236 1400 3296 Passenni,

375 3322 461 3370 cui
493 3336 627 3368 nunc
659 3319 788 3366 favet
819 3334 947 3366 unus
990 3333 1018 3364 ο
1061 3313 1210 3363 codd.
1238 3315 1401 3362 Oxou.

376 3402 609 3449 Ceterum
629 3408 730 3444 non
751 3396 1036 3445 necessario.
1057 3392 1254 3443 Fundus
1271 3394 1400 3441 enim

379 3476 534 3524 totius
558 3474 710 3521 debiti
728 3474 941 3522 Flaviani
955 3475 1071 3523 looo
1087 3473 1280 3539 positus
1297 3483 1369 3520 est
1387 3487 1404 3534 ;

378 3571 533 3621 quum
558 3568 619 3602 eo
655 3554 812 3602 fundo
847 3554 910 3603 de
948 3557 1172 3603 universa
1207 3554 1294 3602 lite
1318 3565 1399 3601 so·

380 3634 571 3683 cietatis
610 3643 902 3681 transactum
941 3635 1155 3682 Fannius
1198 3645 1398 3683 conten·

380 3714 533 3763 deret.
563 3711 661 3762 Sed
694 3709 873 3761 seh-'ia
897 3720 1038 3775 putat
1053 3713 1200 3760 verba
1219 3750 1235 3775 ‚
1264 3734 1286 3756 ι
1310 3728 1399 3761 cnr

383 3793 445 3842 de
465 3792 622 3841 fundo
633 3823 756 3840 .....
775 3789 1046 3837 absolvitur
1062 3812 1087 3831 a
1102 3825 1118 3848 ‚
1159 3791 1400 3856 superflua

380 3888 510 3933 esse,
535 3884 592 3921 nt
617 3889 645 3920 e
670 3872 845 3936 glossis
870 3868 1076 3917 conflata
1095 3869 1366 3921 videantur.

454 3969 503 4015 9.
539 3952 657 4000 Non
696 3949 977 3999 absolvitur.
1004 3947 1193 3996 Litibus
1217 3964 1317 3997 non
1344 3950 1403 3997 u·

384 4033 601 4091 bet-stur,
640 4046 752 4099 qnae
792 4028 888 4079 sibi
926 4045 956 4076 a
993 4027 1203 4087 Fannio,
1237 4029 1405 4076 Roscii

383 4112 547 4171 socio,
569 4110 839 4160 imminent.

462 4206 537 4238 ιο.
564 4190 713 4240 Iuris.
750 4190 879 4254 Quin
914 4196 1149 4253 perpetua
1182 4185 1307 4249 juris
1336 4196 1408 4235 est

1488 3157 1619 3205 mula
1639 3157 1767 3218 juris
1788 3166 1861 3205 est
1888 3160 2225 3209 constitutum.

1568 3253 1591 3284 1
1607 3251 1649 3285 t.
1698 3238 1781 3284 Ex
1842 3238 2189 3286 consueeeede'ne
2259 3242 2514 3291 cautionis.

1490 3317 1620 3379 Quia
1642 3317 1749 3364 hec
1772 3317 1946 3364 cantio
1974 3326 2024 3365 et
2058 3318 2309 3367 satisdatio
2343 3319 2398 3368 in
2428 3322 2515 3370 hu-

1484 3395 1759 3456 juscemodi
1823 3394 2154 3445 solutionibus
2210 3400 2341 3464 exigi
2392 3417 2510 3451 con-

1488 3474 1661 3523 suevit.

1559 3554 1702 3602 xm.
1748 3568 1794 3602 ι.
1839 3540 1929 3603 ΜΒ
1966 3550 2135 3604 ursin.
2179 3557 2424 3610 excitabo.
2462 3563 2511 3609 J.

1482 3633 1547 3683 V.
1573 3634 1628 3680 1..

1562 3728 1610 3760 a.
1659 3710 1793 3758 Olim
1835 3710 2070 3759 edebatur
2116 3730 2198 3762 ιιι
2257 3717 2514 3769 manifesto

1488 3789 1697 3847 mendo,
1726 3788 1862 3853 qnod
1906 3798 1981 3837 est
2015 3790 2069 3838 in
2105 3792 2333 3843 omnibus
2368 3799 2510 3849 Mss.

1489 3869 1717 3921 Correxit
1746 3870 1949 3917 Hotom.
1975 3873 2268 3921 numeralem
2298 3890 2351 3922 xv
2378 3893 2520 3943 repo·

1491 3949 1673 3999 nendo.
1708 3952 1929 3997 Fortasse
1964 3958 2125 3998 umen
2149 3953 2279 4001 inter
2315 3955 2521 4006 decisio-

1491 4044 1604 4078 nem
1627 4028 1796 4076 Roscii
1829 4039 1876 4075 et
1902 4031 2324 4094 repromissionem
2351 4037 2524 4084 Fannii

1494 4110 1658 4173 plum
1701 4108 1817 4155 anni
1849 4110 2222 4160 intercesserunt
2238 4147 2256 4173 ‚
2292 4115 2404 4175 quis
2440 4116 2519 4164 Ci-

1498 4204 1612 4236 cero
1631 4187 1765 4235 illam
1782 4203 1885 4234 rem
1913 4199 2125 4237 veterem
2146 4191 2376 4254 appellat.

2166 4298 2270 4344 ΙΙ.

2333 4428 2341 4455 Ι
