3044 4788
585 410 679 484 30
896 486 905 499 ,
1236 410 1334 477 Μ.
1376 408 1456 476 Τ.
1509 408 2071 478 olcERoms

583 553 903 626 curaque
946 524 1372 598 conceditur
1406 551 1422 596 ε
1475 530 1595 597 cui
1642 529 2010 624 magistri⁴
2046 523 2273 619 fiunts,
2325 542 2398 598 et
2439 526 2726 614 domini

582 643 1154 724 constituuntur,
1180 640 1335 734 qui,
1360 661 1508 734 qua
1535 638 1692 734 lege
1719 651 1792 708 et
1818 660 1965 734 qua
1996 635 2415 707 conditione
2442 653 2729 734 pereat,

579 752 1100 851 pronuntient3
1128 746 1219 818 de
1252 772 1405 844 quo
1436 746 1738 818 homine
1770 749 2123 845 praeconis
2151 770 2290 816 vox
2323 744 2728 844 praedicat⁵‚

580 877 654 933 et
683 862 1001 960 pretium
1044 855 1375 945 conficit3
1412 857 1587 928 huic
1626 856 2170 928 acerbissimum
2215 859 2381 925 vivo
2413 855 2726 928 videnti·

580 997 726 1070 que
762 968 985 1040 funus
1021 966 1406 1055 ducum-⁶3
1448 972 1505 1038 si
1544 967 1766 1038 funus
1811 967 1886 1038 id
1920 965 2342 1038 habendum
2386 970 2511 1054 sit,
2565 992 2722 1064 quo

582 1104 732 1150 non
783 1080 995 1149 amici
1041 1080 1490 1148 conveniunt
1533 1077 1626 1148 ad
1676 1087 2051 1173 exsequias
2103 1075 2724 1163 cohonestandas,

580 1188 708 1260 sed
760 1187 1128 1259 bonorum
1184 1201 1585 1284 emptoreS,
1626 1201 1710 1256 ut
1755 1184 2124 1258 carnifices
2143 1199 2200 1271 ⁷,
2247 1185 2340 1256 ad
2379 1188 2724 1285 reliquias

578 1302 742 1369 vitae
773 1297 1185 1370 lacerandas
1221 1311 1295 1367 et
1327 1295 1849 1366 distrahendaS.

675 1418 864 1485 XVI.
898 1418 1150 1509 Itaque
1190 1413 1494 1507 majores
1534 1414 1760 1480 nostri
1805 1436 1966 1481 raro
2007 1409 2080 1480 id
2108 1410 2438 1481 accidere
2475 1413 2725 1482 volue-

581 1538 756 1594 runt
776 1549 795 1609 3
812 1537 1176 1620 praetores,
1196 1536 1280 1591 ut
1307 1519 1756 1591 considerate
1776 1519 1984 1591 fieret
2004 1575 2023 1609 ,
2048 1536 2651 1618 comparaverunt
2667 1533 2718 1593 ⁸.

580 1637 735 1704 Viri
764 1633 942 1705 boni
966 1689 985 1721 ,
1008 1658 1240 1729 quum
1271 1632 1504 1729 palam
1536 1630 1988 1719 fraudantur,
2020 1656 2252 1728 quum
2288 1631 2720 1728 experiundi

580 1757 897 1840 potestas
955 1767 1106 1812 non
1153 1756 1292 1827 est,
1346 1740 1595 1811 timide
1639 1756 1879 1811 tamen
1922 1755 1995 1811 et
2044 1739 2492 1838 pedetentim
2535 1746 2723 1814 istuc

581 1850 1040 1922 descendunt
1060 1904 1079 1937 ,
1105 1853 1177 1919 vi
1204 1874 1288 1920 ac
1317 1852 1742 1921 necessitate
1763 1853 2000 1923 coacti
2020 1904 2038 1935 ,
2064 1853 2309 1935 inviti,
2335 1852 2582 1923 multis
2606 1877 2724 1923 va-

581 1960 924 2031 dimoniis
957 1958 1257 2030 desertis
1276 2014 1294 2047 ,
1322 1985 1506 2058 saepe
1537 1962 1724 2030 illusi
1754 1985 1838 2030 ac
1865 1959 2215 2030 destituti.
2243 1962 2723 2033 Considerant

580 2072 812 2154 enim,
839 2066 1020 2164 quid
1054 2083 1125 2138 et
1153 2084 1508 2165 quantum
1540 2073 1666 2157 sit,
1698 2070 1992 2140 alterius
2024 2069 2219 2139 bona
2244 2071 2722 2167 proscribere.

578 2183 617 2249 J
624 2176 919 2272 ugulare
944 2180 1173 2247 civem
1200 2202 1290 2249 ne
1309 2180 1474 2273 jure
1509 2179 1808 2275 quidem
1838 2183 2224 2276 quisquam
2260 2180 2501 2252 bonus
2529 2183 2721 2253 vult:

582 2286 859 2356 mavult
888 2290 1083 2356 enim
1113 2311 1707 2373 commemorare,
1730 2314 1830 2377 se,
1858 2315 2089 2386 quum
2122 2305 2367 2388 posset
2393 2291 2725 2389 perdere,

581 2401 1012 2495 pepercisse,
1046 2424 1290 2496 quam,
1328 2425 1556 2496 quum
1585 2426 1879 2499 parcere
1915 2406 2260 2500 potuerit,
2292 2404 2720 2501 perdidisse.

580 2513 747 2578 Haec
779 2510 852 2577 in
888 2507 1223 2579 homines
1261 2507 1771 2597 alienissimOS‚
1805 2503 2124 2610 denique
2153 2516 2724 2603 inimicissimos,

580 2620 714 2688 viri
738 2617 917 2688 boni
944 2616 1223 2688 faciunt
1240 2672 1259 2705 ,
1284 2633 1356 2688 et
1393 2617 1775 2691 hominum
1801 2625 2348 2693 existimationis
2370 2677 2389 2709 ,
2422 2638 2496 2694 et
2520 2650 2722 2695 com-

586 2733 829 2800 munis
870 2729 1341 2799 humanitatis
1392 2754 1647 2801 causa:
1680 2737 1800 2818 ut,
1848 2757 2078 2828 quum
2123 2736 2257 2830 ipsi
2301 2732 2484 2803 nihil
2518 2736 2728 2806 alteri

579 2843 887 2911 scientes
932 2838 1586 2928 incommodarint,
1620 2842 1802 2912 nihil
1852 2845 2024 2940 ipsis
2067 2843 2231 2938 jure
2275 2844 2725 2915 incommodi

582 2949 836 3021 cadere
868 2953 1116 3047 possit.
1161 2949 1271 3020 Ad
1303 2950 1798 3022 vadimonium
1839 2977 1991 3022 non
2024 2955 2245 3023 venit.
2289 2955 2519 3041 Quis?
2552 2960 2731 3026 Pro-

578 3123 709 3195 piter
735 3137 840 3174 aeta
876 3127 977 3176 vita
1012 3126 1229 3175 honestae
1262 3129 1435 3175 mortis
1461 3127 1607 3177 laude
1768 3129 1816 3178 5.
1838 3129 2102 3178 Proedicat.
2121 3130 2273 3191 Cujus
2300 3130 2514 3179 hominis
2545 3148 2729 3181 nomen

583 3209 683 3272 tegi
718 3217 913 3273 potest3
964 3205 1048 3254 sed
1087 3206 1277 3254 homini
1311 3207 1482 3271 probri
1522 3206 1608 3255 dn-
1692 3208 2004 3272 pronuntiat,
2048 3217 2098 3257 et
2119 3210 2260 3269 cujus
2299 3226 2362 3258 ex
2387 3210 2535 3258 bonis
2561 3213 2614 3259 in
2642 3229 2724 3260 au—

584 3298 749 3336 mnato
786 3304 847 3335 ne
890 3287 973 3334 iun
1018 3286 1216 3349 quidem
1266 3286 1607 3351 recuperandae
1695 3289 1857 3336 ctione
1912 3287 2123 3336 venditis
2173 3291 2447 3337 confectam
2500 3292 2729 3356 pecuniae

582 3369 722 3416 famae
761 3369 885 3415 ratio
921 3377 1165 3430 superest;
1194 3382 1347 3429 quum
1374 3368 1610 3413 moriatur
1694 3382 1929 3414 summam
1956 3366 2154 3429 publice
2184 3369 2368 3415 recitat.

584 3447 799 3510 quodam
821 3445 971 3493 modo
997 3456 1111 3492 ante
1133 3455 1353 3492 mortem.
1382 3446 1608 3492 Ceterum
1768 3446 1822 3493 6.
1839 3442 2082 3492 India-itur
2106 3446 2238 3510 apud
2260 3449 2408 3495 Gmt.
2437 3464 2466 3495 e
2492 3449 2729 3512 quibusd-

584 3525 710 3588 quid
737 3524 798 3572 de
825 3526 920 3572 isto
942 3523 1148 3584 juvenili
1173 3534 1224 3570 et
1251 3523 1509 3572 ambitioso
1539 3523 1613 3570 di·
1695 3522 1808 3572 edd.
1828 3535 1875 3570 et
1897 3524 2040 3573 MSS.
2064 3525 2095 3571 J
2101 3528 2189 3574 ΛΤ.
2211 3528 2262 3572 1..
2288 3526 2440 3575 Male.

585 3603 730 3651 cendi
758 3619 931 3668 genere
956 3602 1129 3650 Cicero
1158 3602 1261 3665 ipse
1292 3604 1488 3661 sentiat,
1502 3602 1608 3652 vid.
1773 3619 1821 3663 7.
1859 3604 2139 3672 carnifices.
2168 3605 2376 3652 Videtur
2411 3616 2578 3654 orator
2617 3618 2731 3656 toto

586 3684 643 3731 in
669 3684 804 3731 Orat.
1700 3682 1797 3729 hoc
1823 3682 1938 3731 loco
1957 3683 2021 3731 ad
2042 3693 2249 3731 veterem
2277 3685 2414 3733 illurn
2442 3703 2627 3734 morem
2654 3705 2733 3735 re·

660 3773 711 3820 4.
761 3759 1006 3828 Magistri.
1053 3760 1133 3808 Sic
1174 3760 1486 3820 dicebantur,
1529 3763 1614 3826 qui
1701 3762 1909 3824 spicere,
1933 3777 2034 3824 quo
2063 3778 2121 3810 ex
2151 3765 2254 3811 ΧΠ
2285 3766 2422 3814 tabb.
2451 3764 2643 3828 legibus
2667 3766 2732 3813 li-

583 3843 730 3891 bonis
771 3841 1048 3889 debitorum
1093 3841 1290 3905 publice
1337 3840 1612 3890 vendendis
1699 3839 1839 3889 cebat
1863 3840 2191 3890 creditoribus
2214 3844 2505 3904 debitorem,
2523 3848 2608 3909 qui
2633 3847 2733 3894 sol·

589 3933 825 3988 praeerant
841 3957 856 3980 ,
899 3922 1185 3969 auctoritate
1219 3921 1439 3985 praetoris
1475 3917 1610 3983 (gall.
1699 3919 1861 3967 vendo
1877 3937 1977 3967 non
1992 3933 2114 3982 erat,
2133 3939 2312 3981 secare,
2327 3934 2376 3972 et
2395 3927 2500 3985 eJus
2515 3926 2732 3974 membra

589 4002 760 4067 syndt'c
783 4002 867 4051 des
890 3998 1199 4066 cre'anciers).
1224 3999 1426 4046 Domini
1448 4011 1611 4047 antem
1698 3998 1824 4045 inter
1843 4014 1893 4045 se
1921 4002 2104 4063 partiri.
2126 4001 2242 4050 Vid.
2265 4003 2327 4050 A.
2347 4003 2476 4052 Geu.
2497 4005 2622 4063 XX,
2651 4021 2695 4052 1.

590 4085 853 4135 creditores
881 4091 1017 4131 erant
1037 4114 1053 4141 ‚
1076 4079 1163 4143 qui
1198 4077 1330 4126 bona
1359 4077 1508 4126 vendi
1531 4079 1610 4138 ju·
1769 4079 1910 4126 XVI.
1964 4096 2009 4128 1.
2062 4081 2494 4146 comparaverunt.
2542 4083 2733 4134 Edictis

588 4157 787 4215 baham.
1701 4157 2078 4208 constituerunt.
