<?xml version="1.0" encoding="UTF-8"?>
<!DOCTYPE html PUBLIC "-//W3C//DTD XHTML 1.0 Transitional//EN"
    "http://www.w3.org/TR/xhtml1/DTD/xhtml1-transitional.dtd">
<html xmlns="http://www.w3.org/1999/xhtml" xml:lang="en" lang="en">
 <head>
  <title>
</title>
<meta http-equiv="Content-Type" content="text/html;charset=utf-8" />
  <meta name='ocr-system' content='tesseract 3.04.00' />
  <meta name='ocr-capabilities' content='ocr_page ocr_carea ocr_par ocr_line ocrx_word'/>
</head>
<body>
  <div class='ocr_page' id='page_1' title='image "./mtciceronisquae09lemagoog/mtciceronisquae09lemagoog_0411.png"; bbox 0 0 3044 4788; ppageno 0'>
   <div class='ocr_carea' id='block_1_1' title="bbox 713 477 2437 581">
    <p class='ocr_par' dir='ltr' id='par_1_1' title="bbox 713 477 2437 581">
     <span class='ocr_line' id='line_1_1' title="bbox 713 477 2437 581; baseline 0.005 -34"><span class='ocrx_word' id='word_1_1' title='bbox 713 480 820 549; x_wconf 82' lang='grc' dir='ltr'>ΙΝ</span> <span class='ocrx_word' id='word_1_2' title='bbox 864 477 1290 549; x_wconf 80' lang='lat' dir='ltr'><strong>VERREM</strong></span> <span class='ocrx_word' id='word_1_3' title='bbox 1344 479 1554 546; x_wconf 82' lang='lat' dir='ltr'><strong>ACT.</strong></span> <span class='ocrx_word' id='word_1_4' title='bbox 1604 482 1715 564; x_wconf 91' lang='lat'>11,</span> <span class='ocrx_word' id='word_1_5' title='bbox 1769 484 1954 550; x_wconf 79' lang='lat' dir='ltr'>Lm.</span> <span class='ocrx_word' id='word_1_6' title='bbox 2009 486 2060 550; x_wconf 92' lang='lat'>1.</span> <span class='ocrx_word' id='word_1_7' title='bbox 2308 485 2437 581; x_wconf 87' lang='lat'>371</span> 
     </span>
    </p>
   </div>
   <div class='ocr_carea' id='block_1_2' title="bbox 234 598 2462 3786">
    <p class='ocr_par' dir='ltr' id='par_1_2' title="bbox 234 598 2452 1139">
     <span class='ocr_line' id='line_1_2' title="bbox 309 598 2452 704; baseline 0.003 -31"><span class='ocrx_word' id='word_1_8' title='bbox 309 602 623 673; x_wconf 78' lang='lat' dir='ltr'>valeret:</span> <span class='ocrx_word' id='word_1_9' title='bbox 670 614 1030 687; x_wconf 85' lang='lat' dir='ltr'>statuunt,</span> <span class='ocrx_word' id='word_1_10' title='bbox 1087 599 1172 697; x_wconf 7' lang='lat' dir='ltr'>id*</span> <span class='ocrx_word' id='word_1_11' title='bbox 1205 598 1341 671; x_wconf 91' lang='lat' dir='ltr'>sibi</span> <span class='ocrx_word' id='word_1_12' title='bbox 1382 602 1742 698; x_wconf 88' lang='lat' dir='ltr'>optimum</span> <span class='ocrx_word' id='word_1_13' title='bbox 1778 626 1932 674; x_wconf 91' lang='lat' dir='ltr'>esse</span> <span class='ocrx_word' id='word_1_14' title='bbox 1969 601 2203 693; x_wconf 87' lang='lat' dir='ltr'>factu,</span> <span class='ocrx_word' id='word_1_15' title='bbox 2248 610 2452 704; x_wconf 90' lang='lat' dir='ltr'>quod</span> 
     </span>
     <span class='ocr_line' id='line_1_3' title="bbox 234 713 2451 808; baseline 0.003 -25"><span class='ocrx_word' id='word_1_16' title='bbox 234 784 247 799; x_wconf 67' lang='lat'>‚</span> <span class='ocrx_word' id='word_1_17' title='bbox 311 714 533 784; x_wconf 84' lang='lat' dir='ltr'>cuivis</span> <span class='ocrx_word' id='word_1_18' title='bbox 573 713 887 782; x_wconf 90' lang='lat' dir='ltr'>venisset</span> <span class='ocrx_word' id='word_1_19' title='bbox 922 713 996 780; x_wconf 92' lang='lat' dir='ltr'>in</span> <span class='ocrx_word' id='word_1_20' title='bbox 1032 725 1352 782; x_wconf 84' lang='lat' dir='ltr'><strong>mentem</strong></span> <span class='ocrx_word' id='word_1_21' title='bbox 1382 764 1402 799; x_wconf 88' lang='lat'>‚</span> <span class='ocrx_word' id='word_1_22' title='bbox 1442 725 1692 808; x_wconf 89' lang='lat' dir='ltr'>petere</span> <span class='ocrx_word' id='word_1_23' title='bbox 1729 713 2077 784; x_wconf 82' lang='lat' dir='ltr'>auxilium</span> <span class='ocrx_word' id='word_1_24' title='bbox 2125 741 2165 788; x_wconf 91' lang='lat' dir='ltr'>a</span> <span class='ocrx_word' id='word_1_25' title='bbox 2210 717 2451 790; x_wconf 90' lang='lat' dir='ltr'>Cheli-</span> 
     </span>
     <span class='ocr_line' id='line_1_4' title="bbox 311 820 2451 924; baseline 0.001 -30"><span class='ocrx_word' id='word_1_26' title='bbox 311 823 544 910; x_wconf 84' lang='lat' dir='ltr'><strong>done,</strong></span> <span class='ocrx_word' id='word_1_27' title='bbox 586 846 749 919; x_wconf 84' lang='lat' dir='ltr'>quae</span> <span class='ocrx_word' id='word_1_28' title='bbox 790 824 928 892; x_wconf 90' lang='lat' dir='ltr'>isto</span> <span class='ocrx_word' id='word_1_29' title='bbox 951 832 1261 918; x_wconf 83' lang='lat' dir='ltr'>praetore</span> <span class='ocrx_word' id='word_1_30' title='bbox 1297 845 1449 890; x_wconf 91' lang='lat' dir='ltr'>non</span> <span class='ocrx_word' id='word_1_31' title='bbox 1482 820 1705 891; x_wconf 89' lang='lat' dir='ltr'>modo</span> <span class='ocrx_word' id='word_1_32' title='bbox 1739 822 1816 892; x_wconf 89' lang='lat' dir='ltr'>in</span> <span class='ocrx_word' id='word_1_33' title='bbox 1847 822 2014 916; x_wconf 89' lang='lat' dir='ltr'>jure</span> <span class='ocrx_word' id='word_1_34' title='bbox 2047 825 2271 912; x_wconf 86' lang='lat' dir='ltr'>civili,</span> <span class='ocrx_word' id='word_1_35' title='bbox 2300 829 2451 924; x_wconf 90' lang='lat' dir='ltr'>pri-</span> 
     </span>
     <span class='ocr_line' id='line_1_5' title="bbox 306 932 2452 1030; baseline 0.003 -28"><span class='ocrx_word' id='word_1_36' title='bbox 306 947 792 1028; x_wconf 78' lang='lat' dir='ltr'>vatorumque</span> <span class='ocrx_word' id='word_1_37' title='bbox 836 932 1166 1002; x_wconf 89' lang='lat' dir='ltr'>omnium</span> <span class='ocrx_word' id='word_1_38' title='bbox 1213 932 1720 1001; x_wconf 85' lang='lat' dir='ltr'>controversiis</span> <span class='ocrx_word' id='word_1_39' title='bbox 1747 985 1766 1018; x_wconf 90' lang='lat'>‚</span> <span class='ocrx_word' id='word_1_40' title='bbox 1820 932 2100 1030; x_wconf 90' lang='lat' dir='ltr'>populo</span> <span class='ocrx_word' id='word_1_41' title='bbox 2147 960 2452 1008; x_wconf 87' lang='lat' dir='ltr'>romano</span> 
     </span>
     <span class='ocr_line' id='line_1_6' title="bbox 311 1038 2451 1139; baseline 0.003 -26"><span class='ocrx_word' id='word_1_42' title='bbox 311 1040 617 1139; x_wconf 65' lang='lat' dir='ltr'>praefuit,</span> <span class='ocrx_word' id='word_1_43' title='bbox 651 1064 903 1112; x_wconf 86' lang='lat' dir='ltr'>verum</span> <span class='ocrx_word' id='word_1_44' title='bbox 924 1040 1137 1111; x_wconf 85' lang='lat' dir='ltr'>etiam</span> <span class='ocrx_word' id='word_1_45' title='bbox 1157 1043 1234 1109; x_wconf 89' lang='lat' dir='ltr'>in</span> <span class='ocrx_word' id='word_1_46' title='bbox 1252 1038 1367 1110; x_wconf 81' lang='lat' dir='ltr'>his</span> <span class='ocrx_word' id='word_1_47' title='bbox 1382 1040 1588 1110; x_wconf 86' lang='lat' dir='ltr'>sartis</span> <span class='ocrx_word' id='word_1_48' title='bbox 1615 1045 1819 1112; x_wconf 91' lang='lat' dir='ltr'>tectis</span> <span class='ocrx_word' id='word_1_49' title='bbox 1846 1048 1905 1084; x_wconf 69' lang='lat'>¹²</span> <span class='ocrx_word' id='word_1_50' title='bbox 1931 1042 2298 1116; x_wconf 80' lang='lat' dir='ltr'>dominata</span> <span class='ocrx_word' id='word_1_51' title='bbox 2324 1061 2451 1119; x_wconf 85' lang='lat' dir='ltr'>est.</span> 
     </span>
    </p>

    <p class='ocr_par' dir='ltr' id='par_1_3' title="bbox 303 1148 2462 3786">
     <span class='ocr_line' id='line_1_7' title="bbox 409 1148 2458 1248; baseline 0.002 -25"><span class='ocrx_word' id='word_1_52' title='bbox 409 1155 556 1223; x_wconf 92' lang='lat' dir='ltr'><strong>LII.</strong></span> <span class='ocrx_word' id='word_1_53' title='bbox 597 1153 813 1223; x_wconf 85' lang='lat' dir='ltr'>Venit</span> <span class='ocrx_word' id='word_1_54' title='bbox 841 1149 931 1223; x_wconf 91' lang='lat' dir='ltr'>ad</span> <span class='ocrx_word' id='word_1_55' title='bbox 967 1148 1448 1221; x_wconf 88' lang='lat' dir='ltr'>Chelidonem</span> <span class='ocrx_word' id='word_1_56' title='bbox 1478 1151 1557 1218; x_wconf 92' lang='lat' dir='ltr'>C.</span> <span class='ocrx_word' id='word_1_57' title='bbox 1580 1152 1927 1238; x_wconf 88' lang='lat' dir='ltr'>Mustius,</span> <span class='ocrx_word' id='word_1_58' title='bbox 1964 1172 2189 1248; x_wconf 86' lang='lat' dir='ltr'>eques</span> <span class='ocrx_word' id='word_1_59' title='bbox 2219 1176 2458 1227; x_wconf 74' lang='lat' dir='ltr'>roma-</span> 
     </span>
     <span class='ocr_line' id='line_1_8' title="bbox 311 1258 2456 1359; baseline 0.002 -27"><span class='ocrx_word' id='word_1_60' title='bbox 311 1284 484 1347; x_wconf 88' lang='lat' dir='ltr'>nus,</span> <span class='ocrx_word' id='word_1_61' title='bbox 526 1260 998 1359; x_wconf 79' lang='lat' dir='ltr'>publicanus,</span> <span class='ocrx_word' id='word_1_62' title='bbox 1038 1258 1265 1329; x_wconf 90' lang='lat' dir='ltr'>homo</span> <span class='ocrx_word' id='word_1_63' title='bbox 1302 1281 1471 1328; x_wconf 88' lang='lat' dir='ltr'>cum</span> <span class='ocrx_word' id='word_1_64' title='bbox 1520 1258 1770 1355; x_wconf 86' lang='lat' dir='ltr'>primis</span> <span class='ocrx_word' id='word_1_65' title='bbox 1809 1259 2160 1334; x_wconf 87' lang='lat' dir='ltr'>honestus</span> <span class='ocrx_word' id='word_1_66' title='bbox 2193 1292 2209 1333; x_wconf 73' lang='grc' dir='ltr'><strong><em>ε</em></strong></span> <span class='ocrx_word' id='word_1_67' title='bbox 2257 1268 2456 1338; x_wconf 85' lang='lat' dir='ltr'>venit</span> 
     </span>
     <span class='ocr_line' id='line_1_9' title="bbox 312 1366 2455 1467; baseline 0.003 -25"><span class='ocrx_word' id='word_1_68' title='bbox 312 1374 409 1441; x_wconf 90' lang='lat' dir='ltr'>M.</span> <span class='ocrx_word' id='word_1_69' title='bbox 447 1372 744 1459; x_wconf 85' lang='lat' dir='ltr'>Junius,</span> <span class='ocrx_word' id='word_1_70' title='bbox 785 1382 1086 1467; x_wconf 88' lang='lat' dir='ltr'>patruus</span> <span class='ocrx_word' id='word_1_71' title='bbox 1123 1368 1369 1466; x_wconf 87' lang='lat' dir='ltr'>pueri,</span> <span class='ocrx_word' id='word_1_72' title='bbox 1403 1366 1921 1462; x_wconf 85' lang='lat' dir='ltr'>frugalissimus</span> <span class='ocrx_word' id='word_1_73' title='bbox 1966 1371 2190 1442; x_wconf 90' lang='lat' dir='ltr'>homo</span> <span class='ocrx_word' id='word_1_74' title='bbox 2228 1389 2300 1445; x_wconf 93' lang='lat' dir='ltr'>et</span> <span class='ocrx_word' id='word_1_75' title='bbox 2338 1402 2455 1448; x_wconf 53' lang='lat' dir='ltr'>cad</span> 
     </span>
     <span class='ocr_line' id='line_1_10' title="bbox 314 1476 2460 1576; baseline 0.002 -23"><span class='ocrx_word' id='word_1_76' title='bbox 314 1486 661 1554; x_wconf 86' lang='lat' dir='ltr'>stissimus</span> <span class='ocrx_word' id='word_1_77' title='bbox 698 1508 713 1551; x_wconf 77' lang='grc' dir='ltr'><strong><em>ε</em></strong></span> <span class='ocrx_word' id='word_1_78' title='bbox 760 1481 961 1551; x_wconf 84' lang='lat' dir='ltr'>venit</span> <span class='ocrx_word' id='word_1_79' title='bbox 1004 1479 1232 1549; x_wconf 90' lang='lat' dir='ltr'>homo</span> <span class='ocrx_word' id='word_1_80' title='bbox 1290 1500 1576 1547; x_wconf 90' lang='lat' dir='ltr'>summo</span> <span class='ocrx_word' id='word_1_81' title='bbox 1621 1476 1944 1564; x_wconf 86' lang='lat' dir='ltr'>honore,</span> <span class='ocrx_word' id='word_1_82' title='bbox 1986 1481 2267 1576; x_wconf 87' lang='lat' dir='ltr'>pudore</span> <span class='ocrx_word' id='word_1_83' title='bbox 2293 1495 2313 1528; x_wconf 91' lang='lat'><em>¹</em></span> <span class='ocrx_word' id='word_1_84' title='bbox 2387 1501 2460 1557; x_wconf 90' lang='lat' dir='ltr'>et</span> 
     </span>
     <span class='ocr_line' id='line_1_11' title="bbox 315 1588 2457 1687; baseline 0.001 -23"><span class='ocrx_word' id='word_1_85' title='bbox 315 1617 598 1664; x_wconf 90' lang='lat' dir='ltr'>summo</span> <span class='ocrx_word' id='word_1_86' title='bbox 640 1589 884 1661; x_wconf 84' lang='lat' dir='ltr'>officio</span> <span class='ocrx_word' id='word_1_87' title='bbox 923 1592 1486 1687; x_wconf 87' lang='lat' dir='ltr'>spectatissimus</span> <span class='ocrx_word' id='word_1_88' title='bbox 1520 1588 1794 1660; x_wconf 90' lang='lat' dir='ltr'>ordinis</span> <span class='ocrx_word' id='word_1_89' title='bbox 1844 1590 1991 1678; x_wconf 87' lang='lat' dir='ltr'>sui,</span> <span class='ocrx_word' id='word_1_90' title='bbox 2039 1597 2115 1662; x_wconf 89' lang='lat' dir='ltr'>P.</span> <span class='ocrx_word' id='word_1_91' title='bbox 2153 1596 2457 1667; x_wconf 89' lang='lat' dir='ltr'>Potitius</span> 
     </span>
     <span class='ocr_line' id='line_1_12' title="bbox 316 1696 2453 1801; baseline 0.003 -30"><span class='ocrx_word' id='word_1_92' title='bbox 316 1715 539 1771; x_wconf 77' lang='lat' dir='ltr'>tutor.</span> <span class='ocrx_word' id='word_1_93' title='bbox 571 1705 634 1769; x_wconf 87' lang='grc' dir='ltr'>Ο</span> <span class='ocrx_word' id='word_1_94' title='bbox 664 1696 908 1769; x_wconf 88' lang='lat' dir='ltr'>multis</span> <span class='ocrx_word' id='word_1_95' title='bbox 939 1696 1272 1769; x_wconf 80' lang='lat' dir='ltr'>acerbam</span> <span class='ocrx_word' id='word_1_96' title='bbox 1293 1752 1313 1786; x_wconf 90' lang='lat'><strong><em>‚</em></strong></span> <span class='ocrx_word' id='word_1_97' title='bbox 1341 1722 1389 1768; x_wconf 96' lang='lat' dir='ltr'>o</span> <span class='ocrx_word' id='word_1_98' title='bbox 1424 1698 1759 1769; x_wconf 83' lang='lat' dir='ltr'>miseram</span> <span class='ocrx_word' id='word_1_99' title='bbox 1785 1752 1804 1787; x_wconf 91' lang='lat'>‚</span> <span class='ocrx_word' id='word_1_100' title='bbox 1837 1714 2057 1797; x_wconf 87' lang='lat' dir='ltr'>atque</span> <span class='ocrx_word' id='word_1_101' title='bbox 2084 1703 2453 1801; x_wconf 88' lang='lat' dir='ltr'>indignam</span> 
     </span>
     <span class='ocr_line' id='line_1_13' title="bbox 314 1799 2455 1915; baseline 0.002 -32"><span class='ocrx_word' id='word_1_102' title='bbox 314 1827 693 1910; x_wconf 83' lang='lat' dir='ltr'>praeturam</span> <span class='ocrx_word' id='word_1_103' title='bbox 731 1807 966 1880; x_wconf 83' lang='lat' dir='ltr'>tuam!</span> <span class='ocrx_word' id='word_1_104' title='bbox 1012 1813 1112 1879; x_wconf 88' lang='lat' dir='ltr'>Ut</span> <span class='ocrx_word' id='word_1_105' title='bbox 1145 1799 1427 1879; x_wconf 83' lang='lat' dir='ltr'>mittam</span> <span class='ocrx_word' id='word_1_106' title='bbox 1465 1823 1738 1898; x_wconf 86' lang='lat' dir='ltr'>cetera,</span> <span class='ocrx_word' id='word_1_107' title='bbox 1788 1836 1940 1908; x_wconf 92' lang='lat' dir='ltr'>quo</span> <span class='ocrx_word' id='word_1_108' title='bbox 1985 1811 2279 1885; x_wconf 88' lang='lat' dir='ltr'>tandem</span> <span class='ocrx_word' id='word_1_109' title='bbox 2316 1841 2455 1915; x_wconf 90' lang='lat' dir='ltr'>pu-</span> 
     </span>
     <span class='ocr_line' id='line_1_14' title="bbox 315 1919 2457 2017; baseline 0.002 -23"><span class='ocrx_word' id='word_1_110' title='bbox 315 1923 496 1995; x_wconf 86' lang='lat' dir='ltr'>dore</span> <span class='ocrx_word' id='word_1_111' title='bbox 537 1922 711 1993; x_wconf 86' lang='lat' dir='ltr'>tales</span> <span class='ocrx_word' id='word_1_112' title='bbox 755 1924 989 2008; x_wconf 63' lang='lat' dir='ltr'>virm,</span> <span class='ocrx_word' id='word_1_113' title='bbox 1034 1945 1185 2017; x_wconf 93' lang='lat' dir='ltr'>quo</span> <span class='ocrx_word' id='word_1_114' title='bbox 1223 1919 1515 2007; x_wconf 91' lang='lat' dir='ltr'>dolore,</span> <span class='ocrx_word' id='word_1_115' title='bbox 1565 1923 1962 1994; x_wconf 85' lang='lat' dir='ltr'>meretricis</span> <span class='ocrx_word' id='word_1_116' title='bbox 2007 1922 2305 1996; x_wconf 89' lang='lat' dir='ltr'>domurn</span> <span class='ocrx_word' id='word_1_117' title='bbox 2339 1953 2457 1999; x_wconf 84' lang='lat' dir='ltr'>ve-</span> 
     </span>
     <span class='ocr_line' id='line_1_15' title="bbox 312 2029 2454 2135; baseline 0.001 -31"><span class='ocrx_word' id='word_1_118' title='bbox 312 2034 505 2105; x_wconf 91' lang='lat' dir='ltr'>nisse</span> <span class='ocrx_word' id='word_1_119' title='bbox 553 2031 1050 2104; x_wconf 84' lang='lat' dir='ltr'>arbitramini?</span> <span class='ocrx_word' id='word_1_120' title='bbox 1100 2033 1228 2128; x_wconf 89' lang='lat' dir='ltr'>qui</span> <span class='ocrx_word' id='word_1_121' title='bbox 1267 2029 1466 2100; x_wconf 91' lang='lat' dir='ltr'>nulla</span> <span class='ocrx_word' id='word_1_122' title='bbox 1503 2029 1927 2102; x_wconf 89' lang='lat' dir='ltr'>conditione</span> <span class='ocrx_word' id='word_1_123' title='bbox 1965 2034 2175 2105; x_wconf 89' lang='lat' dir='ltr'>istam</span> <span class='ocrx_word' id='word_1_124' title='bbox 2219 2040 2454 2135; x_wconf 86' lang='lat' dir='ltr'>turpi-</span> 
     </span>
     <span class='ocr_line' id='line_1_16' title="bbox 313 2137 2455 2243; baseline 0.002 -29"><span class='ocrx_word' id='word_1_125' title='bbox 313 2141 640 2214; x_wconf 85' lang='lat' dir='ltr'>tudinem</span> <span class='ocrx_word' id='word_1_126' title='bbox 667 2140 1034 2214; x_wconf 89' lang='lat' dir='ltr'>subissent</span> <span class='ocrx_word' id='word_1_127' title='bbox 1054 2195 1073 2229; x_wconf 92' lang='lat'>,</span> <span class='ocrx_word' id='word_1_128' title='bbox 1105 2141 1245 2210; x_wconf 91' lang='lat' dir='ltr'>nisi</span> <span class='ocrx_word' id='word_1_129' title='bbox 1285 2137 1505 2211; x_wconf 84' lang='lat' dir='ltr'>officii</span> <span class='ocrx_word' id='word_1_130' title='bbox 1542 2142 2242 2243; x_wconf 86' lang='lat' dir='ltr'>necessitudinisque</span> <span class='ocrx_word' id='word_1_131' title='bbox 2268 2148 2455 2218; x_wconf 87' lang='lat' dir='ltr'>ratio</span> 
     </span>
     <span class='ocr_line' id='line_1_17' title="bbox 316 2248 2454 2351; baseline 0.001 -25"><span class='ocrx_word' id='word_1_132' title='bbox 316 2257 689 2351; x_wconf 90' lang='lat' dir='ltr'>coegisset.</span> <span class='ocrx_word' id='word_1_133' title='bbox 746 2252 1111 2335; x_wconf 86' lang='lat' dir='ltr'>Veniunt,</span> <span class='ocrx_word' id='word_1_134' title='bbox 1146 2264 1231 2321; x_wconf 91' lang='lat' dir='ltr'>ut</span> <span class='ocrx_word' id='word_1_135' title='bbox 1259 2248 1455 2339; x_wconf 87' lang='lat' dir='ltr'>dico,</span> <span class='ocrx_word' id='word_1_136' title='bbox 1501 2249 1591 2321; x_wconf 89' lang='lat' dir='ltr'>ad</span> <span class='ocrx_word' id='word_1_137' title='bbox 1628 2250 2128 2325; x_wconf 89' lang='lat' dir='ltr'>Chelidonem.</span> <span class='ocrx_word' id='word_1_138' title='bbox 2171 2260 2454 2330; x_wconf 90' lang='lat' dir='ltr'>Domus</span> 
     </span>
     <span class='ocr_line' id='line_1_18' title="bbox 318 2359 2459 2466; baseline 0.001 -29"><span class='ocrx_word' id='word_1_139' title='bbox 318 2381 469 2438; x_wconf 87' lang='lat' dir='ltr'>erat</span> <span class='ocrx_word' id='word_1_140' title='bbox 508 2364 721 2463; x_wconf 92' lang='lat' dir='ltr'>plena</span> <span class='ocrx_word' id='word_1_141' title='bbox 753 2391 768 2434; x_wconf 73' lang='grc' dir='ltr'><em>τ</em></span> <span class='ocrx_word' id='word_1_142' title='bbox 800 2386 989 2435; x_wconf 84' lang='lat' dir='ltr'>nova</span> <span class='ocrx_word' id='word_1_143' title='bbox 1013 2361 1215 2458; x_wconf 88' lang='lat' dir='ltr'>jura,</span> <span class='ocrx_word' id='word_1_144' title='bbox 1255 2384 1443 2432; x_wconf 90' lang='lat' dir='ltr'>nova</span> <span class='ocrx_word' id='word_1_145' title='bbox 1471 2359 1782 2452; x_wconf 86' lang='lat' dir='ltr'>decreta,</span> <span class='ocrx_word' id='word_1_146' title='bbox 1819 2388 2007 2435; x_wconf 84' lang='lat' dir='ltr'>nova</span> <span class='ocrx_word' id='word_1_147' title='bbox 2031 2363 2301 2460; x_wconf 87' lang='lat' dir='ltr'>judicia</span> <span class='ocrx_word' id='word_1_148' title='bbox 2332 2392 2459 2466; x_wconf 88' lang='lat' dir='ltr'>pe·</span> 
     </span>
     <span class='ocr_line' id='line_1_19' title="bbox 303 2472 2453 2571; baseline 0.001 -25"><span class='ocrx_word' id='word_1_149' title='bbox 303 2476 683 2548; x_wconf 52' lang='lat' dir='ltr'>‘tebantun</span> <span class='ocrx_word' id='word_1_150' title='bbox 730 2505 763 2539; x_wconf 73' lang='grc' dir='ltr'>(ε</span> <span class='ocrx_word' id='word_1_151' title='bbox 787 2474 969 2544; x_wconf 89' lang='lat' dir='ltr'>Mihi</span> <span class='ocrx_word' id='word_1_152' title='bbox 1012 2472 1134 2546; x_wconf 94' lang='lat' dir='ltr'>det</span> <span class='ocrx_word' id='word_1_153' title='bbox 1167 2473 1695 2571; x_wconf 84' lang='lat' dir='ltr'>possessionem</span> <span class='ocrx_word' id='word_1_154' title='bbox 1729 2499 1744 2542; x_wconf 73' lang='grc' dir='ltr'><em>τ</em></span> <span class='ocrx_word' id='word_1_155' title='bbox 1785 2474 1965 2566; x_wconf 86' lang='lat' dir='ltr'>mihi</span> <span class='ocrx_word' id='word_1_156' title='bbox 2007 2500 2101 2545; x_wconf 91' lang='lat' dir='ltr'>ne</span> <span class='ocrx_word' id='word_1_157' title='bbox 2147 2475 2453 2549; x_wconf 71' lang='lat' dir='ltr'>adimati</span> 
     </span>
     <span class='ocr_line' id='line_1_20' title="bbox 315 2581 2458 2680; baseline 0.002 -28"><span class='ocrx_word' id='word_1_158' title='bbox 315 2617 350 2652; x_wconf 74' lang='grc' dir='ltr'>α</span> <span class='ocrx_word' id='word_1_159' title='bbox 379 2589 454 2656; x_wconf 90' lang='lat' dir='ltr'>in</span> <span class='ocrx_word' id='word_1_160' title='bbox 474 2611 592 2657; x_wconf 90' lang='lat' dir='ltr'>me</span> <span class='ocrx_word' id='word_1_161' title='bbox 612 2583 966 2680; x_wconf 88' lang='lat' dir='ltr'>judicium</span> <span class='ocrx_word' id='word_1_162' title='bbox 985 2610 1078 2656; x_wconf 89' lang='lat' dir='ltr'>ne</span> <span class='ocrx_word' id='word_1_163' title='bbox 1102 2582 1224 2654; x_wconf 94' lang='lat' dir='ltr'>det</span> <span class='ocrx_word' id='word_1_164' title='bbox 1254 2605 1271 2653; x_wconf 76' lang='lat' dir='ltr'>t</span> <span class='ocrx_word' id='word_1_165' title='bbox 1297 2583 1477 2653; x_wconf 88' lang='lat' dir='ltr'>mihi</span> <span class='ocrx_word' id='word_1_166' title='bbox 1494 2582 1692 2654; x_wconf 90' lang='lat' dir='ltr'>bona</span> <span class='ocrx_word' id='word_1_167' title='bbox 1717 2581 2020 2654; x_wconf 88' lang='lat' dir='ltr'>addicat.</span> <span class='ocrx_word' id='word_1_168' title='bbox 2042 2585 2233 2656; x_wconf 80' lang='lat' dir='ltr'>»Alii</span> <span class='ocrx_word' id='word_1_169' title='bbox 2259 2611 2458 2657; x_wconf 55' lang='lat' dir='ltr'>numa</span> 
     </span>
     <span class='ocr_line' id='line_1_21' title="bbox 318 2692 2454 2790; baseline 0 -22"><span class='ocrx_word' id='word_1_170' title='bbox 318 2720 480 2768; x_wconf 89' lang='lat' dir='ltr'>mos</span> <span class='ocrx_word' id='word_1_171' title='bbox 521 2693 1204 2782; x_wconf 53' lang='lat' dir='ltr'>numerabant;.alii</span> <span class='ocrx_word' id='word_1_172' title='bbox 1240 2692 1566 2764; x_wconf 80' lang='lat' dir='ltr'>tabulas²</span> <span class='ocrx_word' id='word_1_173' title='bbox 1615 2693 2097 2790; x_wconf 85' lang='lat' dir='ltr'>obsignabant</span> <span class='ocrx_word' id='word_1_174' title='bbox 2135 2723 2151 2765; x_wconf 76' lang='lat' dir='ltr'>t</span> <span class='ocrx_word' id='word_1_175' title='bbox 2191 2695 2454 2769; x_wconf 92' lang='lat' dir='ltr'>domus</span> 
     </span>
     <span class='ocr_line' id='line_1_22' title="bbox 319 2803 2456 2902; baseline 0 -23"><span class='ocrx_word' id='word_1_176' title='bbox 319 2821 475 2879; x_wconf 88' lang='lat' dir='ltr'>erat</span> <span class='ocrx_word' id='word_1_177' title='bbox 504 2833 653 2877; x_wconf 92' lang='lat' dir='ltr'>non</span> <span class='ocrx_word' id='word_1_178' title='bbox 694 2806 1098 2877; x_wconf 90' lang='lat' dir='ltr'>meretricio</span> <span class='ocrx_word' id='word_1_179' title='bbox 1139 2818 1504 2876; x_wconf 86' lang='lat' dir='ltr'>conventu</span> <span class='ocrx_word' id='word_1_180' title='bbox 1524 2856 1543 2891; x_wconf 91' lang='lat'>‚</span> <span class='ocrx_word' id='word_1_181' title='bbox 1573 2803 1698 2874; x_wconf 88' lang='lat' dir='ltr'>sed</span> <span class='ocrx_word' id='word_1_182' title='bbox 1731 2805 2060 2902; x_wconf 72' lang='lat' dir='ltr'>praetoria</span> <span class='ocrx_word' id='word_1_183' title='bbox 2097 2805 2311 2877; x_wconf 86' lang='lat' dir='ltr'>turba</span> <span class='ocrx_word' id='word_1_184' title='bbox 2341 2831 2456 2880; x_wconf 88' lang='lat' dir='ltr'>re-</span> 
     </span>
     <span class='ocr_line' id='line_1_23' title="bbox 322 2912 2457 3012; baseline 0 -25"><span class='ocrx_word' id='word_1_185' title='bbox 322 2915 519 2988; x_wconf 85' lang='lat' dir='ltr'>ferta.</span> <span class='ocrx_word' id='word_1_186' title='bbox 562 2915 792 2986; x_wconf 89' lang='lat' dir='ltr'>Simul</span> <span class='ocrx_word' id='word_1_187' title='bbox 821 2940 903 2986; x_wconf 89' lang='lat' dir='ltr'>ac</span> <span class='ocrx_word' id='word_1_188' title='bbox 936 2928 1255 3012; x_wconf 89' lang='lat' dir='ltr'>potestas</span> <span class='ocrx_word' id='word_1_189' title='bbox 1295 2919 1613 3012; x_wconf 87' lang='lat' dir='ltr'>primum</span> <span class='ocrx_word' id='word_1_190' title='bbox 1649 2912 1812 2983; x_wconf 89' lang='lat' dir='ltr'>data</span> <span class='ocrx_word' id='word_1_191' title='bbox 1849 2930 1958 2985; x_wconf 92' lang='lat' dir='ltr'>est</span> <span class='ocrx_word' id='word_1_192' title='bbox 1981 2969 2000 3002; x_wconf 87' lang='lat'>‚</span> <span class='ocrx_word' id='word_1_193' title='bbox 2038 2915 2310 2988; x_wconf 86' lang='lat' dir='ltr'>adeunt</span> <span class='ocrx_word' id='word_1_194' title='bbox 2343 2918 2457 3007; x_wconf 81' lang='lat' dir='ltr'>hi,</span> 
     </span>
     <span class='ocr_line' id='line_1_24' title="bbox 320 3022 2462 3126; baseline 0.001 -29"><span class='ocrx_word' id='word_1_195' title='bbox 320 3052 507 3123; x_wconf 92' lang='lat' dir='ltr'>quos</span> <span class='ocrx_word' id='word_1_196' title='bbox 539 3026 731 3097; x_wconf 86' lang='lat' dir='ltr'>dixi:</span> <span class='ocrx_word' id='word_1_197' title='bbox 770 3026 1096 3123; x_wconf 89' lang='lat' dir='ltr'>loquitur</span> <span class='ocrx_word' id='word_1_198' title='bbox 1134 3025 1475 3109; x_wconf 88' lang='lat' dir='ltr'>Mustius,</span> <span class='ocrx_word' id='word_1_199' title='bbox 1540 3047 1693 3095; x_wconf 86' lang='lat' dir='ltr'>rem</span> <span class='ocrx_word' id='word_1_200' title='bbox 1733 3022 2219 3114; x_wconf 85' lang='lat' dir='ltr'>demonstrat,</span> <span class='ocrx_word' id='word_1_201' title='bbox 2277 3034 2462 3126; x_wconf 90' lang='lat' dir='ltr'>petit</span> 
     </span>
     <span class='ocr_line' id='line_1_25' title="bbox 321 3133 2461 3234; baseline 0.001 -27"><span class='ocrx_word' id='word_1_202' title='bbox 321 3135 662 3208; x_wconf 83' lang='lat' dir='ltr'>auxilium</span> <span class='ocrx_word' id='word_1_203' title='bbox 683 3193 701 3225; x_wconf 90' lang='lat'><strong>,</strong></span> <span class='ocrx_word' id='word_1_204' title='bbox 735 3137 1115 3234; x_wconf 89' lang='lat' dir='ltr'>pecuniam</span> <span class='ocrx_word' id='word_1_205' title='bbox 1150 3133 1555 3233; x_wconf 87' lang='lat' dir='ltr'>pollicetur.</span> <span class='ocrx_word' id='word_1_206' title='bbox 1589 3134 1989 3232; x_wconf 81' lang='lat' dir='ltr'>Respondit</span> <span class='ocrx_word' id='word_1_207' title='bbox 2013 3136 2169 3223; x_wconf 89' lang='lat' dir='ltr'>illa,</span> <span class='ocrx_word' id='word_1_208' title='bbox 2206 3151 2287 3208; x_wconf 91' lang='lat' dir='ltr'>ut</span> <span class='ocrx_word' id='word_1_209' title='bbox 2313 3163 2461 3210; x_wconf 88' lang='lat' dir='ltr'>me·-</span> 
     </span>
     <span class='ocr_line' id='line_1_26' title="bbox 322 3242 2461 3337; baseline 0.001 -20"><span class='ocrx_word' id='word_1_210' title='bbox 322 3246 574 3334; x_wconf 85' lang='lat' dir='ltr'>retrix,</span> <span class='ocrx_word' id='word_1_211' title='bbox 594 3272 744 3317; x_wconf 90' lang='lat' dir='ltr'>non</span> <span class='ocrx_word' id='word_1_212' title='bbox 764 3247 1162 3318; x_wconf 88' lang='lat' dir='ltr'>inhumane</span> <span class='ocrx_word' id='word_1_213' title='bbox 1179 3242 1207 3287; x_wconf 86' lang='lat'>³</span> <span class='ocrx_word' id='word_1_214' title='bbox 1234 3272 1249 3314; x_wconf 76' lang='grc' dir='ltr'><strong><em>ε</em></strong></span> <span class='ocrx_word' id='word_1_215' title='bbox 1273 3244 1608 3333; x_wconf 90' lang='lat' dir='ltr'>libenter,</span> <span class='ocrx_word' id='word_1_216' title='bbox 1639 3247 1737 3315; x_wconf 94' lang='lat' dir='ltr'>ait</span> <span class='ocrx_word' id='word_1_217' title='bbox 1755 3301 1773 3332; x_wconf 91' lang='lat'><strong>‚</strong></span> <span class='ocrx_word' id='word_1_218' title='bbox 1799 3267 1874 3316; x_wconf 91' lang='lat' dir='ltr'>se</span> <span class='ocrx_word' id='word_1_219' title='bbox 1895 3270 2050 3318; x_wconf 88' lang='lat' dir='ltr'>esse</span> <span class='ocrx_word' id='word_1_220' title='bbox 2074 3244 2461 3337; x_wconf 87' lang='lat' dir='ltr'>facturam,</span> 
     </span>
     <span class='ocr_line' id='line_1_27' title="bbox 322 3357 2458 3455; baseline 0.001 -28"><span class='ocrx_word' id='word_1_221' title='bbox 322 3371 397 3428; x_wconf 87' lang='lat' dir='ltr'>et</span> <span class='ocrx_word' id='word_1_222' title='bbox 426 3383 501 3430; x_wconf 90' lang='lat' dir='ltr'>se</span> <span class='ocrx_word' id='word_1_223' title='bbox 537 3382 703 3430; x_wconf 90' lang='lat' dir='ltr'>cum</span> <span class='ocrx_word' id='word_1_224' title='bbox 739 3360 873 3429; x_wconf 89' lang='lat' dir='ltr'>isto</span> <span class='ocrx_word' id='word_1_225' title='bbox 905 3357 1289 3454; x_wconf 86' lang='lat' dir='ltr'>diligenter</span> <span class='ocrx_word' id='word_1_226' title='bbox 1319 3357 1995 3444; x_wconf 82' lang='lat' dir='ltr'>sermocinaturam3</span> <span class='ocrx_word' id='word_1_227' title='bbox 2039 3361 2301 3428; x_wconf 84' lang='lat' dir='ltr'>reverti</span> <span class='ocrx_word' id='word_1_228' title='bbox 2334 3361 2458 3455; x_wconf 88' lang='lat' dir='ltr'>ju·-</span> 
     </span>
     <span class='ocr_line' id='line_1_28' title="bbox 321 3465 2460 3565; baseline 0 -27"><span class='ocrx_word' id='word_1_229' title='bbox 321 3465 466 3539; x_wconf 88' lang='lat' dir='ltr'>bet.</span> <span class='ocrx_word' id='word_1_230' title='bbox 496 3472 678 3539; x_wconf 90' lang='lat' dir='ltr'>Tum</span> <span class='ocrx_word' id='word_1_231' title='bbox 715 3466 1132 3555; x_wconf 91' lang='lat' dir='ltr'>discedunt;</span> <span class='ocrx_word' id='word_1_232' title='bbox 1168 3465 1515 3564; x_wconf 88' lang='lat' dir='ltr'>postridie</span> <span class='ocrx_word' id='word_1_233' title='bbox 1549 3480 2058 3537; x_wconf 85' lang='lat' dir='ltr'>revertuntur:</span> <span class='ocrx_word' id='word_1_234' title='bbox 2100 3484 2314 3565; x_wconf 90' lang='lat' dir='ltr'>negat</span> <span class='ocrx_word' id='word_1_235' title='bbox 2338 3468 2460 3540; x_wconf 91' lang='lat' dir='ltr'>illa</span> 
     </span>
     <span class='ocr_line' id='line_1_29' title="bbox 322 3574 2462 3674; baseline 0.001 -26"><span class='ocrx_word' id='word_1_236' title='bbox 322 3601 539 3673; x_wconf 87' lang='lat' dir='ltr'>posse</span> <span class='ocrx_word' id='word_1_237' title='bbox 582 3577 958 3649; x_wconf 88' lang='lat' dir='ltr'>hominem</span> <span class='ocrx_word' id='word_1_238' title='bbox 1000 3579 1321 3663; x_wconf 78' lang='lat' dir='ltr'>exorari;</span> <span class='ocrx_word' id='word_1_239' title='bbox 1366 3600 1830 3674; x_wconf 79' lang='lat' dir='ltr'>permagnam</span> <span class='ocrx_word' id='word_1_240' title='bbox 1875 3601 2045 3648; x_wconf 91' lang='lat' dir='ltr'>eum</span> <span class='ocrx_word' id='word_1_241' title='bbox 2087 3574 2327 3651; x_wconf 88' lang='lat' dir='ltr'>dicere</span> <span class='ocrx_word' id='word_1_242' title='bbox 2373 3605 2462 3652; x_wconf 86' lang='lat' dir='ltr'>ex</span> 
     </span>
     <span class='ocr_line' id='line_1_30' title="bbox 321 3686 1545 3786; baseline 0.001 -30"><span class='ocrx_word' id='word_1_243' title='bbox 321 3687 442 3758; x_wconf 90' lang='lat' dir='ltr'>illa</span> <span class='ocrx_word' id='word_1_244' title='bbox 475 3713 555 3760; x_wconf 91' lang='lat' dir='ltr'>re</span> <span class='ocrx_word' id='word_1_245' title='bbox 591 3691 975 3786; x_wconf 89' lang='lat' dir='ltr'>pecuniam</span> <span class='ocrx_word' id='word_1_246' title='bbox 1015 3686 1271 3759; x_wconf 92' lang='lat' dir='ltr'>confici</span> <span class='ocrx_word' id='word_1_247' title='bbox 1309 3711 1545 3785; x_wconf 89' lang='lat' dir='ltr'>posse.</span> 
     </span>
    </p>
   </div>
   <div class='ocr_carea' id='block_1_3' title="bbox 325 3897 2470 4384">
    <p class='ocr_par' dir='ltr' id='par_1_4' title="bbox 325 3897 2470 4384">
     <span class='ocr_line' id='line_1_31' title="bbox 405 3897 2461 3965; baseline 0.002 -21"><span class='ocrx_word' id='word_1_248' title='bbox 405 3914 482 3946; x_wconf 75' lang='grc' dir='ltr'>ω.</span> <span class='ocrx_word' id='word_1_249' title='bbox 516 3898 758 3947; x_wconf 74' lang='lat' dir='ltr'>Asconius</span> <span class='ocrx_word' id='word_1_250' title='bbox 772 3933 788 3958; x_wconf 86' lang='lat'><strong>,</strong></span> <span class='ocrx_word' id='word_1_251' title='bbox 833 3922 859 3941; x_wconf 74' lang='grc' dir='ltr'>ι</span> <span class='ocrx_word' id='word_1_252' title='bbox 874 3898 1015 3946; x_wconf 73' lang='lat' dir='ltr'>sartis</span> <span class='ocrx_word' id='word_1_253' title='bbox 1051 3897 1287 3962; x_wconf 74' lang='lat' dir='ltr'>tectisque</span> <span class='ocrx_word' id='word_1_254' title='bbox 1306 3919 1352 3944; x_wconf 72' lang='lat' dir='ltr'>n.</span> <span class='ocrx_word' id='word_1_255' title='bbox 1435 3898 1656 3957; x_wconf 70' lang='lat' dir='ltr'>Imm-0⁸3</span> <span class='ocrx_word' id='word_1_256' title='bbox 1685 3913 1861 3963; x_wconf 71' lang='lat' dir='ltr'>eatque</span> <span class='ocrx_word' id='word_1_257' title='bbox 1879 3898 2072 3948; x_wconf 78' lang='lat' dir='ltr'>annulis</span> <span class='ocrx_word' id='word_1_258' title='bbox 2090 3901 2213 3960; x_wconf 69' lang='lat' dir='ltr'>suis,</span> <span class='ocrx_word' id='word_1_259' title='bbox 2233 3900 2293 3965; x_wconf 81' lang='lat' dir='ltr'>de</span> <span class='ocrx_word' id='word_1_260' title='bbox 2307 3916 2461 3958; x_wconf 79' lang='lat' dir='ltr'>more,</span> 
     </span>
     <span class='ocr_line' id='line_1_32' title="bbox 325 3975 1788 4043; baseline 0.001 -19"><span class='ocrx_word' id='word_1_261' title='bbox 325 3977 373 4024; x_wconf 85' lang='lat' dir='ltr'>J.</span> <span class='ocrx_word' id='word_1_262' title='bbox 391 3978 455 4024; x_wconf 80' lang='lat' dir='ltr'>V.</span> <span class='ocrx_word' id='word_1_263' title='bbox 484 3978 536 4026; x_wconf 88' lang='lat' dir='ltr'>L.</span> <span class='ocrx_word' id='word_1_264' title='bbox 873 4025 884 4043; x_wconf 31' lang='grc' dir='ltr'>ἱ</span> <span class='ocrx_word' id='word_1_265' title='bbox 1114 4017 1115 4020; x_wconf 58' lang='grc'>,</span> <span class='ocrx_word' id='word_1_266' title='bbox 1438 3975 1788 4042; x_wconf 73' lang='lat' dir='ltr'>obsignabant.</span> 
     </span>
     <span class='ocr_line' id='line_1_33' title="bbox 395 4055 2461 4121; baseline 0 -14"><span class='ocrx_word' id='word_1_267' title='bbox 395 4059 501 4107; x_wconf 81' lang='lat' dir='ltr'>Ln.</span> <span class='ocrx_word' id='word_1_268' title='bbox 537 4074 585 4106; x_wconf 86' lang='lat'>1.</span> <span class='ocrx_word' id='word_1_269' title='bbox 611 4056 737 4117; x_wconf 75' lang='lat' dir='ltr'>Alii,</span> <span class='ocrx_word' id='word_1_270' title='bbox 769 4068 818 4105; x_wconf 76' lang='lat' dir='ltr'>ec</span> <span class='ocrx_word' id='word_1_271' title='bbox 834 4056 1046 4121; x_wconf 80' lang='lat' dir='ltr'>pudore.</span> <span class='ocrx_word' id='word_1_272' title='bbox 1073 4056 1125 4104; x_wconf 74' lang='lat' dir='ltr'>J.</span> <span class='ocrx_word' id='word_1_273' title='bbox 1140 4057 1203 4103; x_wconf 83' lang='lat' dir='ltr'>V.</span> <span class='ocrx_word' id='word_1_274' title='bbox 1225 4057 1279 4104; x_wconf 87' lang='lat' dir='ltr'>L.</span> <span class='ocrx_word' id='word_1_275' title='bbox 1512 4057 1566 4106; x_wconf 88' lang='grc'>3.</span> <span class='ocrx_word' id='word_1_276' title='bbox 1594 4055 1895 4115; x_wconf 64' lang='lat' dir='ltr'>Priscianus,</span> <span class='ocrx_word' id='word_1_277' title='bbox 1912 4073 1961 4120; x_wconf 86' lang='lat' dir='ltr'>p.</span> <span class='ocrx_word' id='word_1_278' title='bbox 1984 4071 2139 4115; x_wconf 84' lang='lat'>1010,</span> <span class='ocrx_word' id='word_1_279' title='bbox 2166 4056 2242 4106; x_wconf 82' lang='lat' dir='ltr'>ed.</span> <span class='ocrx_word' id='word_1_280' title='bbox 2262 4059 2461 4108; x_wconf 75' lang='lat' dir='ltr'>Putsch.</span> 
     </span>
     <span class='ocr_line' id='line_1_34' title="bbox 398 4133 2470 4201; baseline -0 -14"><span class='ocrx_word' id='word_1_281' title='bbox 398 4153 451 4196; x_wconf 65' lang='lat' dir='ltr'>a..</span> <span class='ocrx_word' id='word_1_282' title='bbox 487 4137 713 4185; x_wconf 80' lang='lat' dir='ltr'>TabuIas.</span> <span class='ocrx_word' id='word_1_283' title='bbox 758 4139 818 4185; x_wconf 89' lang='lat' dir='ltr'>In</span> <span class='ocrx_word' id='word_1_284' title='bbox 860 4135 1041 4201; x_wconf 72' lang='lat' dir='ltr'>quibus</span> <span class='ocrx_word' id='word_1_285' title='bbox 1075 4133 1353 4183; x_wconf 72' lang='lat' dir='ltr'>scribebant</span> <span class='ocrx_word' id='word_1_286' title='bbox 1442 4156 1465 4177; x_wconf 74' lang='grc' dir='ltr'>ι</span> <span class='ocrx_word' id='word_1_287' title='bbox 1483 4151 1586 4182; x_wconf 87' lang='lat' dir='ltr'>non</span> <span class='ocrx_word' id='word_1_288' title='bbox 1611 4135 1984 4183; x_wconf 75' lang='lat' dir='ltr'>inhumaniter».</span> <span class='ocrx_word' id='word_1_289' title='bbox 2009 4134 2138 4185; x_wconf 65' lang='lat' dir='ltr'>LV.</span> <span class='ocrx_word' id='word_1_290' title='bbox 2160 4137 2470 4186; x_wconf 80' lang='lat' dir='ltr'>L.—Verum</span> 
     </span>
     <span class='ocr_line' id='line_1_35' title="bbox 326 4212 2012 4281; baseline -0.001 -19"><span class='ocrx_word' id='word_1_291' title='bbox 326 4232 378 4262; x_wconf 76' lang='lat' dir='ltr'>se</span> <span class='ocrx_word' id='word_1_292' title='bbox 391 4216 531 4265; x_wconf 81' lang='lat' dir='ltr'>Verri</span> <span class='ocrx_word' id='word_1_293' title='bbox 554 4217 809 4281; x_wconf 75' lang='lat' dir='ltr'>pecuniam</span> <span class='ocrx_word' id='word_1_294' title='bbox 829 4216 891 4263; x_wconf 85' lang='lat' dir='ltr'>ad</span> <span class='ocrx_word' id='word_1_295' title='bbox 920 4225 1098 4263; x_wconf 70' lang='lat' dir='ltr'>certam</span> <span class='ocrx_word' id='word_1_296' title='bbox 1120 4213 1249 4262; x_wconf 84' lang='lat' dir='ltr'>diem</span> <span class='ocrx_word' id='word_1_297' title='bbox 1275 4230 1353 4262; x_wconf 76' lang='lat' dir='ltr'>so·</span> <span class='ocrx_word' id='word_1_298' title='bbox 1443 4213 1571 4262; x_wconf 84' lang='lat' dir='ltr'>nihil</span> <span class='ocrx_word' id='word_1_299' title='bbox 1597 4214 1679 4262; x_wconf 77' lang='lat' dir='ltr'>hic</span> <span class='ocrx_word' id='word_1_300' title='bbox 1705 4212 2012 4261; x_wconf 76' lang='lat' dir='ltr'>mutandum.</span> 
     </span>
     <span class='ocr_line' id='line_1_36' title="bbox 2160 4303 2272 4384; baseline -0.009 -16"><span class='ocrx_word' id='word_1_301' title='bbox 2160 4303 2272 4384; x_wconf 69' lang='lat'>24.</span> 
     </span>
    </p>
   </div>
  </div>
 </body>
</html>
