3044 4788
653 426 838 522 'xxxij
1438 430 1981 501 PRAEFA‘rlo

648 566 894 622 runt».
953 552 1272 620 Asinium
1318 537 1713 626 Pollionem
1743 566 1762 598 ¹
1801 578 2050 652 passus
2087 569 2194 625 est
2229 555 2518 625 rivalem
2564 559 2770 625 vivus

650 677 719 733 et
772 660 1271 732 adversarium.
1316 663 1655 735 Pollionis
1700 664 1889 735 filius
1932 666 2212 734 Asinius
2250 664 2494 734 Gallus
2550 663 2768 735 libros

651 776 863 843 etiam
901 774 974 841 in
1021 796 1187 841 eum
1226 773 1509 870 scripsit
1536 786 1590 859 ²,
1629 804 1661 838 α
1686 776 1758 843 in
1805 772 2072 870 quibus
2119 775 2604 870 eloquentiam
2650 776 2766 843 Ci-

649 885 928 953 ceronis
963 897 1257 978 paterna
1285 883 1697 980 eloquentia
1724 898 2026 954 conatur
2057 881 2365 953 obruere
2398 910 2414 951 :
2446 898 2517 952 et
2553 882 2770 953 audet

649 995 922 1085 parenti
974 991 1063 1062 de
1117 995 1467 1063 Cicerone
1518 990 1688 1063 dare
1735 994 2042 1091 palmam
2093 992 2323 1063 laudis
2371 995 2766 1071 oratoriae».

651 1099 988 1169 Claudius
1013 1104 1401 1196 imperator
1436 1105 1668 1192 (Suet.
1703 1104 1779 1180 in
1813 1103 2062 1173 Claud.
2092 1127 2244 1200 cap.
2275 1102 2396 1198 41)
2432 1102 2771 1174 adversus

651 1209 784 1280 hos
819 1210 1000 1289 Galli
1046 1208 1266 1281 libros
1303 1210 1626 1282 condidit
1667 1210 2159 1283 defensionem
2192 1214 2358 1282 satis
2395 1212 2769 1284 eruditam.

648 1326 990 1389 Praeterea
1024 1337 1380 1391 memorat
1415 1326 1494 1391 A.
1537 1320 1813 1391 Gellius
1844 1320 2014 1416 (lib.
2038 1326 2258 1407 XVII,
2282 1346 2436 1418 cap.
2468 1321 2529 1415 1)
2561 1325 2774 1419 Largi

651 1428 1022 1522 cujusdam
1060 1432 1307 1500 Licinii
1345 1430 1600 1500 librum
1639 1432 2065 1526 inscriptum
2095 1418 2236 1502 hoc
2279 1431 2529 1519 titulo,
2569 1436 2770 1503 Εἰσε-

652 1544 1015 1609 romastix.
1059 1542 1242 1608 Sunt
1286 1541 1501 1609 etiam
1554 1536 1715 1609 ιιΙίἰ3
1759 1541 2000 1628 multi,
2046 1565 2361 1635 quorum
2415 1543 2776 1637 iniquiora

651 1649 741 1718 ‹le
780 1674 853 1719 se
891 1648 1153 1742 judicia
1193 1664 1266 1719 et
1311 1648 1908 1745 reprehensiones
1946 1647 2262 1745 effugere
2303 1648 2580 1719 Tullius
2620 1674 2772 1718 non

648 1763 908 1854 potuit.
954 1762 1061 1828 De
1094 1783 1408 1854 quorum
1436 1760 1760 1828 omnium
1796 1756 2067 1852 judicio
2100 1757 2278 1853 quid
2312 1757 2771 1828 sentiendum

653 1871 742 1938 sit
773 1866 1149 1963 magnifice
1177 1866 1485 1938 declarat
1516 1871 1596 1937 A.
1634 1867 1938 1951 Gellius,
1966 1864 2093 1936 ubi
2131 1891 2343 1964 supra
2377 1894 2391 1936 :
2423 1897 2455 1931 α
2487 1870 2581 1935 Ut
2606 1869 2774 1962 qui-

654 1977 857 2062 dam,
899 1979 1168 2072 inquit,
1204 1975 1500 2048 fuerunt
1542 1992 1858 2047 monstra
1895 1977 2275 2051 hominum
2315 1981 2442 2074 qui
2503 1976 2591 2048 de
2637 1976 2776 2047 diis

651 2083 1172 2156 immortalibus
1196 2088 1449 2183 impias
1471 2084 1821 2183 falsasque
1850 2090 2228 2183 opiniones
2256 2086 2773 2183 prodiderunt3

653 2196 750 2263 ita
788 2195 1117 2264 nonnulli
1159 2210 1302 2266 tam
1337 2196 1762 2294 prodigiosi,
1789 2209 2083 2292 tamque
2121 2195 2460 2267 vecordes
2498 2198 2778 2266 exstite-

653 2319 949 2391 runt,ut
971 2303 1279 2376 scribere.
1305 2309 1452 2376 ausi
1480 2309 1625 2376 sint
1642 2310 1737 2376 M.
1754 2310 2174 2377 Ciceronem
2197 2331 2449 2404 parum
2470 2308 2774 2403 integre,

655 2429 872 2511 atque
909 2417 1335 2512 improprie,
1377 2431 1596 2512 atque
1635 2415 2157 2487 inconsiderate
2201 2417 2606 2512 loquutum.
2649 2423 2808 2486 At-.

655 2549 800 2620 que
842 2525 972 2595 alia
1010 2525 1301 2621 quidem
1346 2551 1506 2622 quae
1551 2525 2209 2623 reprehenderunt,
2258 2551 2493 2622 neque
2530 2524 2773 2604 dictu,

656 2658 893 2729 neque
930 2634 1177 2705 auditu
1214 2636 1431 2731 digna
1475 2652 1681 2718 sunt,
1725 2635 1849 2705 sed
1892 2637 2112 2716 enim,
2155 2651 2351 2706 etc.»
2394 2640 2548 2723 Sic,
2595 2634 2773 2705 dum

651 2744 822 2813 viles
866 2745 955 2815 de
999 2744 1171 2815 ludo
1225 2744 1774 2832 declamatoreS,
1828 2769 2013 2840 quos
2062 2745 2353 2815 tenebat
2396 2770 2577 2815 verae
2620 2746 2774 2815 elo-

651 2857 965 2948 quentiae
988 2854 1809 2954 miserabilisignoratio,
1848 2852 2104 2924 famam
2126 2854 2260 2925 sibi
2286 2880 2372 2925 ex
2409 2857 2776 2925 Ciceronis

652 2961 943 3034 infamia
985 2963 1188 3035 ibant
1227 2980 1762 3062 comparatum;
1796 2965 2069 3034 interea
2105 2988 2290 3033 sanae
2333 2964 2590 3033 mentis
2637 2963 2774 3032 ho-

657 3076 920 3155 mines,
964 3073 1328 3159 doctrina,
1392 3091 1609 3172 atque
1653 3077 1976 3145 omnium
2026 3076 2282 3143 artium
2332 3074 2774 3169 optimarum

658 3183 906 3254 studiis
948 3185 1251 3272 eruditi,
1284 3201 1591 3280 uterque
1623 3185 1926 3268 Plinius;
1972 3186 2067 3254 M.
2096 3188 2396 3269 Seneca,
2427 3187 2505 3251 L.
2533 3181 2776 3279 philo-

659 3295 867 3390 sophi
892 3308 1093 3392 pater
1110 3321 1128 3381 3
1144 3294 1398 3365 Fabius
1418 3322 1436 3382 3
1468 3295 1735 3365 Gellius
1756 3321 1775 3382 ;
1797 3309 1870 3364 et
1889 3307 2253 3391 quotquot
2269 3298 2492 3362 Roma
2518 3290 2775 3362 habuit

733 3566 777 3598 ι.
808 3551 900 3597 Hic
927 3561 1000 3598 est
1023 3550 1217 3598 Asinius
1242 3551 1400 3599 Pollio
1425 3551 1569 3599 bonis
1599 3552 1824 3599 omnibus
1855 3553 1946 3598 aevi
1971 3552 2047 3598 sni
2075 3549 2396 3614 scriptoribus
2423 3548 2656 3595 infestus:
2687 3550 2774 3610 qni

657 3638 715 3686 C.
746 3636 958 3685 Sallustii
983 3640 1159 3701 scripta
1192 3638 1599 3702 reprehendebat,
1637 3651 1692 3688 ut
1719 3641 1863 3686 nimia
1890 3639 2159 3703 priscorum
2182 3637 2441 3684 verborum
2468 3635 2778 3682 affectatione

656 3723 807 3772 oblita
831 3737 845 3770 τ
877 3727 961 3787 qui
988 3728 1039 3772 in
1068 3728 1126 3774 T.
1154 3727 1292 3773 Livio
1319 3727 1451 3774 mirae
1482 3727 1722 3774 facundiae
1749 3729 1853 3774 viro
1876 3725 2246 3773 Patavinieaeem
2273 3722 2530 3787 quamdam
2555 3707 2778 3781 notabat,

653 3814 702 3858 Is
716 3813 915 3858 Verrem
942 3813 1189 3861 Ciceronis
1215 3830 1346 3860 reum
1372 3817 1629 3863 fortissime
1655 3814 1941 3861 morientem
1968 3812 2197 3861 tradidit:
2224 3821 2272 3860 et
2295 3810 2542 3859 Ciceronis
2569 3820 2777 3856 mortem

654 3901 788 3949 solus
818 3917 880 3947 ex
909 3902 1135 3948 omuibus
1162 3902 1367 3964 maligne
1402 3914 1587 3960 narrat3
1625 3904 1688 3951 ita
1719 3913 1772 3950 ut
1800 3904 1903 3963 ejus
1927 3900 2108 3949 invidia
2144 3900 2223 3947 vel
2258 3915 2483 3963 supremo
2516 3897 2648 3946 illius
2677 3896 2780 3954 fine

656 3989 787 4036 domi
796 4001 840 4035 ta
867 4004 967 4035 non
998 3989 1159 4037 suerit.
1683 3980 1711 4009 ⁹

726 4110 779 4141 2.
810 4093 937 4141 Plin.
968 4093 1197 4150 lib.vn,
1226 4094 1367 4158 epist.
1402 4101 1452 4148 ι’..

725 4201 773 4245 3.
798 4197 912 4245 vid.
934 4199 1171 4247 Ammian.
1194 4198 1415 4248 Marcell.
1434 4201 1598 4248 xxn.
1625 4202 1792 4248 Senec.
1812 4200 1864 4246 iu
1887 4203 2020 4248 Suas-
2043 4211 2092 4247 et
2114 4199 2355 4250 Controv.
2374 4195 2582 4258 Quintil.
