3044 4788
651 313 1185 436 EXCIJRSUS
1244 351 1387 460 DE
1446 366 2096 436 PROVINCIIS.
2298 377 2446 463 227'

317 463 691 564 Num'idiam
740 495 1181 577 decreverat»;
1228 495 1356 557 hoc
1392 510 1522 575 est,
1573 514 2063 584 prorogaverat:
2115 497 2436 562 decretam

317 605 490 667 enim
536 601 658 665 sibi
697 600 948 664 consuli
986 598 1113 678 jam
1158 622 1275 687 per
1320 598 1658 668 biennium
1710 600 2002 664 eamdem
2042 604 2439 689 provinciam

317 709 705 773 obtinuerat.
742 705 932 794 Apud
975 704 1396 768 Plutarchum
1447 705 1513 767 in
1556 706 1860 770 Gracchis
1890 728 1906 769 :
1944 708 2073 771 «Ut
2107 708 2304 795 igitur
2329 709 2442 773 Pa·

317 832 444 877 tres
482 813 848 878 Gracchum
890 810 1134 875 diutius
1180 810 1249 872 in
1292 809 1582 873 Sardinia
1610 810 2018 894 detinerent,
2065 827 2141 877 ut
2180 816 2441 878 Orestes

317 920 547 983 consul
574 919 642 980 in
668 916 957 982 Sardinia
991 921 1309 997 maneret,
1344 914 1808 980 decreverunt»
1827 941 1845 997 ;
1866 934 2303 1006 prorogarunt
2325 920 2451 983 sci-

316 1025 464 1088 licet
511 1025 678 1088 ultra
725 1044 974 1086 annum
1003 1020 1370 1109 ‘imperium
1420 1021 1680 1102 Oresti,
1742 1023 1927 1102 cujus
1988 1033 2123 1086 erat
2168 1040 2451 1111 quaestor

320 1132 393 1192 C.
423 1129 772 1194 Gracchus.
808 1125 1004 1214 Apud
1045 1126 1406 1212 Appianum
1443 1125 1554 1190 lib.-
1586 1128 1617 1189 Ι
1656 1124 1736 1189 de
1768 1127 1949 1190 Bello
1984 1128 2153 1191 civili
2185 1152 2200 1193 :
2250 1160 2275 1183 «ι
2300 1131 2447 1195 Sex.

318 1237 548 1316 Caesar,
586 1233 794 1322 quum
823 1230 1207 1319 'deponendi
1247 1231 1534 1294 muneris
1587 1229 2014 1318 (consulatus)
2056 1250 2311 1322 tempus
2351 1257 2456 1299 ac-

319 1341 646 1421 cessisset,
673 1338 1028 1428 proconsul
1058 1359 1093 1399 a
1130 1352 1359 1399 senatu
1398 1336 1638 1399 electus
1673 1353 1769 1400 est
1790 1369 1834 1400 n.
1868 1337 1965 1400 Ex
2006 1339 2245 1426 quibus
2289 1340 2448 1405 locis

322 1462 531 1533 patet,
558 1460 852 1508 senatum
887 1441 1236 1530 'aliquando
1283 1442 1628 1529 imperium
1666 1465 2048 1531 prorogasse
2079 1445 2156 1507 iis
2193 1456 2451 1534 tempo-

325 1552 544 1631 r'ibus,
586 1552 724 1613 sine
758 1550 980 1638 populi
1020 1550 1381 1637 rogatione.
1420 1549 1584 1630 Qua!
1617 1571 1823 1635 quum
1842 1549 1943 1612 'ita
1986 1567 2056 1613 se
2100 1550 2453 1633 haberent,

325 1659 451 1719 lata
486 1653 719 1719 deinde
748 1670 843 1718 est
866 1655 969 1716 lex
999 1653 1295 1717 Cornelia
1322 1652 1404 1715 de
1436 1653 1710 1740 imperio
1742 1676 1779 1716 a
1806 1655 1879 1717 L.
1904 1654 2077 1717 Sulla
2109 1653 2454 1721 dictatore:

330 1762 458 1824 -Ut
487 1762 600 1848 qui
631 1759 1027 1848 provinciam
1051 1757 1336 1837 haberet,
1373 1757 1426 1819 is
1456 1756 1706 1820 tamdiu
1731 1757 2057 1822 obtineret
2084 1760 2455 1849 imperium,

327 1863 543 1954 quoad
579 1864 646 1926 in
671 1863 928 1927 ‘Urbem
959 1863 1348 1926 introiisset»
1368 1908 1386 1942 ,
1413 1861 1735 1925 referente
1775 1861 2090 1926 Cicerone
2123 1865 2388 1952 epistola
2414 1890 2458 1953 9

326 1971 434 2035 lib.
459 1971 525 2034 1:
558 1992 685 2056 qua
714 1968 856 2056 lege
895 1968 1136 2030 factum
1174 1983 1305 2047 est,
1351 1981 1426 2028 ut
1457 1966 1703 2029 nemini
1740 1967 1804 2028 in
1851 1965 2187 2054 posterum
2224 1993 2456 2057 proro-

327 2091 584 2164 garetur
615 2072 990 2161 imperium,
1027 2070 1207 2158 quod
1240 2093 1374 2134 non
1419 2070 1694 2157 amplius
1737 2069 1818 2133 ad
1862 2094 2109 2134 annum
2138 2072 2456 2158 daretur,

328 2179 438 2246 sed
475 2179 557 2244 ad
593 2196 850 2266 tempus
886 2176 1318 2241 indefinitum.
1350 2176 1610 2239 Etenim
1639 2200 1845 2264 quum
1872 2195 2180 2267 praetores
2205 2182 2462 2267 provin·

328 2290 571 2352 ciarum
600 2285 974 2349 obtinerent
1002 2283 1385 2370 imperium,
1434 2281 1652 2369 quoad
1687 2283 1754 2345 in
1797 2283 2043 2347 Urbem
2082 2286 2458 2370 rediissent,

328 2391 486 2481 quid
504 2415 673 2481 opus
700 2408 836 2455 erat
847 2411 1194 2479 prorogare
1210 2388 1362 2476 ipsis
1378 2388 1725 2476 imperium
1752 2405 1900 2452 ante
1923 2388 2204 2455 reditum
2229 2416 2459 2458 eorum

329 2501 398 2562 in
412 2495 700 2560 Urbem?
719 2498 972 2559 ‘Contra
994 2510 1211 2558 tamen
1242 2493 1595 2581 quispiam:
1621 2495 1746 2574 An,
1769 2494 1820 2557 si
1851 2515 2207 2582 numquam
2237 2497 2461 2561 rediis-

331 2620 511 2683 sent,
542 2602 885 2690 imperium
913 2600 1272 2687 numquam
1306 2598 1802 2687 deposuissent?
1825 2601 2130 2684 minime;
2167 2625 2315 2667 nam
2343 2605 2458 2667 ubi

333 2725 591 2797 senatus
617 2727 1052 2771 successorem
1081 2706 1386 2788 misisset,
1412 2704 1860 2770 decedendum
1895 2724 2029 2770 erat
2063 2708 2286 2771 eadem
2320 2709 2458 2796 lege

331 2814 630 2881 Cornelia
645 2862 662 2896 ,
689 2836 818 2901 qua
843 2812 1102 2901 triginta
1134 2829 1387 2876 tantum
1421 2810 1556 2875 dies
1579 2811 2103 2877 concedebantur
2128 2816 2460 2904 magistra-

333 2922 434 2985 tui
465 2919 554 2985 ad·
592 2917 1067 2999 decedendum,
1102 2934 1446 3006 postquam
1479 2935 1915 2981 successorem
1950 2920 2019 2982 in
2042 2922 2459 3008 ‘provinciam

334 3029 694 3116 ingressum
724 3040 1029 3106 noverat,
1070 3040 1225 3088 teste
1257 3026 1566 3089 Cicerone
1605 3025 1788 3112 epist.
1816 3048 1878 3111 7,
1914 3025 2022 3088 lib.
2058 3027 2187 3108 111,
2222 3027 2305 3090 ad
2330 3030 2458 3116 Ap-

334 3134 546 3221 pium:
582 3130 753 3196 «Sed
778 3153 857 3196 eo
887 3129 1267 3206 discessisti,
1307 3150 1440 3218 quo
1474 3151 1594 3217 ego
1630 3145 1692 3192 te
1731 3151 1813 3192 ne
1854 3132 2155 3217 persequi
2191 3133 2459 3219 quidem

337 3260 596 3326 possem
637 3237 899 3328 triginta
938 3236 1198 3311 diebus,
1249 3239 1365 3323 qui
1402 3235 1520 3300 tibi
1557 3234 1638 3298 ad
1678 3233 2124 3300 decedendum
2166 3238 2343 3327 lege,
2388 3257 2461 3331 ut

336 3345 592 3433 opinor,
626 3344 918 3408 Cornelia
970 3342 1310 3406 constituti
1356 3338 1571 3406 essent
1593 3364 1659 3421 »ς
1703 3339 1998 3428 adeoque
2045 3344 2460 3431 perspicuum

340 3466 466 3533 est,
508 3449 866 3539 quemlibet
928 3447 1174 3512 tamdiu
1234 3447 1591 3511 obtinuisse
1628 3447 2024 3535 provinciam
2061 3470 2211 3511 cum
2257 3450 2465 3539 impe-

338 3556 438 3619 rio
486 3556 626 3619 sine
677 3555 1134 3643 prorogatione
1154 3600 1173 3633 ,
1222 3551 1539 3640 quamdiu
1598 3574 1930 3616 successor
1992 3553 2224 3618 missus
2282 3568 2466 3623 esset.

337 3659 825 3725 Advertendum
849 3676 1074 3725 'tamen
1102 3676 1233 3741 est,
1270 3675 1337 3722 et
1371 3656 1636 3745 quidem
1671 3678 1749 3722 ex
1781 3680 1974 3747 supra
2002 3658 2221 3743 dictis,
2261 3663 2470 3751 legem

341 3769 1084 3858 Corneliam‘gratiosam
1116 3768 1313 3832 fuisse
1346 3767 1821 3855 magistratibus
1842 3815 1860 3849 ,
1907 3766 2055 3832 non'
2088 3792 2467 3854 onerosam3

339 3891 450 3955 ut‘,
471 3875 537 3938 ‘si
567 3874 734 3938 nihil
767 3875 928 3939 novi
960 3888 1220 3938 senatus
1251 3873 1608 3955 statuisset,
1659 3874 2232 3962 retinerepossent
2266 3878 2473 3965 impe-

340 3983 549 4065 rium,
582 3978 1000 4069 qui‘vellent3
1044 3979 1466 4047 decedere’de
1490 3978 1857 4070 provincia,
1887 3984 2002 4070 qui
2026 3985 2250 4049 'otium
2280 3985 2476 4049 Urbis

343 4103 796 4175 praeoptarcnt.

2184 4173 2288 4244 15.
