3044 4788
700 377 838 448 558
1476 374 2042 441 EXCURSUS

693 502 907 580 hatur,
942 496 1326 560 cloacarium
1350 495 1547 582 vulgo
1574 494 1844 558 dictum.
1881 494 2123 557 Cloacae
2147 520 2183 559 a
2218 496 2590 582 Tarquinio
2624 496 2854 562 Prisco

690 606 999 668 institutae
1018 602 1319 682 fuerunt3
1351 599 1807 664 admirandum
1832 624 1983 664 sane
2002 624 2202 689 opus,
2223 619 2290 665 et
2316 603 2384 665 in
2412 601 2680 688 quibus
2710 629 2857 692 prae-

692 709 982 774 dicandis
998 725 1293 772 auctores
1312 705 1578 769 mirifice
1594 706 1713 769 sibi
1740 706 2257 796 indulgent.Vid.
2274 710 2444 796 Lips.
2463 708 2549 773 de
2566 710 2852 799 hlagnit.

695 819 967 880 Roman.
999 816 1125 896 111,
1163 837 1262 877 12.

781 924 982 986 Erant
1013 936 1349 1007 praeterea,
1386 916 1728 999 solarium,
1760 918 1941 1006 quod
1976 941 2098 1006 pro
2133 919 2274 982 solo
2307 919 2761 1009 pendebatur,
2790 924 2851 985 in

694 1051 827 1116 quo
873 1024 1136 1091 aedificia
1188 1024 1655 1087 excitabantur.
1704 1025 1856 1088 Non
1916 1025 2095 1088 aliter
2145 1024 2316 1089 Dido
2374 1027 2853 1116 Carthaginem

693 1131 1016 1212 condidit,
1053 1146 1297 1193 statuto
1325 1153 1547 1194 annuo
1579 1130 1870 1217 vectigali
1905 1155 2028 1218 pro
2063 1132 2202 1195 solo
2237 1132 2473 1214 Urbis;
2513 1132 2709 1220 quod
2742 1157 2853 1196 ve-

679 1218 932 1326 'ctigans
977 1236 1147 1299 iuius
1186 1236 1638 1323 antiquitatem
1690 1234 1985 1300 declarat.
2021 1238 2257 1300 iustin.
2302 1238 2566 1319 xvm,
2613 1240 2678 1302 5.
2725 1242 2850 1303 co-

695 1343 1093 1408 lumnarium
1111 1392 1128 1425 ,
1149 1361 1214 1407 et
1230 1344 1567 1408 ostiarium
1584 1391 1603 1424 ,
1638 1360 1774 1406 erat
1796 1344 2100 1433 vectigal,
2124 1343 2304 1431 quod
2330 1367 2456 1432 pro
2477 1346 2807 1409 columnis
2823 1397 2842 1424 ‚

694 1467 758 1513 et
793 1448 972 1513 ostiis
1004 1446 1243 1512 aedium
1280 1448 1677 1535 privatarum
1715 1446 2108 1536 exigebatur.
2144 1448 2300 1527 Ejus
2332 1449 2522 1535 origo
2558 1452 2842 1514 refertur

692 1557 776 1622 ad
808 1556 1014 1645 legem
1047 1555 1279 1618 Juliam
1320 1554 1991 1642 sumptuariam,qua,
2014 1575 2218 1641 quum
2252 1555 2558 1619 omnium
2598 1559 2842 1645 impen-

691 1686 908 1728 sarum
947 1659 1181 1725 modus
1214 1676 1280 1724 et
1323 1682 1635 1725 numerus
1685 1676 1852 1724 esset
1892 1657 2239 1741 definitus,
2293 1660 2491 1724 etiam
2530 1662 2842 1726 insanum

695 1769 1183 1848 columnarum,
1213 1783 1280 1831 et
1305 1767 1623 1849 ostiorum
1653 1764 1943 1829 studium
1970 1766 2324 1830 inhibitum
2353 1783 2452 1830 est
2471 1815 2491 1847 ,
2531 1768 2843 1856 imposito

692 1874 1022 1963 vectigali,
1064 1872 1117 1934 si
1166 1871 1311 1959 quis
1357 1870 1609 1959 plureS,
1665 1893 1861 1958 quam
1912 1870 2011 1934 lex
2053 1871 2456 1958 permitteret
2476 1920 2495 1951 ,
2545 1872 2838 1937 haberet.

693 1980 857 2043 Vide
884 1979 1147 2043 Bosium
1173 1975 1254 2040 ad
1285 1977 1402 2064 Ep.
1422 1977 1465 2040 6
1487 1976 1569 2039 ad
1595 1977 1720 2040 Att.
1753 1977 1860 2040 lib.
1887 1978 2070 2039 XIII.
2101 1976 2249 2039 Non
2282 1975 2683 2042 diuturnum
2715 1981 2841 2044 hoc

690 2082 958 2171 vectigal
1007 2083 1151 2146 fuit.
1208 2082 1661 2145 Libitinarium
1717 2081 1913 2145 fuisse
1961 2081 2218 2145 videtur
2271 2082 2460 2146 etiam
2509 2087 2834 2174 vectigalis

691 2206 895 2279 genus
933 2186 1112 2275 quod
1147 2186 1552 2275 pendebatur
1582 2187 1943 2251 libitinariis
1964 2237 1982 2271 ,
2026 2189 2139 2276 qui
2165 2189 2273 2269 jus
2307 2189 2833 2277 apparandorum

690 2298 996 2357 funerum
1038 2315 1076 2355 a
1121 2291 1368 2380 populo
1412 2290 1838 2357 redemerant.
1891 2293 2041 2358 vid.
2072 2294 2362 2361 Kirchm.
2406 2293 2493 2358 de
2542 2295 2826 2359 funerib.

693 2404 757 2481 1,
791 2423 854 2486 9·
1463 2472 1470 2478 .

776 2506 1247 2587 Tertullianus,
1295 2505 1572 2594 Apolog.
1619 2505 1734 2587 13,
1770 2507 1909 2570 etl.
1940 2508 2003 2586 1,
2053 2507 2136 2570 ad
2164 2508 2312 2571 Nat.
2355 2530 2470 2586 10,
2511 2527 2829 2573 memorat

689 2613 1055 2693 olitorium,
1088 2610 1269 2700 quod
1316 2610 1840 2699 redemptoribus
1889 2611 2299 2698 pendebatur
2341 2635 2462 2700 pro
2516 2613 2593 2676 iis
2642 2616 2832 2679 rebus

691 2743 834 2808 quae
869 2720 938 2782 in
971 2721 1114 2782 foro
1138 2716 1395 2781 olitorio
1427 2718 1683 2782 venales
1711 2735 2267 2806 proponerentur3
2294 2718 2690 2806 Serapeum,
2728 2723 2833 2784 Ca·

687 2823 988 2912 pitolium
1004 2871 1022 2903 ‚
1042 2820 1221 2909 quod
1244 2821 1656 2907 pendebatur
1681 2845 1799 2909 pro
1824 2822 1965 2885 solo
1995 2823 2251 2911 templi,
2279 2847 2396 2911 pro
2428 2823 2619 2888 aditu
2645 2828 2833 2905 sacri3

688 2950 807 3014 pro
844 2926 1205 3013 stipitibus3
1244 2948 1364 3013 pro
1409 2927 1633 2990 ostiis:
1686 2948 1913 2988 verum
1960 2951 2044 2990 an
2092 2928 2228 2991 haec
2270 2929 2489 2991 omnia
2539 2930 2833 2994 instituta

689 3032 933 3096 fuerint
966 3046 1176 3093 stante
1214 3031 1578 3119 republica,
1619 3029 1936 3095 affirmare
1968 3056 2101 3096 non
2134 3034 2366 3097 ausim.

776 3140 919 3202 Hoc
961 3136 1111 3200 satis
1148 3137 1269 3200 erit
1298 3136 1535 3201 dixisse
1570 3136 1649 3201 de
1680 3138 2092 3227 vectigalium
2128 3163 2438 3220 numero,
2476 3141 2544 3204 et
2575 3146 2833 3232 magni·

687 3243 932 3317 tudine.
971 3243 1112 3305 Jam
1144 3265 1300 3307 vero
1339 3264 1551 3329 operae
1589 3244 1873 3329 pretium
1907 3244 2103 3307 fuerit
2135 3243 2453 3330 declarare
2482 3270 2685 3334 quam
2724 3273 2831 3336 pe-

687 3353 894 3418 cuniae
932 3372 1165 3413 annuae
1197 3372 1518 3415 summam
1553 3349 1689 3413 hoec
1724 3351 2019 3414 universa
2045 3353 2107 3413 in
2136 3374 2342 3414 unum
2371 3352 2643 3416 collecta
2673 3379 2831 3418 eon·

692 3458 990 3535 ficerent3
1051 3479 1125 3519 ac
1192 3454 1466 3543 proinde
1531 3471 1816 3541 quantus
1880 3459 2172 3542 pecuniae
2248 3456 2485 3520 modus
2559 3457 2831 3523 florente

686 3564 1053 3649 republica,
1086 3561 1368 3625 «Orbem
1395 3581 1600 3646 quum
1641 3577 1854 3624 totum
1872 3562 2076 3625 victor
2105 3563 2434 3626 Romanus
2466 3564 2830 3645 habebat»,

687 3666 926 3729 rediret
962 3667 1312 3751 quotannis
1345 3666 1414 3728 in
1449 3665 1745 3729 aerarium
1774 3665 2132 3754 publicum.
2163 3668 2246 3729 At
2280 3690 2363 3729 ne
2396 3683 2733 3733 tentemus
2759 3693 2827 3733 ea

688 3794 860 3860 quae,
895 3770 949 3832 si
979 3792 1112 3832 non
1137 3770 1303 3832 vires
1328 3769 1645 3850 hominis,
1682 3789 1748 3835 at
1780 3793 1932 3835 sane
1958 3794 2129 3835 meas
2160 3772 2500 3836 excedunt.
2531 3776 2823 3839 Immen-

687 3901 822 3942 sam
871 3875 1044 3938 illam
1100 3873 1298 3936 fuisse
1356 3875 1699 3960 pecuniam
1754 3893 2075 3963 quantum
2136 3878 2505 3957 conjectura
2566 3883 2818 3970 assequi

684 4004 1063 4075 possumuS,
1099 3978 1414 4058 affirmare
1448 4004 1583 4046 non
1623 3982 1978 4064 dubitabit,
2010 3985 2124 4072 qui
2152 3984 2232 4048 ad
2265 3984 2368 4048 illa
2399 3986 2559 4048 mihi
2600 4012 2725 4076 pro
2751 4011 2816 4050 se

683 4091 973 4156 animum
1035 4084 1356 4168 intendet,
1411 4089 1768 4175 quotuplex
1836 4091 2242 4178 vectigalium
2309 4114 2513 4177 genus
2588 4096 2815 4167 fuerit3
