3044 4788
581 359 719 440 308
1216 360 1312 427 M.
1364 359 1443 425 T.
1500 357 2060 427 CICERONIS

578 482 755 550 titus
791 500 867 549 es
897 504 914 547 ε
954 476 1214 575 obtigit
1251 474 1386 547 tibi
1417 466 1813 548 consularis
1828 486 1887 564 ²,
1921 491 2007 547 ut
2041 500 2209 547 cum
2245 477 2545 549 consule
2581 482 2730 551 Cn.-

583 587 919 661 Carbone
966 611 1194 673 esses,
1250 609 1559 682 eamque
1609 588 2054 683 provinciam
2105 586 2497 660 obtineres.
2544 594 2734 661 Erat

582 713 744 769 tum
778 695 1129 767 dissensio
1152 689 1181 737 ³
1222 699 1529 783 civium;
1578 695 1673 767 de
1713 722 1861 793 qua
1903 696 2088 767 nihil
2140 721 2305 767 sum
2353 696 2735 786 dicturuS‚

582 807 764 909 quid
794 804 1063 880 sentire
1096 803 1479 876 debueris:
1526 830 1758 876 unum
1807 805 1950 877 hoc
1999 805 2203 894 dicu,
2237 808 2316 876 in
2362 808 2736 902 ejusmodi

585 936 916 1015 tempore
943 939 1025 986 ac
1057 916 1301 986 sorte‘*
1337 928 1654 988 statuere
1685 931 1755 988 te
1791 915 2163 1005 debuisse,
2192 932 2442 989 utrum
2474 918 2738 990 malles

586 1029 853 1101 sentire
887 1041 1106 1122 atque
1139 1023 1533 1097 defendere
1551 1023 1601 1097 ⁵.
1625 1026 1864 1099 Carbo
1896 1028 2200 1125 graviter
2237 1027 2547 1115 ferebat,
2584 1028 2736 1099 sibi

586 1151 1017 1237 quaestorem
1057 1133 1396 1233 obtigisse
1416 1190 1437 1223 ‚
1497 1136 1870 1209 hominem
1913 1139 2256 1237 singulari
2290 1139 2577 1211 luxuria
2618 1154 2733 1210 at-

588 1274 745 1348 que
798 1248 1057 1318 inertia
1108 1273 1123 1315 :
1177 1260 1680 1318 verumtamen
1726 1246 2033 1319 ornabat
2087 1272 2258 1318 eum
2312 1245 2736 1319 beneficiis⁶

588 1356 949 1430 omnibus.
984 1358 1092 1428 Ne
1126 1355 1399 1426 diutius
1425 1369 1712 1427 teneam
1733 1412 1755 1446 ‚
1795 1359 2105 1456 pecunia
2145 1357 2561 1444 attributa7,
2594 1383 2737 1429 nu-

587 1482 859 1540 merata
880 1480 1027 1553 est;
1059 1463 1427 1564 profectus
1452 1481 1562 1537 est
1585 1482 1901 1564 quaestor
1928 1468 2002 1538 in
2028 1468 2507 1565 provinciam;
2533 1470 2742 1540 venit

587 1581 662 1650 in
699 1578 1005 1652 Galliam
1034 1591 1487 1675 exspectatus
1522 1576 1615 1648 ad
1645 1579 2042 1650 exercitum
2073 1578 2532 1650 consularem
2562 1603 2740 1651 cum

587 1689 914 1787 pecunia.
947 1684 1175 1758 Simul
1202 1710 1286 1756 ac
1320 1687 1640 1783 primum
1669 1688 1736 1758 ei
1769 1690 2053 1759 occasio
2090 1693 2242 1758 visa
2278 1703 2389 1760 est
2414 1688 2738 1786 (cogno—

594 1803 769 1870 scite
819 1796 1141 1868 hominis
1184 1796 1627 1892 principium
1665 1799 2207 1896 magistratuum
2245 1797 2739 1894 gerendorum

596 1924 668 1980 et
686 1904 1103 2006 reipublicae
1126 1903 1761 2002 administrandae),
1777 1932 2024 1979 aversa
2047 1901 2394 2005 ⁸pecunia
2419 1907 2742 2007 publica,

597 2032 918 2116 quaestor
946 2012 1321 2085 consulem
1341 2067 1362 2100 ‚
1386 2018 1820 2104 exercitum,
1848 2032 2117 2089 sortem
2144 2019 2746 2116 provinciamque

596 2125 936 2198 deseruit.
965 2120 1195 2192 Video
1215 2121 1392 2220 quid
1422 2127 1694 2220 egerim
1726 2153 1743 2195 ε
1777 2129 1987 2224 erigit
2011 2153 2117 2216 se3
2152 2143 2392 2226 sperat
2409 2184 2430 2217 ‚
2457 2129 2596 2200 sibi
2619 2154 2747 2201 au-

598 2245 801 2307 ram9
834 2255 1047 2331 posse
1061 2231 1381 2330 aliquam
1406 2230 1669 2322 afflari,
1696 2237 1773 2306 in
1811 2236 1952 2307 hoc
1984 2239 2325 2325 crimine,
2348 2238 2747 2309 voluntatis

603 2337 1182 2441 assens'ion'isque
1204 2353 1265 2387 ¹⁰
1293 2367 1549 2416 eorum
1568 2399 1588 2433 ‚
1617 2343 1886 2442 quibus
1919 2350 2051 2420 Cn.
2082 2345 2434 2420 Carbonis
2471 2349 2747 2420 mortui

672 2561 722 2593 a.
743 2542 1034 2594 Consularis.
1051 2541 1120 2593 Ea
1137 2555 1239 2592 erat
1263 2555 1374 2608 qun
1394 2555 1424 2592 a
1450 2555 1626 2595 eonsu-

601 2625 692 2674 lari
713 2627 852 2686 νίκη
869 2623 1111 2689 praeeoria
1126 2639 1245 2671 vero
1264 2640 1373 2687 quae
1397 2640 1425 2672 a
1452 2639 1630 2690 preto-

604 2707 681 2754 rio
718 2704 988 2768 regebatur.
1008 2702 1137 2750 Vide
1169 2701 1312 2766 plura
1334 2702 1398 2750 ad
1419 2716 1544 2753 orat.
1567 2705 1631 2752 de

604 2784 864 2833 Provinciis
894 2780 1249 2831 consularibus.

676 2867 728 2912 3.
758 2859 1023 2909 Dissensio.
1043 2860 1321 2909 Verborum
1340 2862 1542 2911 lenitate
1562 2864 1630 2910 rei

606 2941 855 2992 tristitiam
882 2939 1091 3003 mitigat.
1128 2940 1316 2989 Bellum
1349 2952 1451 2989 erat
1484 2943 1631 2991 civile

607 3021 882 3072 Marianum
897 3053 912 3076 ,
937 3018 1076 3083 quod
1094 3021 1329 3069 atrociter
1353 3031 1540 3085 gestum
1558 3033 1632 3070 est

608 3102 671 3151 ab
699 3115 827 3149 anno
853 3099 953 3147 663
981 3098 1044 3146 ad
1070 3100 1191 3162 672.
1215 3100 1346 3150 Flor.
1366 3102 1466 3160 111,
1495 3117 1580 3147 αι.

683 3192 732 3238 4.
759 3181 914 3228 Sorte.
940 3178 1235 3227 Provinciali
1261 3178 1636 3227 administratio-

608 3278 702 3323 ne;
728 3274 840 3324 qnoe
866 3258 959 3307 tibi
984 3269 1113 3306 sorte
1139 3257 1396 3322 obtigerat.

684 3342 733 3389 5.
770 3337 945 3387 Malles
978 3335 1256 3402 diffindere.
1299 3337 1369 3384 Ut
1416 3335 1521 3400 lege
1554 3337 1637 3385 illa

610 3418 770 3468 nobili
812 3416 1006 3465 Solonis
1042 3415 1354 3464 Atheniensis
1368 3450 1385 3475 ‚
1421 3432 1533 3480 φιτ
1567 3432 1639 3465 ca-

610 3497 713 3561 pite
730 3494 983 3560 puniebat,
1003 3495 1045 3542 ai
1063 3495 1172 3558 quis
1188 3494 1240 3540 in
1262 3493 1519 3554 seditione,
1535 3511 1638 3544 non

613 3573 888 3623 alterutrim
904 3575 1057 3637 partis
1076 3573 1263 3621 fuisset.

686 3653 737 3700 6.
754 3650 917 3714 Vulgo
942 3650 1058 3699 inde
1079 3668 1108 3699 a
1121 3651 1347 3700 victorio
1372 3650 1641 3701 addebatur

617 3754 643 3774 .-
661 3728 933 3793 officiisque
952 3751 995 3777 ιι.
1034 3729 1231 3778 Delevit
1254 3732 1442 3779 Ernest.
1469 3743 1640 3779 aueto-

615 3811 759 3858 ritate
784 3808 933 3856 codd.
948 3820 999 3856 et
1020 3807 1134 3857 edd.
1154 3819 1278 3858 vett.
1300 3809 1535 3858 Defendit
1559 3825 1642 3858 an-

618 3899 715 3936 tem
742 3888 976 3935 Garaton.

694 3985 740 4029 7.
756 3964 1024 4014 Acer-ibam.
1042 3966 1118 4014 Ex
1136 3965 1266 4016 scio
1283 3967 1540 4032 assignata.
1563 3968 1642 4015 Sic

617 4049 810 4096 Varro:
848 4044 1118 4095 -atttibuta
1145 4047 1349 4112 pecnnia
1389 4047 1644 4098 dicebatur

1716 2557 1828 2612 qnoe
1851 2547 2090 2613 assignata
2115 2560 2246 2600 erat:
2265 2547 2398 2597 uude
2420 2546 2608 2597 tribuni
2624 2564 2746 2597 era·

1717 2627 1778 2674 rii
1799 2626 1937 2686 dicti,
1950 2627 2131 2690 quibus
2148 2626 2379 2676 attributa
2396 2637 2499 2675 erat
2515 2628 2745 2690 pecunia,

1717 2720 1828 2769 qnoe
1848 2706 2084 2754 militibus
2106 2706 2444 2755 redderetur-⁸.

1791 2787 1839 2832 8.
1867 2786 2069 2834 Aversa.
2096 2786 2213 2835 Alio
2234 2803 2389 2835 versa.
2414 2787 2607 2836 Notum
2625 2787 2747 2848 juris

1717 2863 1921 2911 verbum
1942 2901 1956 2925 ,
1993 2863 2056 2913 de
2080 2881 2182 2928 quo
2207 2864 2339 2913 conf.
2368 2867 2419 2913 J.
2441 2870 2496 2914 Β.
2520 2866 2744 2914 Gronov

1717 2942 1922 2992 observ.
1944 2946 2032 3003 IV,
2058 2945 2107 2992 5.

1789 3038 1840 3084 9.
1878 3024 2084 3071 Auram.
2122 3023 2410 3088 Metaphora
2454 3038 2485 3070 a
2531 3024 2752 3089 zephyro

1720 3098 1891 3161 ducta,
1918 3117 2020 3166 quo
2043 3100 2190 3149 afflati
2209 3113 2482 3152 recreamur
2503 3112 2623 3151 estu
2645 3104 2746 3151 lan·

1721 3193 1939 3243 guentee.
1968 3183 2145 3229 Sensus
2170 3192 2279 3230 est:
2311 3182 2485 3246 Sperat
2508 3181 2623 3230 illos
2655 3179 2750 3229 sibi

1722 3258 2084 3323 quodammodo
2113 3262 2361 3321 fauturos,
2387 3261 2475 3325 qui
2511 3262 2605 3310 Cu.
2632 3261 2754 3309 Car-

1726 3338 1905 3386 bonem
1930 3349 2230 3389 aversantur.
2253 3342 2412 3389 Porro
2443 3342 2536 3391 Cn.
2563 3339 2749 3396 Carbo,

1727 3418 1959 3467 Cinmnoe
1984 3416 2210 3466 factionis
2235 3419 2371 3476 dux,
2408 3419 2607 3468 tertium
2638 3435 2754 3466 eou-

1727 3496 1832 3554 snl,
1857 3496 2049 3544 occisus
2080 3508 2153 3546 est
2181 3513 2209 3545 a
2248 3498 2487 3562 Pompeio
2509 3498 2564 3545 in
2588 3497 2752 3544 Sicilia

1728 3579 1795 3624 A.
1813 3576 1878 3624 U.
1898 3575 1955 3624 C.
1976 3577 2040 3638 67
2054 3592 2097 3624 1.

1807 3670 1887 3704 ιο.
1903 3656 2320 3722 Assensionisque.
2332 3658 2412 3707 sie
2427 3657 2614 3722 optime
2621 3659 2756 3706 Man.

1729 3734 1919 3782 ErmAt
1933 3734 2338 3800 dissensionisque
2349 3740 2518 3786 Frauc.
2539 3754 2558 3783 1
2568 3770 2581 3784 .
2592 3736 2758 3786 Guelf-

1729 3811 1898 3874 Cujac.
1931 3813 2046 3864 edd.
2079 3815 2236 3879 princ.
2265 3817 2426 3865 Graev.
2459 3815 2608 3864 Male.
2634 3816 2758 3864 Nam

1729 3893 1999 3942 voluntatis
2020 3906 2069 3942 et
2093 3894 2383 3943 assensionis
2408 3906 2523 3943 sunt
2540 3911 2761 3960 synony-

1729 3987 1834 4030 ma,
1869 3984 1920 4024 et
1953 3984 2212 4037 utrumque
2241 3974 2449 4022 refertur
2473 3973 2538 4022 ad
2566 3990 2760 4021 auram.

1732 4053 1977 4102 Sententia
2003 4052 2132 4101 enim
2157 4064 2255 4113 est,
2283 4069 2476 4120 sperare
2492 4056 2694 4105 Verrem
2711 4068 2763 4100 se
