3044 4788
606 427 737 509 104
1233 426 1331 493 M.
1381 426 1458 492 T.
1513 426 2079 497 CICERONIS

595 547 773 617 mihi
803 561 1084 618 tantum
1112 544 1408 643 derogn,
1435 534 1713 618 tametsi
1743 546 1928 625 nihil
1949 569 2207 643 arrogo
2226 600 2245 634 ‚
2273 559 2355 615 ut
2380 559 2451 616 te
2479 548 2751 641 copio-

595 662 777 746 sius,
808 682 1027 755 quam
1057 681 1198 742 me,
1222 671 1473 753 putem
1504 680 1716 755 posse
1750 657 2010 729 dicere.
2045 663 2320 733 Verum
2350 679 2486 751 ego
2512 654 2744 725 forsi-

596 780 745 852 tan,
765 780 1066 864 propter
1087 763 1629 836 multitudinem
1647 781 2149 863 patronorum,
2163 769 2239 835 in
2261 788 2477 862 grege
2500 789 2746 835 annu·

595 898 831 947 merer
852 883 871 916 ¹
900 900 919 960 3
944 887 1014 943 te
1045 896 1291 971 pugna
1322 878 1717 947 Cannensis
1739 887 1767 919 ²
1793 890 2282 947 accusatorem
2310 889 2421 945 sat
2441 873 2741 944 bonum

594 981 788 1054 fecit.
841 982 1111 1054 Multos
1152 1007 1367 1053 caesos
1413 1008 1564 1055 non
1614 983 1705 1055 ad
1736 990 2232 1057 Trasimenum
2265 986 2505 1055 lacum
2524 1038 2544 1071 ‚
2600 981 2744 1054 sed

593 1090 688 1163 ad
721 1091 1093 1162 Servilium
1113 1087 1142 1134 ³
1179 1091 1526 1163 videmuS.
1574 1097 1806 1184 «Quis
1839 1093 1940 1165 ibi
1979 1120 2130 1166 non
2163 1108 2273 1165 est
2304 1094 2745 1165 vulneratus

597 1201 788 1272 ferro
821 1199 1439 1298 Phrygio4?»Non
1479 1227 1771 1275 necesse
1816 1218 1927 1275 est
1973 1228 2226 1275 omnes
2274 1226 2744 1273 commemo-

599 1333 790 1396 rare,
816 1313 1140 1398 Curtios,
1182 1313 1484 1398 Marios»,
1530 1304 1848 1410 denique
1875 1315 2255 1384 Memmios
2278 1308 2333 1399 ⁵,
2365 1335 2554 1408 quos
2581 1312 2744 1406 jam

600 1418 800 1491 aetas⁶
842 1445 885 1492 a
916 1422 1174 1518 praeliis
1203 1421 1594 1493 avocabat:
1624 1439 1991 1521 postremo
2023 1427 2417 1495 Priamum⁷
2448 1425 2700 1520 ipsum
2725 1475 2750 1509 ‚

670 1654 889 1701 xxxa.
932 1668 976 1702 1.
1018 1654 1080 1699 In
1121 1667 1271 1718 grege
1316 1667 1624 1702 canumet-er.
1783 1663 1837 1711 4.
1859 1655 2020 1701 Fam
2034 1652 2265 1719 Phrygio.
2284 1655 2467 1701 Versus
2489 1667 2553 1700 ex
2575 1662 2752 1701 vetem

602 1734 783 1780 Forsan
812 1746 902 1796 ego
928 1746 1056 1782 unus
1085 1730 1148 1778 de
1182 1730 1348 1780 multis
1373 1747 1479 1779 sum
1496 1764 1511 1789 ,
1537 1730 1625 1796 qui
1709 1732 1857 1782 Ennii
1880 1732 2142 1796 tragoedia‚
2168 1748 2269 1798 quo
2296 1743 2496 1783 excusat
2513 1749 2566 1779 se
2584 1732 2751 1796 Ulys-

602 1822 921 1874 patronorum
953 1826 1144 1874 gregem
1179 1811 1391 1869 faciunt;
1426 1821 1483 1857 tu
1508 1825 1625 1857 vero
1712 1828 1805 1868 ses,
1826 1812 1961 1876 quod
1984 1812 2263 1860 vulneratus
2282 1829 2343 1859 ex
2368 1827 2534 1876 pugna
2559 1812 2766 1875 fugerit.

605 1905 737 1938 nuuc
776 1900 1031 1938 accusator
1077 1899 1151 1936 sat
1191 1888 1354 1936 bonus
1394 1903 1446 1935 es
1462 1923 1478 1949 ,
1525 1902 1628 1934 non
1713 1890 1985 1940 inAchillis
2003 1892 2282 1939 tentorium.
2303 1893 2456 1938 Porro
2471 1889 2747 1955 Phrygiam

604 1980 808 2034 propter
829 1967 1174 2032 eloquentiam,
1192 1967 1280 2015 sed
1304 1968 1418 2033 quia
1442 1967 1629 2032 periere

607 2058 907 2096 accusatores
934 2046 1171 2111 plerique.
1226 2103 1230 2108 .

680 2143 730 2176 a.
767 2130 945 2191 Pugna
990 2123 1269 2172 Cannensis.
1305 2124 1427 2173 Cum
1466 2140 1633 2189 pugna

609 2204 856 2255 Cannensi
893 2214 1203 2267 comparatur
1253 2202 1410 2251 eoedes
1451 2204 1631 2253 Maria-

612 2298 789 2331 norum
815 2298 842 2329 a
868 2281 999 2330 Sulla
1027 2282 1151 2329 sacta
1168 2316 1184 2340 ,
1218 2298 1329 2345 quae
1362 2283 1509 2331 etiam
1552 2297 1633 2329 ac-

614 2370 862 2409 cusatores
889 2359 1067 2409 multos
1095 2362 1147 2408 in
1167 2360 1273 2426 ipsa
1296 2372 1457 2426 strage
1473 2359 1634 2408 invol-

611 2440 699 2489 vit.
728 2440 1153 2503 Quemadmodum
1190 2443 1322 2488 enim
1351 2452 1468 2508 post
1501 2440 1635 2487 illam

614 2535 826 2587 pugnam
850 2530 1049 2568 coactus
1066 2530 1137 2570 est
1157 2531 1350 2569 senatus
1378 2520 1513 2583 ipsos
1535 2534 1633 2566 ser-

614 2617 704 2650 vos
727 2616 937 2660 armare,
959 2609 1160 2663 propter
1186 2599 1364 2645 civium
1387 2598 1603 2661 inopiam
1620 2631 1634 2655 ‚

612 2692 670 2729 ut
692 2689 765 2731 est
799 2678 930 2744 apud
961 2680 1024 2726 T.
1057 2677 1163 2726 Liv.
1200 2678 1382 2737 1111,
1432 2676 1494 2737 57
1518 2711 1534 2734 ‚
1569 2677 1636 2723 ita

614 2761 759 2809 etiam
779 2770 893 2825 post
907 2757 1151 2806 Sullanam
1169 2766 1375 2819 stragem
1387 2754 1465 2802 vel
1483 2754 1639 2819 inepti

613 2839 839 2888 homines
894 2847 1149 2901 coeperunt
1195 2849 1444 2892 accusare,
1493 2841 1640 2898 atque

615 2917 784 2981 iuopia
808 2915 1053 2963 bonorum
1075 2912 1232 2961 videri
1258 2911 1392 2960 boni.

694 2997 746 3044 3.
775 2993 863 3042 Ad
883 2992 1147 3040 Servilium.
1164 2993 1332 3055 oAquae
1362 3001 1642 3054 receptacu-

619 3075 725 3124 lum
757 3072 1051 3128 fuinnomae
1087 3087 1115 3118 a
1141 3069 1396 3122 conditore
1436 3069 1644 3117 Servilio

624 3153 841 3210 dictum;
869 3149 933 3199 ad
956 3166 1101 3213 quem
1118 3150 1285 3198 locum
1306 3148 1514 3197 Sullanis
1535 3158 1647 3196 tem·

621 3232 828 3298 poribus
873 3229 1137 3277 multorum
1172 3238 1451 3276 senatorum
1486 3227 1644 3292 capita

623 3311 685 3360 ad
708 3304 1085 3359 ostentationem
1107 3307 1440 3354 immanissimi
1467 3306 1649 3353 facino·

622 3393 691 3439 ris
715 3388 1070 3456 pependerunt.
1091 3387 1125 3432 J
1129 3386 1195 3433 ul.
1222 3386 1370 3432 Fir-m.
1396 3388 1439 3434 1.
1469 3387 1649 3432 Seneca

625 3469 786 3516 autem
810 3468 861 3514 in
882 3465 1011 3513 libro
1038 3463 1099 3511 de
1125 3465 1240 3511 Div.
1265 3465 1410 3511 Prov.
1429 3464 1486 3512 3:
1528 3484 1551 3506 ι
1572 3462 1649 3510 vi·-

628 3549 774 3597 deant
812 3539 998 3608 largum
1041 3543 1093 3588 in
1137 3543 1246 3588 foro
1282 3542 1562 3605 sanguinem
1601 3551 1650 3588 et

624 3641 772 3690 supra
820 3621 1139 3670 Servilianum
1180 3620 1341 3668 lacum
1389 3619 1474 3684 (id
1517 3620 1649 3668 enim

628 3700 999 3773 proscriptionis
1018 3699 1226 3748 Sullanae
1253 3700 1534 3768 spoliarium
1556 3697 1648 3761 est)

632 3794 906 3833 senatorum
935 3778 1119 3842 capita3
1146 3790 1196 3827 et
1219 3779 1396 3843 passim
1425 3787 1650 3843 vagantes

631 3880 719 3930 pet
761 3859 944 3908 Urbem
988 3874 1325 3921 percussorum
1367 3874 1535 3924 greges
1548 3893 1563 3918 ,
1602 3867 1650 3905 et

632 3942 785 3992 multa
819 3936 967 3984 millia
1010 3935 1196 3984 civium
1235 3955 1356 3988 rom.
1394 3955 1494 3986 uno
1535 3937 1651 3986 loco

629 4031 743 4086 post
761 4005 936 4073 fidem,
960 4015 1059 4061 imo
1084 4031 1172 4079 per
1195 4016 1348 4081 ipsam
1374 4015 1521 4065 fidem
1549 4028 1650 4065 tru-

629 4100 784 4151 cidata
801 4094 1012 4145 „.—Al.
1032 4093 1267 4153 victims,
1282 4094 1434 4161 facit.
1536 4116 1554 4130 ·

1714 1970 1875 2026 forsan
1902 1968 1955 2017 h.
1981 1968 2017 2018 l.
2046 1969 2226 2017 dicitur
2253 1968 2401 2017 Sulla!
2427 1968 2644 2027 ferrum,
2684 1980 2752 2017 ut

1717 2064 1875 2097 mores
1917 2050 2020 2110 ejus
2062 2059 2235 2112 notet3
2286 2048 2507 2113 Phryges
2552 2048 2752 2113 quippe

1716 2128 1897 2192 impuri
1924 2138 1972 2175 et
1996 2127 2244 2193 flagitiosi.

1792 2207 1840 2253 5.
1864 2207 2131 2255 Memmios.
2155 2207 2365 2255 Nomina
2384 2214 2751 2269 accusatorum,

1718 2285 1804 2348 qni
1845 2278 1910 2332 a'd
1953 2285 2111 2333 lacum
2154 2284 2412 2333 Servilium
2452 2283 2567 2332 caesi
2613 2294 2752 2332 sunt.

1718 2364 1893 2413 Cicero
1918 2365 1970 2412 in
1988 2367 2125 2414 Brut.
2154 2366 2316 2412 «Tum
2340 2364 2487 2414 etiam
2522 2362 2585 2411 C.
2612 2374 2662 2412 et
2692 2367 2751 2412 1..

1719 2443 1940 2491 Memmii
1973 2444 2168 2490 suerunt
2194 2454 2411 2491 oratores
2441 2442 2754 2502 mediocres,

1719 2533 2022 2572 accusatores
2046 2535 2180 2569 acres
2195 2531 2342 2586 atque
2367 2522 2558 2570 acerbi:
2583 2522 2756 2586 itaque

1719 2600 1775 2647 in
1813 2599 2054 2661 iudicium
2097 2601 2269 2664 capitis
2307 2599 2491 2648 multos
2539 2616 2756 2648 vocave-

1722 2689 1859 2732 runt;
1889 2694 1980 2742 pro
2000 2679 2093 2726 reis
2110 2694 2214 2726 non
2232 2694 2361 2742 saepe
2383 2679 2757 2727 dixerunt-.—

1723 2757 1918 2819 Legitur
1949 2758 2221 2804 Mammas
2258 2757 2392 2820 apud
2423 2759 2757 2805 Hottomanu.

1723 2837 1888 2884 Graev.
1918 2836 2085 2883 Garat.
2110 2835 2207 2884 Sed
2235 2845 2404 2883 contra
2431 2835 2622 2886 faciunt
2644 2835 2757 2883 duo

1728 2912 1878 2961 codd.
1895 2912 2090 2961 Lallem.
2109 2923 2159 2961 et
2183 2912 2262 2962 ed.
2284 2914 2429 2974 1480.

1800 2992 1849 3039 6.
1878 2992 2037 3040 AEeas.
2057 2993 2157 3054 Qui
2181 3003 2385 3057 propter
2409 3002 2600 3039 aetatem
2619 3008 2758 3040 arma

1729 3070 1853 3118 ferre
1897 3085 1997 3118 non
2041 3080 2269 3134 poteraut
2284 3105 2301 3130 ,
2331 3080 2477 3134 atque
2526 3070 2595 3117 ita
2638 3086 2758 3118 cum

1729 3148 1961 3197 Marianis
1996 3144 2218 3197 Sullanas
2255 3159 2418 3212 partes
2452 3164 2554 3196 non
2593 3149 2761 3213 impu-

1732 3238 1965 3304 gnaram?
1997 3243 2156 3294 neque
2177 3227 2241 3274 ad
2264 3237 2427 3291 partes
2453 3228 2761 3277 adversario·

1732 3323 1841 3354 rum
1881 3305 2186 3370 pertinebant
2200 3341 2215 3366 ,
2253 3304 2368 3353 ideo
2407 3321 2523 3353 vero
2559 3307 2763 3354 occide·

1731 3386 1927 3444 bantur,
1945 3387 2059 3450 quia
2078 3397 2216 3433 erant
2236 3396 2552 3433 accusatores.

1808 3483 1854 3528 7.
1892 3464 2156 3512 Priamum.
2188 3465 2451 3528 Comparat
2487 3464 2760 3513 Antistium

1731 3544 1949 3604 Priamo,
1981 3543 2095 3606 qnia
2130 3553 2186 3590 ut
2210 3542 2292 3590 ille
2331 3559 2444 3601 rex,
2472 3558 2656 3590 summa
2681 3558 2763 3589 se·

1732 3635 1946 3684 nectute,
1963 3622 2014 3670 in
2035 3636 2207 3684 magna
2221 3622 2542 3682 Troianorum
2556 3637 2762 3671 suorum

1734 3713 1893 3766 strage
1919 3702 2110 3752 occisus
2142 3711 2244 3758 est;
2272 3700 2342 3748 sic
2369 3701 2609 3750 Antistius
2629 3702 2766 3747 inter

1736 3791 2037 3828 accusatores
2055 3781 2191 3842 quasi
2223 3795 2308 3826 rex
2332 3779 2529 3842 quidam
2545 3795 2603 3827 ac
2621 3778 2766 3843 priu-

1737 3875 1851 3922 ceps
1870 3895 1885 3918 ,
1938 3873 2086 3906 senex
2111 3857 2380 3905 admodum
2407 3857 2461 3904 in
2493 3856 2645 3906 multa
2678 3873 2764 3906 u:-

1738 3948 2013 3985 casatorum
2055 3937 2187 3985 caede
2227 3936 2474 3984 occubuit.
2515 3939 2660 3984 Hunc
2709 3937 2765 3983 in

1737 4020 1887 4065 Bruto
1904 4041 1928 4060 «ι
1941 4018 2158 4069 rabulam
2180 4034 2294 4064 sane
2317 4016 2657 4080 probabilem»
2675 4033 2762 4062 vo·

1739 4108 1815 4147 cat
1841 4097 2034 4149 Cicero.
2061 4098 2209 4149 Conf.
2240 4098 2384 4146 etiam
2412 4098 2514 4150 Pat.
2551 4100 2627 4157 11,
2670 4097 2760 4153 aa.
