3044 4788
711 380 875 447 xxiv
1360 444 1363 453 ,
1493 379 2030 446 PRAEFATIO

706 522 1172 597 comparasse.
1202 496 1534 589 (Quintil.
1564 497 1689 568 ubi
1723 498 1914 594 sup.)
1939 502 2019 568 Iu
2048 521 2126 569 ea
2157 523 2316 594 quae
2355 498 2494 571 fuit
2523 502 2622 572 illi
2654 528 2817 575 cum

704 610 984 680 Caecilio
1030 606 1119 677 de
1166 620 1578 676 accusatore
1630 611 1704 675 in
1745 611 2043 677 Verrem
2091 611 2598 682 constituendo
2640 638 2818 684 con-

636 790 646 799 ,
704 720 969 801 tentio',
1021 718 1346 813 quamvis
1402 717 1712 787 multum
1758 731 1942 787 esset
1998 718 2072 786 in
2126 717 2264 788 hoc
2308 726 2694 806 momenti,
2739 740 2819 794 ut

701 828 1109 901 ostenderet
1130 851 1203 896 se
1224 841 1708 896 accusatorem
1733 850 1885 897 esse
1908 828 2212 899 maxime
2233 828 2600 915 idoneum,
2617 835 2817 929 quod

698 943 850 1017 sine
889 938 1317 1033 eloquentiae
1352 961 1494 1005 suae
1535 935 1748 1006 laude
1779 961 1927 1006 non
1963 942 2358 1033 potuisset;
2391 939 2676 1013 dicendi
2712 959 2816 1014 ta-

695 1072 861 1117 men
886 1044 1292 1116 facultatem
1313 1044 1594 1114 Caecilio
1616 1049 1841 1141 magis
1867 1045 2170 1119 detraxit
2187 1101 2206 1131 ,
2221 1073 2441 1143 quam
2461 1046 2819 1149 arrogavit

696 1154 864 1241 sibi,
902 1179 1122 1251 seque
1152 1178 1298 1223 non
1332 1169 1866 1250 consequutum
1892 1154 2103 1239 dixit,
2137 1157 2258 1227 sed
2291 1162 2533 1230 omnia
2564 1159 2818 1234 fecisse

695 1279 777 1335 ut
811 1280 1055 1362 posset
1085 1287 1242 1333 eam
1276 1269 1621 1361 consequi
1646 1266 1994 1359 (Divinat.
2033 1264 2163 1359 ια.)
2196 1293 2210 1335 :
2253 1291 2328 1337 se
2366 1267 2547 1338 nihil
2576 1268 2818 1342 dicere

694 1375 782 1446 de
821 1399 953 1445 suo
992 1377 1280 1470 iugenio
1325 1373 1541 1471 gibid.
1577 1397 1604 1443 1
1629 1383 1741 1469 1),
1792 1376 1962 1470 quia
2000 1401 2151 1445 non
2194 1391 2302 1447 est
2353 1378 2551 1474 quod
2590 1386 2818 1476 possit

692 1486 965 1573 dicere3
999 1510 1277 1581 neque,
1324 1486 1381 1553 si
1419 1498 1645 1565 esset,
1690 1482 1978 1554 diceret.
2017 1489 2097 1575 In
2140 1484 2439 1584 dialogis
2470 1514 2645 1559 vero
2690 1494 2814 1587 (in

693 1602 947 1682 Brut0,
985 1598 1283 1694 passim)
1321 1591 1449 1662 ubi
1486 1593 1652 1663 data
1688 1596 2061 1664 occasione
2104 1593 2354 1691 [datur
2384 1611 2623 1667 autem
2662 1624 2809 1670 non

691 1704 957 1803 semel]
1011 1705 1100 1775 de
1149 1728 1224 1774 se
1261 1703 1609 1799 loquitur,
1651 1727 1801 1772 non
1844 1702 1977 1773 sibi
2021 1703 2329 1776 defuisse
2390 1709 2810 1781 industriam

690 1813 1033 1899 ostendit,
1060 1828 1143 1882 ut
1178 1811 1267 1881 ad
1305 1812 1790 1908 eloquentiam
1828 1817 2264 1909 perveniret,
2305 1816 2428 1886 sed
2464 1832 2701 1915 tamen
2737 1820 2812 1891 id

688 1948 762 1994 se
807 1924 1084 2016 assequi
1144 1946 1293 1990 non
1345 1924 1666 2017 potuisse
1705 1922 1904 2018 quod
1950 1924 2308 2020 cupiebat.
2376 1930 2557 1997 Nam
2606 1929 2810 2025 quod

686 2031 1042 2124 objiciunt
1077 2030 1456 2100 adversarii
1494 2030 1734 2101 locum
1761 2032 1963 2102 illum
1991 2034 2324 2131 (Philipp.
2354 2039 2446 2121 11,
2485 2035 2548 2129 ι)
2576 2035 2701 2106 ubi
2732 2063 2808 2108 se

686 2167 851 2213 cum
871 2144 1186 2210 Antonio
1224 2155 1631 2236 comparat,
1665 2156 1737 2210 et
1770 2139 2053 2211 dicendi
2090 2140 2499 2215 facultatem
2528 2147 2805 2245 simpli-

688 2250 862 2319 citer
897 2248 1031 2319 sibi
1066 2263 1382 2345 arrogat,
1421 2251 1498 2318 in
1540 2274 1629 2318 eo
1668 2252 1881 2319 etiam
1915 2251 2596 2348 reprehendendum
2635 2281 2804 2327 eum

685 2384 837 2431 esse
878 2383 1027 2429 nou
1076 2373 1253 2458 puto
1287 2388 1301 2429 :
1349 2382 1499 2428 non
1549 2359 1741 2429 enim
1780 2358 1958 2430 illud
2000 2360 2335 2433 indecora
2372 2365 2806 2462 eloquentiae

678 2473 1002 2566 jactatiO,
1045 2468 1165 2539 sed
1207 2468 1470 2539 fiducia
1509 2483 1617 2539 est
1652 2475 1918 2539 oratori
1957 2496 2511 2570 nonnumquam
2540 2499 2802 2548 conce-

684 2579 937 2651 denda.
974 2578 1314 2674 (Quintil.
1348 2578 1474 2648 ubi
1503 2578 1778 2675 supra.)

776 2693 988 2760 Dices
1015 2715 1031 2756 t
1063 2691 1172 2758 sin
1201 2691 1442 2756 minus
1468 2689 1777 2783 ingenii,
1797 2703 1866 2758 et
1888 2687 2316 2785 eloquentiae
2340 2715 2483 2761 suae
2501 2693 2805 2784 Tullius»,

681 2815 751 2869 at
778 2822 1019 2869 rerum
1048 2821 1088 2866 a
1119 2820 1192 2866 se
1212 2811 1571 2894 gestarum
1603 2810 2002 2868 ostentator
2031 2799 2482 2894 magnificus,
2517 2803 2606 2873 de
2630 2829 2809 2876 con·

682 2904 915 2976 sulatu
943 2930 1076 2975 suo
1110 2920 1180 2975 et
1209 2908 1556 2976 exstincta
1571 2904 1887 2996 Catilinae
1925 2908 2423 3002 conjuratione
2450 2915 2806 3011 intempe-

681 3017 955 3085 rantius
1005 3039 1172 3085 sane
1223 3013 1594 3112 praedicat,
1641 3038 1859 3110 quam
1913 3040 2201 3087 necesse
2259 3033 2367 3089 est
2411 3019 2671 3116 pudori
2727 3039 2805 3093 et

683 3124 1062 3195 modestiae.
1106 3127 1267 3194 Non
1306 3122 1681 3198 dissimulo
1720 3149 1801 3194 ea
1836 3129 2218 3223 saepissime
2250 3133 2601 3219 revocari,
2635 3157 2801 3228 quae

679 3234 766 3305 ad
792 3257 1171 3331 oppressos
1200 3233 1518 3303 Catilinae
1549 3231 1826 3304 furores
1851 3236 2245 3331 pertinent,
2276 3251 2346 3306 et
2376 3241 2798 3311 Ciceronem

678 3347 750 3413 in
781 3343 1140 3414 laudando
1169 3366 1300 3411 suo
1331 3343 1712 3413 consulatu
1731 3346 2058 3430 nimium,
2082 3344 2287 3431 adde,
2305 3349 2362 3415 si
2382 3351 2512 3434 vis,
2531 3351 2795 3420 intem-

678 3466 1050 3550 perantem
1071 3474 1277 3547 posse
1296 3454 1508 3521 etiam
1525 3451 1771 3522 videri.
1786 3457 1877 3524 At
1894 3453 1983 3542 de
2003 3458 2231 3551 patria
2251 3460 2473 3552 magis
2495 3462 2796 3531 meritus

677 3578 859 3646 erat,
893 3584 1111 3656 quam
1141 3560 1268 3654 qui
1297 3585 1639 3657 umquam
1678 3566 2004 3633 maxime.
2043 3563 2314 3636 Urbem
2350 3593 2437 3639 ex
2473 3569 2796 3639 Catilinae

652 3671 1003 3762 faucibus
1027 3671 1423 3766 eripuerat3
1458 3671 1613 3765 ejus
1652 3674 1850 3769 ignes
1883 3698 1924 3743 a
1961 3675 2164 3744 tectis
2195 3674 2621 3763 domorum,
2651 3680 2794 3774 gla-

673 3780 831 3851 dios
868 3804 908 3849 a
945 3775 1339 3848 cervicibus
1375 3782 1636 3850 civium
1671 3784 2121 3898 optjmorum
2167 3784 2588 3882 depulerat:
2639 3804 2793 3859 tan·

672 3903 823 3957 tum
860 3884 1328 3972 beneficium,
1370 3901 1439 3956 et
1466 3913 1618 3983 quo
1653 3871 1886 3984 majus
1921 3891 2195 3965 civibus
2227 3921 2266 3963 a
2291 3899 2444 3965 cive
2472 3896 2788 3969 conferri

673 3995 953 4098 nullum
995 4009 1259 4091 potest,
1302 3993 1422 4064 dat
1467 4019 1634 4067 sane
1675 3999 2159 4093 praedicationi
2199 4003 2458 4095 justam
2499 4022 2571 4076 et
2614 4006 2787 4104 legi·

672 4109 915 4175 timam
968 4105 1497 4174 excusationem
1526 4158 1545 4188 ,
1614 4127 1844 4204 prope
1903 4125 1982 4180 ut
2040 4112 2500 4184 concedenda
2564 4119 2654 4187 sit
2716 4133 2789 4190 et
