3044 4788
685 426 823 500 556
1467 430 2015 500 EXCURSUS

674 551 842 614 circa
884 550 1152 617 Ostiam.
1193 550 1322 615 Liv.
1359 551 1425 633 1,
1464 549 1570 616 33.
1624 552 1916 615 Primum
1954 550 2068 614 sali
2108 548 2376 637 vectigal
2424 550 2835 638 impositum

677 671 775 719 est
800 678 836 719 a
865 655 1244 727 censoribus
1272 655 1492 720 Marco
1522 657 1699 720 Livio
1731 673 1795 720 et
1822 658 1892 719 C.
1920 653 2216 735 Claudio,
2235 677 2409 717 anno
2430 654 2643 718 Urbis
2667 678 2836 718 con-

678 758 824 823 ditm
859 758 1006 846 549.
1042 760 1265 841 Idem,
1305 761 1567 843 XXIX,
1602 761 1705 848 37.
1746 759 1936 824 Unde
1965 776 2030 824 et
2063 758 2275 844 Livio,
2309 760 2496 840 cujus
2525 758 2601 822 id
2635 783 2831 822 com-

673 884 969 931 mentum
1002 852 1138 931 esse
1169 866 1574 950 credebatur,
1606 868 1944 941 Salinatori
1974 864 2260 931 inditum
2292 888 2672 954 cognomen
2702 882 2827 928 ωε.

676 973 1013 1055 Quantum
1058 971 1185 1034 hoc
1228 972 1495 1060 vectigal
1541 988 1748 1036 stante
1793 971 2122 1060 republica
2168 970 2404 1049 fuerit,
2464 970 2823 1034 incertum.

674 1077 809 1141 Sub
836 1076 1329 1164 imperatoribus
1363 1077 1654 1142 eamdem
1674 1078 1884 1158 hujus
1918 1076 2242 1166 vectigalis
2270 1098 2601 1139 summam
2624 1124 2646 1155 ,
2674 1098 2825 1163 quae

678 1183 1082 1249 metallorum
1112 1199 1251 1254 erat
1270 1231 1286 1264 2
1323 1185 1631 1248 nimirum
1664 1182 1981 1249 decimam
2008 1182 2204 1265 fuisse
2226 1180 2368 1244 vult
2393 1179 2823 1261 Pancirolus,

682 1287 829 1350 Var.
860 1289 1033 1361 Lect.
1066 1288 1162 1352 111
1188 1336 1207 1370 ,
1243 1286 1350 1352 31,

763 1391 1062 1458 Vendere
1093 1396 1183 1460 sal
1219 1394 1401 1459 licuit
1427 1394 1585 1458 olim
1616 1394 1912 1484 privatis;
1946 1389 2062 1457 sed
2087 1392 2304 1472 ejectis
2327 1391 2628 1481 regibus,
2666 1394 2819 1479 quia

679 1497 870 1562 nimis
894 1498 1190 1587 impenso
1216 1499 1425 1588 pretio
1449 1498 1719 1579 veniret,
1739 1497 2079 1561 arbitrium
2103 1495 2233 1568 hoc
2253 1495 2375 1560 illis
2397 1494 2785 1584 ademptum
2801 1544 2821 1577 ,

682 1618 746 1667 et
786 1603 854 1667 in
887 1604 1242 1692 'publicum
1292 1603 1672 1668 translatum
1721 1618 1839 1685 est.
1886 1602 2018 1675 Liv.
2057 1601 2151 1683 II,
2200 1623 2265 1687 9.
2326 1599 2823 1689 Quodcumque

681 1710 1156 1800 magistratibus
1189 1726 1302 1773 aut
1325 1708 1546 1799 legatis
1572 1732 1688 1798 per
1710 1708 2068 1797 provincias
2097 1706 2404 1771 euntibus
2433 1705 2518 1769 de
2549 1707 2822 1793 publico

682 1817 1290 1881 subministrabatur
1310 1816 1378 1878 iu
1406 1830 1705 1902 sumptus
1729 1814 2004 1894 itineris,
2030 1837 2067 1876 a
2088 1812 2217 1877 sale
2238 1811 2541 1875 salarium
2564 1811 2825 1876 dictum

681 1939 799 1987 est.
834 1924 1002 1988 Hinc
1041 1923 1105 1985 in
1143 1920 1368 2010 glossis
1402 1921 1703 1985 salarium
1733 1919 2008 1982 vertitur
2033 1928 2258 1999 παροχὴ,
2307 1933 2372 1981 et
2402 1917 2650 1999 salarii,
2685 1920 2730 1981 i.
2764 1942 2824 1982 e.

681 2028 1085 2115 praebitores,
1120 2027 1200 2090 ab
1238 2027 1509 2091 Horatio
1554 2025 1819 2113 parochi
1854 2022 2279 2114 appellantur.
2321 2022 2451 2087 Sat.
2488 2025 2519 2088 1
2539 2072 2559 2105 ,
2594 2024 2635 2087 5
2656 2072 2679 2106 ,
2713 2023 2817 2103 45.

682 2131 835 2195 Haec
862 2133 993 2195 sint
1019 2132 1102 2194 de
1138 2132 1546 2193 metallorum
1580 2129 1894 2219 vectigali.

767 2236 1005 2299 Praeter
1045 2251 1263 2311 autem
1297 2235 1545 2300 diversa
1586 2236 1993 2328 vectigalium
2026 2257 2263 2323 genera
2308 2256 2451 2322 quae
2497 2234 2820 2299 hactenus

681 2339 1165 2430 descripsimus,
1197 2341 1466 2431 vectigal
1488 2340 1666 2430 aliud
1693 2341 1850 2425 fuit,
1874 2339 2328 2421 domesticum,
2347 2362 2480 2428 quo
2505 2340 2822 2431 vigesima

679 2468 823 2536 pars
857 2445 939 2511 de
969 2448 1178 2535 pretio
1212 2447 1377 2512 servi
1405 2446 1905 2522 manumittendi
1941 2446 2163 2510 aerario
2193 2445 2587 2529 solvebatur,
2617 2463 2689 2511 et
2719 2446 2819 2510 di-

678 2554 943 2618 cebatur
983 2553 1254 2643 vectigal
1295 2553 1901 2628 manumissionum.
1959 2552 2115 2631 Ejus
2158 2552 2344 2641 origo
2394 2551 2687 2615 refertur
2739 2551 2818 2616 ad
2886 2549 2893 2560 ¹

679 2662 796 2725 Cn.
826 2658 1143 2724 Manlium
1170 2659 1535 2740 consulem,
1569 2658 1685 2746 qui
1717 2657 1799 2722 de
1830 2679 1909 2722 eo
1945 2657 2154 2746 legem
2189 2657 2366 2738 tulit,
2409 2679 2587 2720 anno
2623 2657 2820 2720 Urbis

685 2765 832 2851 396.
860 2765 995 2829 Liv.
1032 2765 1185 2846 vn,
1227 2764 1323 2827 16.
1358 2764 1461 2828 Ab
1496 2763 1627 2828 hoc
1661 2779 1952 2852 tempore
1982 2778 2353 2850 constanter
2387 2778 2696 2827 exactum
2725 2781 2822 2828 est

686 2892 893 2956 usque
923 2868 1005 2933 ad
1036 2868 1264 2946 ultima
1293 2870 1664 2959 reipublicae
1694 2885 2022 2957 tempora3
2063 2885 2130 2935 et
2158 2867 2423 2942 sublatis
2459 2870 2779 2956 portoriis
2799 2918 2818 2951 ,

685 2989 750 3037 et
779 2974 1040 3062 reliquis
1072 2974 1268 3039 Italioe
1298 2976 1741 3065 vectigalibus,
1788 2998 2000 3039 unum
2035 2975 2164 3039 hoc
2193 2974 2536 3062 superfuit.
2573 2975 2716 3039 Cic.
2737 2973 2819 3038 ad

684 3084 816 3150 Att.
845 3081 931 3164 11,
961 3080 1145 3169 epist,
1177 3082 1276 3146 16.
1324 3082 1653 3168 Quaeritur
1682 3097 1831 3166 uter
1863 3082 2239 3171 vigesimam
2271 3079 2565 3166 solverit,
2600 3078 2819 3145 domi·

684 3209 896 3251 nusne
934 3187 1044 3275 qui
1086 3187 1616 3268 manumittebat,
1663 3209 1745 3249 an
1782 3208 2002 3276 servus
2047 3186 2165 3276 qui
2207 3185 2813 3274 manumittebatur.

681 3295 780 3358 Ex
809 3294 1084 3358 Arriano
1113 3293 1278 3358 Diss.
1307 3294 1374 3357 in
1398 3292 1608 3381 Epict.
1634 3292 1696 3355 11
1715 3340 1733 3373 ,
1769 3315 1826 3374 1,
1846 3306 2063 3382 potest
2092 3291 2306 3381 colligi
2331 3289 2605 3380 vectigal
2636 3291 2816 3355 istud

681 3421 719 3461 a
744 3398 1014 3464 domino
1048 3398 1208 3463 solvi
1241 3399 1503 3476 solitum
1528 3398 1757 3479 fuisse;
1793 3412 1859 3461 et
1884 3398 1972 3466 ita
2008 3397 2332 3480 censuisse
2363 3394 2629 3459 videtur
2655 3395 2819 3462 Gro-

684 3505 953 3587 novius,
992 3503 1074 3569 de
1095 3505 1242 3568 Pec.
1276 3520 1404 3569 vet.
1439 3503 1574 3586 111,
1616 3502 1713 3576 13,
1744 3501 1869 3568 Sed
1895 3502 2302 3576 verisimilius
2332 3516 2430 3589 est
2461 3500 2531 3565 id
2556 3524 2596 3565 a
2627 3524 2819 3568 servo

681 3609 823 3697 ipso
864 3610 1060 3673 fuisse
1098 3611 1526 3697 persolutum.
1573 3610 1783 3674 Docet
1813 3625 2031 3698 aperte
2062 3607 2238 3694 idem
2276 3608 2591 3681 Arrianus
2614 3657 2634 3690 ,
2677 3610 2780 3674 111
2799 3659 2818 3692 ,

683 3714 789 3795 26,
816 3727 882 3775 et
905 3713 1250 3781 Petronius
1271 3762 1289 3794 ,
1329 3738 1466 3805 cap.
1508 3713 1591 3779 58
1628 3732 1695 3780 et
1726 3737 1832 3803 7¹·
1865 3714 2182 3779 Dominos
2217 3731 2433 3779 tamen
2467 3713 2669 3779 servis
2705 3716 2818 3779 ali-

679 3815 942 3906 quando
986 3815 1347 3881 libertatem
1384 3821 1727 3908 gramitam
1762 3837 1828 3885 et
1875 3821 2233 3885 immunem
2276 3820 2650 3911 praestitisse
2697 3821 2813 3889 be·

683 3922 1044 3987 nivolentioe
1075 3922 1311 4011 gratia,
1347 3947 1480 3988 non
1517 3927 1903 4015 negaverim.

767 4028 1055 4118 Vectigal
1095 4029 1714 4111 manumissionum,
1762 4035 1874 4118 qui
1911 4053 2072 4096 auro
2105 4032 2265 4096 solvi
2313 4032 2591 4113 solebat,
2636 4032 2805 4104 dice·

679 4136 871 4200 batur
915 4157 1147 4201 aurum
1180 4134 1649 4203 vicesimarium
1679 4159 1694 4200 ε
1730 4137 1795 4201 in
1830 4138 2131 4203 sanctiori
2168 4138 2429 4205 Saturni
2462 4139 2686 4203 orario
2725 4137 2805 4203 ad
