3044 4788
668 370 760 445 36
1287 365 1383 432 Μ.
1434 360 1511 428 Τ.
1564 355 2147 428 CICERONIS

667 508 860 564 rator
903 499 1136 584 negat.
1168 480 1426 554 Vadari
1467 475 1621 549 vis⁶
1649 503 1664 544 ε
1698 475 2073 574 promittit.
2122 475 2206 541 In
2234 471 2354 565 jus
2382 493 2632 539 vocas:
2665 494 2776 539 se·

663 606 935 700 quitur.
956 602 992 668 J
997 594 1313 665 udicium
1343 588 1702 688 postulas:
1736 608 1887 654 non
1916 595 2215 652 recusat.
2244 578 2662 668 Quidaliud
2690 584 2782 649 sit

665 713 1036 783 absentem
1069 699 1390 786 defendi,
1416 721 1551 794 ego
1585 719 1734 766 non
1757 691 2100 786 intelligo.
2125 697 2217 759 At
2242 691 2406 786 quis
2439 703 2591 758 erat
2616 713 2785 785 pro-

667 814 1001 892 curator?
1026 809 1258 884 Credo
1282 810 1597 903 aliquem
1629 804 1939 898 ejectum
1967 799 2337 868 hominem
2354 851 2374 884 ‚
2410 812 2744 893 egentem
2760 852 2783 883 ‚

664 928 1082 1023 litigiosum,
1100 915 1542 1015 improbum,
1559 915 1699 1010 qui
1724 923 1968 1010 posset
1986 918 2011 963 ⁷
2047 928 2308 977 scurrae
2336 905 2575 977 divitis
2599 931 2786 1004 quo·

666 1036 1018 1108 tidianum
1046 1029 1451 1100 convicium
1483 1025 1857 1095 sustinere.
1882 1016 2074 1092 Nihil
2111 1020 2373 1086 minus.
2398 1018 2636 1112 Eques
2668 1041 2785 1087 ro-

658 1167 922 1217 manus
952 1139 1310 1237 locupleS‚
1345 1138 1457 1206 sui
1491 1134 1761 1229 negotii
1786 1129 1976 1201 bene
2009 1140 2301 1222 gerens;
2335 1123 2654 1223 denique
2683 1128 2783 1213 is,

665 1277 884 1352 quem
904 1305 923 1338 ‚
951 1250 1236 1346 quoties
1260 1246 1548 1317 Naevius
1586 1245 1662 1311 in
1695 1240 1995 1312 Galliam
2030 1232 2397 1332 profectus
2425 1249 2568 1322 est,
2615 1260 2788 1334 pro-

664 1374 1067 1434 curatorem
1093 1361 1337 1427 Romae
1370 1353 1681 1448 reliquit.

756 1476 910 1543 XX.
940 1472 1028 1538 Et
1043 1463 1287 1551 audes,
1299 1466 1453 1532 Sex.
1473 1460 1695 1545 Naevi,
1709 1480 1994 1563 negare,
2010 1454 2382 1525 absentem
2405 1451 2783 1524 defensum

664 1605 816 1651 esse
839 1578 1217 1668 Quintium
1237 1625 1256 1659 ‚
1285 1594 1518 1668 quum
1544 1592 1712 1639 eum
1740 1565 2146 1637 defenderit
2169 1563 2395 1650 idem,
2422 1568 2549 1660 qui
2574 1577 2647 1635 te
2679 1589 2790 1635 so·

664 1688 899 1761 lebat?
928 1701 1024 1773 et,
1040 1706 1264 1781 quum
1297 1684 1355 1751 is
1380 1677 1737 1775 judicium
1768 1677 2125 1773 acceperit
2154 1697 2289 1771 pro
2306 1676 2638 1764 QuintiO,
2662 1678 2785 1745 cui

664 1815 745 1871 tu
777 1814 850 1870 et
875 1821 1026 1868 rem
1053 1807 1126 1865 et
1150 1790 1409 1862 famam
1442 1802 1641 1860 tuam
1674 1784 2179 1857 commendare
2210 1782 2677 1881 proficiscens
2705 1798 2784 1854 et

664 1904 1096 1980 concredere
1128 1900 1443 1987 solebas;
1476 1901 1756 1971 conaris
1786 1896 1927 1966 hoc
1958 1893 2229 1995 dicere,
2263 1898 2628 1965 neminem
2664 1919 2790 1965 ex-

663 2021 963 2101 stitisse,
985 2014 1115 2109 qui
1148 2012 1533 2100 Quintium
1558 2006 1835 2103 judicio
1864 2003 2330 2076 defenderet?
2349 2047 2446 2058 -
2468 2005 2795 2075 Postula-

665 2127 836 2197 bam
857 2134 909 2211 ¹,
935 2122 1199 2216 inquit,
1231 2132 1315 2188 ut
1340 2116 1823 2188 satisdaretur.
1843 2116 2220 2210 —Injuria
2244 2113 2682 2211 postulabas.
2697 2157 2797 2168 -

668 2242 777 2307 Ita
790 2236 814 2329 j
824 2225 1679 2303 ubebare.—Recusabat
1689 2223 2184 2322 AlphenuS.—-
2196 2229 2327 2310 Ita;
2343 2247 2598 2293 verum
2611 2247 2801 2320 -prae-

674 2361 789 2417 tor
805 2335 1695 2413 decernebat.—Tribuni²
1716 2338 1935 2432 igitur
1954 2331 2800 2432 appellabantur.—-Hic‚

679 2472 775 2543 te,
798 2454 1072 2550 inquit,
1098 2466 1353 2536 teneo}
1383 2471 1532 2518 non
1562 2460 1670 2517 est
1697 2441 1933 2516 istud³
1956 2439 2313 2540 judicium
2340 2448 2487 2541 pati
2507 2498 2526 2532 ‚
2549 2469 2798 2542 neque

671 2564 946 2663 judicio
976 2558 1385 2646 defendere,
1411 2581 1643 2655 quum
1665 2555 2011 2626 auxilium
2029 2577 2072 2623 a
2100 2552 2442 2624 tribunis4
2470 2568 2799 2651 petas,—

750 2749 801 2798 6.
841 2744 1032 2795 Vadari
1051 2744 1145 2793 vis.
1170 2741 1333 2791 Vades
1356 2739 1418 2789 ab
1445 2756 1505 2788 eo
1536 2737 1697 2804 poscis

680 2825 883 2876 sistendi
926 2826 979 2872 in
1016 2822 1234 2885 judici03
1276 2819 1607 2868 vadimonium
1642 2829 1698 2866 tu

681 2909 757 2955 vis
784 2916 838 2953 ut
861 2903 1046 2951 subeat.

757 3000 805 3044 7.
844 2980 940 3044 Qui
956 2989 1135 3044 posset.
1171 2977 1299 3038 Qui,
1332 2992 1442 3040 quae
1474 2973 1697 3039 quotidie

680 3065 732 3111 in
761 3076 870 3108 eum
887 3060 1130 3119 jactantur
1155 3053 1404 3112 aNaevio‚
1443 3052 1698 3101 maledicta

684 3149 844 3206 potest
868 3137 1094 3201 perferre.

755 3209 940 3266 XXA.
968 3210 1295 3261 Postulabam.
1327 3208 1521 3272 Dialogi
1543 3209 1696 3256 forma

681 3301 808 3348 inter
849 3293 1069 3343 Naevium
1113 3301 1160 3339 et
1211 3290 1511 3338 Ciceronem.
1559 3288 1697 3334 Noev.

684 3376 910 3426 Petebam
939 3383 996 3419 nt
1015 3370 1264 3434 Alphenus
1290 3366 1560 3416 satisdaret.
1598 3366 1695 3414 Cic.

684 3457 804 3505 Nou
838 3451 1011 3499 merito
1046 3445 1342 3512 postulabas.
1381 3445 1519 3493 Noev.
1547 3443 1698 3507 Atqui

681 3532 881 3597 jubebat
911 3537 1106 3593 praetor.
1138 3523 1236 3571 Cic.
1261 3522 1593 3570 Nihilominus
1625 3539 1699 3570 re·

683 3608 880 3663 cusabat
901 3605 1168 3670 Alphenus.
1187 3603 1325 3649 Naev.
1356 3602 1429 3648 Ita
1455 3616 1569 3648 sane
1583 3634 1598 3659 ‚
1622 3617 1702 3648 ve·

683 3707 791 3742 mm
820 3685 1157 3753 pronuntiarat
1182 3691 1378 3747 praetor.
1401 3679 1503 3728 oie.
1531 3682 1700 3744 Itaque

682 3770 907 3821 tribunos
951 3764 1202 3828 Alphenus
1238 3759 1517 3825 appellavit.
1567 3759 1698 3806 Noev.

680 3852 778 3900 Hic
807 3859 856 3896 te
893 3856 1066 3899 teneo,
1103 3852 1199 3889 etc.
1229 3866 1300 3876 —
1329 3841 1463 3885 Loco
1486 3836 1700 3884 satisda-

680 3941 827 3980 ναίειν,
861 3920 1091 3986 jubebar-e
1119 3917 1254 3980 vulg.
1279 3938 1305 3956 κ
1320 3913 1571 3963 satisdaret
1586 3947 1601 3972 ‚
1626 3914 1701 3961 vi-

682 4008 857 4057 debnoe
875 4022 917 4048 n.

738 4101 802 4143 ,2.
828 4073 1044 4130 Tribuni.
1079 4072 1157 4122 Illi
1197 4070 1562 4134 magistratuum
1598 4085 1701 4117 om.

1783 2737 1918 2786 nium
1954 2734 2160 2786 decretis
2198 2735 2495 2785 intercedere
2541 2745 2771 2800 poterant
2787 2769 2805 2793 ‚

1782 2827 1894 2864 ante
1921 2815 2100 2863 Sullam
2116 2851 2131 2874 ‚
2155 2816 2240 2879 qui
2260 2815 2387 2863 hanc
2407 2814 2475 2862 eis
2499 2813 2804 2861 intercessio·

1781 2911 1892 2943 nem
1919 2894 2175 2943 ade-erat.

1853 2976 1907 3023 3.
1941 2975 2053 3021 Non
2099 2983 2173 3020 ese
2211 2970 2357 3020 istud.
2398 2970 2515 3019 Non
2559 2970 2629 3019 ita
2674 2970 2804 3020 male

1779 3050 1904 3100 illud
1936 3050 2161 3100 Ciceroni
2195 3048 2543 3111 objiciebam-3
2579 3049 2805 3098 tribunos

1784 3131 1913 3180 enim
1937 3129 2228 3194 appellando
2241 3162 2257 3188 ‚
2293 3128 2545 3192 Alphenus
2558 3127 2806 3192 judicimus

1783 3210 1934 3272 magis
1970 3223 2196 3255 recusare
2234 3223 2380 3270 quam
2408 3205 2601 3270 judicio
2634 3206 2807 3272 desem

1784 3288 1897 3336 dere
1929 3286 2199 3336 videbatur.
2232 3288 2342 3350 Ipsa
2375 3301 2492 3332 vero
2532 3286 2594 3333 de
2628 3286 2718 3333 hac
2754 3303 2810 3334 re

1781 3366 2034 3414 manifesta
2061 3373 2197 3411 erant
2216 3362 2365 3411 edicti
2391 3363 2553 3411 verba.
2590 3363 2808 3427 Ideoque

1783 3445 1837 3492 in
1861 3445 1955 3491 hoc
1978 3443 2158 3491 multus
2193 3452 2267 3489 est
2292 3452 2477 3502 orator,
2502 3452 2557 3489 ut
2578 3459 2606 3489 a
2631 3458 2810 3506 procu-

1784 3532 1943 3571 ratore
1975 3537 2078 3570 non
2118 3520 2178 3568 de
2202 3519 2422 3582 judicio,
2463 3519 2548 3568 sed
2576 3520 2637 3568 de
2667 3521 2812 3568 satis-

1787 3601 1985 3648 datione
2033 3609 2223 3646 tantum
2263 3598 2533 3664 appellatos
2579 3598 2811 3646 tribunos

1787 3677 2024 3727 ostendat.
2061 3677 2288 3725 Ceterum
2322 3692 2424 3725 nou
2459 3675 2514 3724 id
2542 3677 2664 3738 juris
2702 3687 2810 3724 erat

1785 3757 2033 3820 Alpheum,
2070 3756 2376 3818 procuratori
2403 3755 2619 3819 quippe,
2655 3766 2715 3802 ut
2738 3770 2815 3801 aa·

1787 3834 2096 3882 tisdatiouem
2126 3832 2405 3881 declinaret.
2434 3833 2561 3881 Vide
2599 3834 2778 3883 Gaium
2793 3865 2811 3892 ,

1786 3915 1877 3972 IV,
1903 3913 1970 3976 96
1990 3922 2039 3960 et
2055 3928 2144 3961 101
2156 3946 2172 3962 .

1861 3999 1909 4047 4.
1933 3993 1979 4039 A
2008 3990 2209 4039 tribunis
2223 4000 2382 4056 petas.
2401 3990 2459 4036 In
2482 3990 2577 4037 hoc
2597 4003 2716 4052 ergo
2731 4004 2814 4036 ac-

1790 4082 1985 4119 cusatur
2000 4070 2063 4118 ab
2075 4068 2339 4117 Hortensio
2358 4067 2639 4134 Alphenus,
2667 4067 2814 4133 quasi
