3044 4788
522 482 523 485 =
609 436 746 503 DE
796 435 1304 503 PRAETORE
1353 434 2111 504 PROVINCIALI.
2283 432 2420 531 519

295 556 441 618 roni
468 554 592 618 fuit
610 602 628 636 ,
663 555 735 619 P.
767 556 1015 619 Tettius
1033 586 1092 636 u,
1120 555 1316 620 alium
1343 554 1674 637 ordinem,
1708 577 1903 642 quam
1932 555 2384 619 libertinorum
2404 606 2421 633 ,

295 660 633 741 intellcn‘t‚
661 678 740 724 ut
765 660 847 725 ad
876 661 1057 726 hunc
1088 662 1308 726 locum
1341 661 1829 726 observavimus
1856 709 1873 743 ,
1931 662 1998 724 in
2038 661 2276 748 quibus
2295 708 2314 742 ,
2350 677 2425 725 ut

282 766 360 857 in
390 766 621 850 servis,
651 766 988 857 frugalitas
1011 766 1530 832 commendatur.

379 876 747 960 Antequam
804 873 1142 962 horologia
1204 875 1426 939 Romae
1490 889 1705 938 essent
1728 921 1746 956 ,
1807 893 2230 938 accensorum
2294 872 2424 935 hoc

290 978 483 1042 etiam
517 977 804 1043 officium
843 980 968 1043 fuit
987 1027 1007 1060 ,
1054 994 1128 1041 ut
1156 979 1512 1042 clamarent
1541 1002 1681 1043 esse
1706 980 1938 1045 horam
1970 979 2223 1044 tertiam
2247 1026 2265 1061 ,
2299 1001 2425 1042 me-

291 1083 516 1149 ridiem
538 1134 556 1167 ,
585 1102 649 1149 et
674 1108 939 1150 nonam.
967 1083 1172 1147 Varro
1206 1082 1288 1148 de
1315 1085 1498 1173 Ling.
1527 1086 1664 1149 Lat.
1693 1086 1804 1151 lib.
1822 1087 1902 1150 V.

376 1190 757 1257 Praeconum
788 1192 856 1253 in
885 1191 1137 1254 civitate
1169 1212 1325 1254 usus
1358 1192 1482 1254 fuit
1509 1191 1724 1255 varius
1742 1240 1761 1273 ,
1811 1208 1877 1255 et
1905 1192 2243 1279 multiplex
2274 1214 2289 1255 ε
2353 1192 2420 1254 in

288 1297 735 1377 auctionibus,
779 1312 853 1359 ut
880 1295 961 1360 ad
990 1296 1236 1360 hastam
1273 1313 1553 1380 starent,
1589 1313 1653 1361 et
1689 1298 1896 1385 pretia
1923 1298 2135 1362 oblata
2167 1298 2428 1362 nuntia-

289 1417 437 1464 rent
465 1424 482 1464 :
536 1401 602 1464 in
635 1401 1097 1481 concionibus,
1131 1417 1207 1464 ut
1232 1400 1629 1466 audientiam
1657 1403 1941 1465 facerent
1972 1425 1988 1465 ε
2044 1403 2111 1465 in
2146 1402 2424 1466 comitiis

290 1506 809 1596 magistratuum,
847 1524 924 1571 ut
967 1507 1179 1571 tribus
1217 1506 1300 1571 ad
1348 1508 1653 1597 suffragia
1697 1506 1982 1571 ineunda
1995 1507 2317 1589 citarent3
2359 1524 2424 1571 et

291 1634 433 1692 eos,
465 1614 581 1699 qui
619 1612 932 1703 designati
964 1630 1179 1695 erant,
1211 1613 1702 1677 renuntiarent:
1737 1613 1805 1675 in
1838 1611 2098 1693 judiciis
2147 1628 2213 1679 et
2245 1637 2426 1701 quoe-

290 1718 643 1799 stionibus,
677 1735 752 1782 ut
781 1717 1032 1798 judices
1054 1767 1072 1798 ,
1101 1741 1246 1782 reos
1267 1766 1285 1801 ,
1318 1734 1758 1801 accusatores,
1791 1717 2165 1793 defensores
2184 1766 2201 1800 ,
2231 1735 2426 1784 testes

290 1824 561 1892 citarent
586 1847 602 1889 z
632 1826 698 1887 in
734 1824 1061 1913 suppliciis
1080 1873 1098 1906 ,
1128 1841 1204 1888 ut
1239 1847 1496 1890 causam
1530 1825 1968 1889 damnationis
1997 1823 2332 1889 dicerent&
2357 1826 2423 1888 in

288 1929 660 2010 funeribus,
699 1945 775 1993 ut
802 1928 887 1993 ad
920 1931 1255 2017 exsequias
1286 1946 1652 1995 evocarent.

375 2035 641 2100 Liberos
693 2036 892 2101 fuisse
945 2058 1276 2125 praecones
1324 2038 1621 2124 exemplo
1671 2036 1753 2100 sit
1797 2034 2060 2101 Naevius
2124 2034 2265 2115 ille,
2316 2037 2424 2098 cui

287 2163 529 2228 «quum
576 2157 804 2205 natura
853 2141 1014 2205 nihil
1069 2143 1298 2206 melius
1357 2164 1554 2230 quam
1608 2164 1833 2205 vocem
1882 2139 2196 2221 dedisset,
2241 2156 2426 2228 pater

289 2246 448 2315 nihil
481 2262 712 2334 praeter
737 2246 1098 2311 libertatem
1130 2247 1527 2335 reliquisset,
1558 2268 1785 2311 vocem
1812 2246 1881 2308 in
1915 2260 2237 2333 quaestum
2272 2267 2426 2309 con·

288 2352 472 2433 tulit,
518 2369 682 2417 etc.»
721 2352 979 2437 Quibus
1011 2368 1229 2417 tamen
1259 2354 1471 2418 verbis
1500 2375 1651 2419 eum
1679 2350 1963 2420 libertini
1988 2351 2196 2416 filium
2230 2352 2427 2416 fuisse

289 2458 514 2522 Cicero
551 2458 711 2522 mihi
752 2459 943 2522 tacite
974 2458 1234 2526 videtur
1259 2460 1576 2534 indicare,
1612 2481 1733 2547 pro
1768 2458 1996 2541 Quint.
2026 2481 2165 2546 cap.
2189 2457 2250 2522 3.

378 2564 710 2630 Praecones
745 2585 781 2625 a
823 2566 1203 2629 consulibus
1248 2588 1326 2629 ex
1371 2565 1622 2630 civibus
1664 2563 1951 2628 romanis
2000 2563 2422 2652 legebantur:

290 2691 520 2733 eorum
559 2669 778 2732 multae
811 2685 992 2733 erant
1029 2668 1325 2736 decuriae.

376 2774 662 2838 Lictores
691 2774 917 2837 Festus
946 2772 1152 2840 dictos
1176 2791 1363 2864 putat
1384 2823 1402 2857 ,
1443 2774 1625 2863 quod
1669 2775 1872 2837 fasces
1905 2774 2230 2862 virgarum
2265 2774 2423 2864 liga-

290 2899 393 2946 tos
428 2867 716 2944 ferrent:
772 2880 938 2943 male
969 2903 985 2943 ε
1043 2904 1080 2945 a
1105 2881 1380 2972 ligandis
1413 2882 1540 2945 reis
1576 2902 1812 2945 nomen
1847 2880 2239 2944 habuerunt.
2264 2880 2424 2944 1110-

286 2987 651 3076 rumorigo
692 3010 731 3050 a
761 2985 1086 3067 Romu103
1140 2988 1509 3076 exemplum
1546 2988 1628 3050 ab
1671 2986 1956 3050 Etruscis
1987 2986 2143 3067 fuit,
2181 2985 2315 3049 Liv.
2357 2988 2421 3062 Ι,

286 3116 423 3182 oep.
456 3091 516 3158 8.
545 3094 839 3156 Fuerunt
869 3092 1073 3156 liberi.
1104 3093 1526 3182 Eligebantur
1556 3094 1945 3182 plerumque
1982 3113 2061 3156 ex
2087 3092 2225 3155 ima
2265 3092 2424 3173 Qui·

284 3201 505 3264 ritium
542 3200 751 3289 plebe.
791 3197 1011 3281 Idem,
1050 3200 1148 3281 11,
1198 3199 1302 3264 55.
1350 3199 1478 3264 Sed
1514 3216 1683 3290 togae
1711 3198 1816 3279 jus
1853 3198 1975 3262 illis
2008 3198 2165 3279 fuit3
2222 3213 2420 3284 atque

289 3304 435 3370 ideo
468 3306 636 3370 cives
672 3308 960 3371 fuerunt.
996 3308 1073 3370 In
1096 3306 1311 3370 Pison.
1331 3328 1469 3395 cap.
1502 3306 1609 3372 23.

374 3411 732 3475 Lictoribus
788 3412 890 3476 usi
945 3429 1099 3476 sunt
1149 3411 1493 3476 dictatores
1514 3458 1533 3492 ,
1586 3411 1886 3475 consules
1901 3459 1919 3492 ,
1967 3424 2273 3497 praetores
2293 3457 2311 3490 ,
2358 3427 2425 3473 et

290 3516 686 3604 quicumque
737 3519 1148 3607 magistratus
1199 3533 1623 3607 potestatem,
1674 3533 1740 3580 et
1788 3516 2133 3604 imperium
2173 3514 2421 3582 habue-

289 3637 464 3684 runt.
496 3623 664 3687 Nam
712 3624 1066 3689 viatoribus
1121 3640 1378 3689 tantum
1423 3624 1776 3688 utebantur
1803 3622 1898 3703 >ii,
1952 3644 2236 3709 quorum
2286 3623 2422 3687 sola

288 3742 572 3815 potestas
608 3744 773 3810 erat,
826 3730 965 3793 sine
1000 3730 1296 3818 imperio.
1339 3729 1707 3794 Lictoribus
1736 3728 1967 3817 viginti
2007 3744 2291 3815 quatuor
2321 3725 2421 3790 di-

289 3848 531 3897 ctator:
590 3832 968 3917 duodecim,
1017 3835 1247 3900 consul
1292 3857 1490 3924 penes
1529 3858 1725 3923 quem
1767 3849 1951 3901 erant
1985 3836 2225 3918 fasees3
2263 3835 2421 3897 alter

286 3962 444 4004 vero
474 3939 732 4003 duobus
761 3963 775 4003 ε
820 3964 928 4004 sex
943 3990 961 4023 ,
995 3957 1232 4030 praetor
1255 3942 1578 4006 utebatur.

375 4046 708 4111 Lictorum
760 4071 1001 4111 munus
1047 4064 1182 4112 erat
1231 4049 1482 4137 triplex.
1541 4050 1731 4113 Ibant
1777 4063 1926 4112 ante
1971 4047 2414 4134 magistratum

292 4177 425 4218 non
453 4154 914 4245 gregatim,aut
937 4171 1176 4220 temere
1194 4206 1211 4238 ,
1237 4156 1352 4221 sed
1375 4155 1643 4244 singuli,
1676 4153 1928 4233 ordine,
1956 4153 2043 4216 ita
2077 4167 2152 4215 ut
2180 4153 2415 4215 lineam
