3044 4788
691 402 796 471 IN
845 399 1276 469 VERREM
1316 398 1527 466 ACT.
1574 402 1693 483 ΙΙ,
1741 404 1931 469 LIB.
1986 406 2038 470 Ι.
2285 402 2414 475 321

300 540 377 596 et
414 520 676 593 tabulis
719 521 927 618 pictis
969 532 1172 590 erant
1206 541 1466 588 vacuoe.
1512 523 1607 589 At
1646 544 1813 591 vero
1859 521 2116 592 urbem
2161 537 2425 615 totam,

304 632 570 731 templa
601 630 903 701 deorum
929 684 947 717 ,
981 652 1377 724 omnesque
1413 626 1626 697 ltaliae
1656 643 1925 724 partes,
1967 631 2255 702 illorum
2292 635 2424 705 ‹lo-

303 748 416 815 nis
465 768 546 814 ac
599 740 1090 811 monumentis
1133 750 1509 808 exornatas
1557 737 1954 809 videmus².
1989 745 2286 828 Vereor,
2329 771 2423 816 ne

302 854 454 923 haec
496 851 682 922 forte
719 851 1053 946 cuiquam
1093 849 1304 918 nimis
1341 851 1641 944 antiqua
1675 863 1747 919 et
1773 849 1924 943 jam
1962 849 2284 923 obsoleta
2323 858 2425 924 vi-

302 964 650 1034 deantur:
684 964 782 1030 ita
807 962 1000 1029 enim
1029 972 1187 1027 tum
1213 955 1660 1052 aequabiliter
1684 982 1935 1029 omnes
1958 975 2160 1030 erant
2187 961 2428 1057 hujus·

300 1068 572 1155 modi³‚
610 1084 691 1139 ut
721 1069 871 1139 haec
902 1067 1053 1138 laus
1087 1067 1358 1138 eximiae
1392 1067 1677 1136 virtutis
1697 1081 1770 1138 et
1797 1069 2253 1156 innocentiae,
2276 1097 2426 1143 non

301 1184 541 1254 solum
560 1180 974 1262 hominum,
1009 1200 1265 1246 verum
1285 1176 1499 1244 etiam
1527 1189 1932 1271 temporum
1958 1177 2246 1248 illorum
2273 1206 2425 1252 esse

302 1291 647 1362 videatur.
669 1293 740 1359 P.
765 1286 1167 1372 Servilius4,
1197 1287 1307 1353 vir
1347 1283 1809 1372 clarissimus,
1844 1289 2173 1360 maximis
2209 1289 2427 1362 rebus

305 1404 545 1498 gestiS,
576 1399 814 1486 adest;
839 1396 929 1466 de
961 1411 1032 1465 te
1064 1394 1490 1466 sententiam
1520 1392 1794 1465 laturus
1813 1411 1950 1465 est:
1990 1397 2429 1495 Olympum⁵

305 1511 403 1596 vi,
427 1509 686 1621 copiis,
718 1505 1049 1588 consiliO,
1075 1505 1340 1573 virtute
1373 1504 1565 1600 cepit
1586 1558 1605 1590 ,
1643 1503 1905 1575 urbem
1927 1509 2332 1604 antiquam,
2360 1528 2434 1584 et

308 1617 648 1689 omnibus
684 1615 898 1686 rebus
934 1628 1213 1685 auctam
1241 1627 1310 1684 et
1338 1626 1683 1687 ornatam.
1715 1618 1991 1686 Recens
2017 1620 2429 1717 exemplum

309 1728 670 1799 fortissimi
700 1727 833 1796 viri
872 1723 1160 1822 profero
1191 1753 1205 1794 :
1243 1748 1416 1793 nam
1459 1739 1706 1820 postea
1738 1727 2079 1797 Servilius
2119 1729 2432 1827 impera-

308 1854 425 1908 tor
464 1836 713 1935 populi
746 1836 1028 1905 romani
1060 1832 1489 1929 Olympum,
1527 1832 1785 1904 urbem
1815 1834 2172 1924 hostium,
2212 1844 2434 1937 cepit,

308 1974 526 2045 quam
563 1961 641 2017 tu
683 1948 757 2016 in
785 1944 1035 2015 iisdem
1061 1942 1238 2013 locis
1268 1942 1543 2037 legatus
1571 1945 1995 2039 quaestorius
2022 1947 2290 2042 oppida
2315 1974 2437 2046 pa-

304 2073 459 2130 cata
491 2060 858 2129 sociorum
882 2068 1100 2149 atque
1141 2054 1539 2122 amicorum
1567 2052 1969 2147 diripienda
2002 2078 2082 2124 ac
2115 2059 2435 2129 vexanda

303 2168 591 2238 curasti.
630 2170 779 2248 Tu,
809 2189 971 2258 quae
998 2189 1085 2233 ex
1115 2160 1295 2231 fanis
1335 2161 1883 2257 religiosissimis
1924 2187 2054 2258 per
2096 2165 2327 2237 scelus
2365 2184 2437 2239 et

304 2278 765 2348 latrocinium
797 2272 1188 2355 abstulisti,
1224 2295 1306 2341 ea
1339 2295 1470 2339 nos
1497 2270 1770 2355 videre,
1803 2274 1940 2342 nisi
1968 2274 2044 2342 in
2082 2276 2223 2344 tuis
2258 2282 2437 2347 ami-

303 2411 708 2482 corumque
735 2398 1028 2453 tuorum
1057 2381 1294 2468 tectiS,
1327 2406 1478 2450 non
1512 2405 1932 2477 possumus:
1962 2386 2036 2453 P.
2058 2386 2435 2474 ServiliuS‚

306 2523 470 2595 quae
515 2498 716 2590 signa
758 2506 974 2588 atque
1015 2504 1436 2561 ornamenta
1474 2515 1564 2561 ex
1618 2489 1800 2561 urbe
1845 2491 2200 2581 hostium,
2243 2501 2313 2565 vi
2365 2514 2438 2568 et

381 2785 431 2818 α.
460 2767 705 2815 Videmus.
733 2767 791 2811 In
812 2762 1024 2809 eamdem
1045 2761 1329 2810 seutentiam
1417 2759 1503 2807 sed
1529 2760 1665 2822 qnod
1693 2759 1814 2807 nihil
1843 2759 1935 2807 sibi
1964 2760 2192 2823 privatim
2221 2778 2441 2812 asserva-

309 2849 429 2898 Sall.
451 2845 737 2901 Catil.xn‚
767 2844 794 2890 3
812 2858 824 2891 ε
845 2841 958 2887 «llli
978 2839 1151 2904 (nostri
1176 2842 1327 2900 majo-

309 2932 409 2992 res)
440 2924 640 2973 delubra
681 2922 883 2969 deorum
920 2919 1126 2982 pietate,
1152 2918 1328 2966 domos

308 3024 399 3055 sua
439 3005 591 3068 gloria
625 3000 945 3055 decorabant;
981 3013 1138 3059 neque
1186 2997 1328 3045 victis

306 3085 603 3150 quidquam,
638 3091 813 3144 praeter
837 3079 1028 3140 iujuriae
1054 3076 1295 3123 licentiam
1312 3111 1327 3134 ,

307 3163 649 3227 eripiebant-23
691 3171 740 3207 et
780 3158 949 3223 paullo
988 3155 1112 3203 infra
1158 3155 1217 3203 de
1252 3156 1328 3203 his

310 3239 668 3306 praedatoribus
682 3275 699 3300 ‚
735 3238 876 3284 Verri
918 3234 1196 3291 simillimis,
1247 3234 1327 3282 lo·

306 3321 499 3385 'qneusz
526 3342 552 3360 ι-
568 3318 632 3366 ui
651 3327 820 3364 eontra
835 3314 1149 3380 ignavissumi
1173 3314 1331 3361 homi·

311 3415 400 3446 nes
452 3415 540 3462 per
580 3411 817 3444 summum
859 3395 1015 3442 scelus
1066 3392 1228 3440 omnis
1273 3407 1328 3438 en

311 3478 462 3526 sociis
505 3475 722 3523 ademere
741 3512 756 3536 ,
800 3491 907 3537 quae
949 3471 1197 3521 fortissimi
1236 3469 1326 3517 viri

312 3557 523 3604 victores
540 3554 855 3617 reliquerant3
876 3551 1081 3616 proinde
1100 3548 1236 3613 quasi
1255 3548 1329 3594 in·-

306 3636 486 3696 juriam
515 3634 698 3694 facere,
724 3632 774 3679 id
805 3632 1001 3680 demum
1026 3638 1149 3677 esset
1176 3627 1328 3690 impe·

314 3714 390 3761 rio
410 3714 484 3761 uti
495 3736 535 3761 n.

388 3794 438 3840 3.
459 3790 764 3854 Hujusmodi.
790 3789 1103 3838 Abstinentes
1125 3796 1174 3832 et
1192 3785 1328 3831 boni.

314 3872 599 3921 Notandum
616 3871 750 3917 illam
775 3868 853 3915 his
880 3865 1087 3913 ducibus
1111 3864 1331 3911 «eximiae

314 3952 510 3998 virtutis
553 3949 744 3997 laudem
768 3968 789 3989 ι
834 3945 1007 3999 tribui,
1059 3958 1162 3989 uon
1197 3941 1333 4005 quod

318 4030 557 4077 victorum
585 4026 878 4074 ornamentis
904 4032 1171 4085 parcerent,
1185 4036 1333 4082 quum

316 4124 370 4153 ea
413 4108 640 4172 pleraque
669 4107 887 4162 ,Romam
921 4110 1333 4162 transportarent,

512 4199 571 4260 l,
626 4209 711 4251 Cic.
738 4220 847 4264 pars
878 4200 1089 4245 secunda.

1414 2850 1553 2896 rent,
1579 2839 1672 2885 nisi
1700 2838 1920 2901 quaedam
1949 2840 2152 2886 minoris
2188 2842 2353 2903 pretii,
2383 2854 2437 2892 ut

1416 2933 1565 2978 arma,
1586 2934 1772 2974 currus,
1800 2918 1967 2964 domui
1987 2919 2234 2967 ornandae.

1490 3005 1542 3051 4.
1586 2998 1641 3043 Ρ.
1667 2995 1906 3042 Servilius.
1939 2996 2123 3044 Consul
2152 3014 2283 3046 anuo
2308 3001 2409 3060 674
2426 3039 2439 3060 ,

1416 3092 1481 3122 ex
1493 3074 1746 3121 consulatu
1759 3074 2058 3137 provinciam
2075 3076 2290 3125 Ciliciam
2303 3081 2437 3142 quin-

1416 3153 1633 3216 quenuio
1653 3162 1700 3198 et
1720 3152 1900 3202 bellum
1920 3153 2175 3216 piraticum
2200 3156 2434 3208 obtinuit.

1417 3233 1494 3279 Ex
1527 3232 1587 3278 iis
1626 3230 1945 3295 triumphavit
1970 3247 2101 3277 suno
2124 3234 2255 3295 679,
2288 3246 2436 3298 atque

1418 3310 1483 3357 ob
1518 3313 1746 3369 lum-on,
1792 3326 1949 3357 arcem
1992 3310 2205 3367 Ciliciae,
2245 3325 2434 3376 captam

1415 3387 1665 3436 Isauricus
1691 3399 1764 3436 est
1782 3389 2168 3451 cognominatus.
2191 3390 2320 3438 Flor.
2333 3395 2409 3440 111
2426 3427 2441 3451 ,

1416 3469 1467 3517 6.
1491 3463 1652 3515 Sti-ab.
1679 3469 1818 3514 XIV.

1488 3547 1538 3592 5.
1561 3545 1826 3608 Olympum.
1848 3547 1906 3592 Iu
1932 3546 2112 3594 vertice
2135 3548 2282 3595 Tauri
2305 3565 2439 3597 mon·

1416 3625 1503 3682 tis,
1542 3626 1608 3671 ait
1649 3625 1854 3684 Strabo,
1893 3627 2033 3683 nv,
2074 3626 2318 3691 Olympus
2364 3642 2438 3677 est

1417 3703 1631 3751 Zeniceti
1661 3703 1830 3766 piratae
1860 3703 2014 3751 sedes.
2052 3706 2203 3752 Mons
2237 3707 2352 3754 item
2389 3720 2440 3755 et

1418 3799 1507 3829 arx
1532 3783 1702 3830 eodem
1735 3783 1964 3830 nomine:
1999 3783 2130 3831 unde
2158 3785 2307 3848 Lycia
2334 3802 2440 3833 om-

1419 3861 1525 3918 nis,
1549 3872 1597 3909 et
1617 3861 1897 3926 Pamphylia
1914 3862 2190 3926 Pisidisque
2210 3865 2440 3913 cernitur.

1422 3943 1578 4004 Quem
1606 3952 1820 3989 montem
1845 3957 1997 4005 quum
2020 3943 2260 3989 Isauricus
2289 3944 2442 4006 cepis·

1423 4033 1520 4079 set,
1569 4036 1670 4067 sese
1717 4019 1800 4068 ille
1859 4037 1971 4069 cum
2023 4020 2245 4068 universa
2295 4021 2444 4067 domo

1424 4100 1623 4149 exussit.

2116 4206 2196 4248 21
