3044 4788
698 413 1096 482 ORATIO
1145 415 1346 484 PRO
1396 416 1461 483 S.
1511 405 1927 490 ROSCIO.
2246 422 2377 494 125

240 531 726 606 mentioribus
747 587 769 620 ,
797 548 924 605 aut
961 532 1453 606 immoderatis
1487 540 2034 635 tempestatibus
2056 596 2075 630 ‚
2119 560 2246 617 aut
2274 551 2383 617 ni·

240 649 396 714 mio
417 643 656 713 calore
678 696 700 729 ,
728 656 858 712 aut
881 641 1313 713 intolerabili
1346 643 1611 741 frigore
1639 646 2060 722 hominibus
2092 659 2379 745 nocuit,

237 753 458 824 urbes
489 752 797 837 delevit,
824 749 1062 848 fruges
1089 751 1781 852 perdidit3quorun1
1814 758 1996 830 nihil
2029 767 2375 860 perniciei

237 887 452 934 causa
507 862 759 933 divino
806 861 1148 950 consilio,
1203 861 1330 933 sed
1374 866 1442 933 vi
1485 861 1715 961 ipsa⁶,
1760 882 1833 937 et
1881 871 2380 966 magnitudine

237 998 520 1059 rerum,
553 971 821 1042 factum
853 985 1231 1068 putamus,
1258 987 1332 1043 at
1367 961 1644 1063 contra,
1673 978 2076 1069 commoda,
2105 982 2379 1078 quibus

236 1087 545 1169 utimur,
579 1082 999 1177 lucemque,
1045 1105 1190 1177 qua
1221 1079 1554 1171 fruimur,
1586 1088 2070 1185 spiritumque
2092 1144 2112 1177 ,
2157 1117 2379 1189 quem

237 1192 618 1279 ducimus,
656 1190 749 1261 ab
782 1215 870 1262 eo
906 1189 1120 1261 nobis
1153 1189 1302 1261 dari
1342 1207 1565 1290 atque
1605 1196 1955 1291 impertiri
1994 1197 2371 1273 videmus:

238 1303 418 1399 quid
463 1306 839 1388 miramur,
887 1307 966 1372 L.
1012 1301 1320 1389 Sullam,
1351 1327 1584 1399 quum
1622 1303 1818 1374 solus
1849 1307 2372 1405 rempublicam

243 1427 559 1509 regeret,
606 1409 1006 1507 orbemque
1042 1425 1392 1482 terrarum
1425 1411 1902 1508 gubernaret,
1946 1418 2376 1518 imperiique

247 1523 688 1617 majestatem
711 1574 730 1608 ,
756 1544 976 1617 quam
1009 1524 1224 1592 armis
1251 1538 1652 1620 receperat,
1686 1523 1965 1621 legibus
1998 1528 2377 1603 confirma-

252 1646 401 1717 ret,
442 1632 674 1728 aliqua
706 1630 1274 1702 animadvertere
1307 1657 1457 1702 non
1492 1635 1852 1730 potuisse?
1893 1638 2028 1706 nisi
2063 1636 2206 1710 hoc
2242 1645 2373 1712 mi·

253 1765 415 1811 rum
453 1755 603 1828 est,
651 1739 853 1839 quod
902 1743 1009 1834 vis
1053 1739 1295 1810 divina
1333 1745 1618 1839 assequi
1670 1767 1821 1813 non
1857 1748 2126 1841 possit,
2183 1751 2241 1818 si
2292 1749 2367 1820 id

252 1875 452 1921 mens
489 1850 804 1922 humana
837 1849 1096 1948 adepta
1133 1874 1285 1921 non
1320 1854 1430 1923 sit.

340 1965 652 2049 Verum,
693 1974 777 2031 ut
812 1959 964 2031 haec
997 1964 1208 2031 missa
1239 1959 1526 2051 faciam,
1562 1987 1724 2059 quae
1749 1965 1898 2060 jam
1931 1964 2118 2039 facta»
2156 1986 2372 2060 sunt3

246 2094 330 2139 ex
370 2073 493 2156 iis,
543 2095 705 2167 quae
732 2095 932 2141 nunc
963 2073 1266 2143 maxime
1297 2070 1519 2156 fiunt,
1566 2097 1814 2148 nonne
1851 2080 2088 2172 quivis
2125 2094 2367 2177 potest

245 2179 642 2275 intelligere
663 2233 684 2268 ,
745 2182 1072 2250 omnium
1129 2180 1604 2253 architectum
1670 2198 1742 2254 et
1800 2187 2367 2262 machinatorem

244 2312 470 2357 unum
505 2314 664 2360 esse
696 2288 1285 2387 Chrysogonum,
1316 2296 1441 2388 qui
1479 2295 1637 2365 Sex.
1670 2299 1908 2367 Roscii
1945 2323 2213 2370 nomen
2249 2300 2370 2373 de-

242 2393 623 2469 ferendum
667 2401 982 2471 curavit?
1037 2407 1192 2472 Hoc
1238 2401 1714 2498 judicium7...
1760 2407 1966 2503 cujus
2011 2408 2364 2489 honoris⁸

245 2531 452 2578 causa
487 2533 826 2580 accusare
856 2535 932 2582 se
964 2511 1146 2582 dixit
1173 2515 1569 2587 Eruciusffl.

341 2623 586 2691 XLVI.
618 2623 949 2714 (Desunt
980 2646 1128 2692 non
1154 2626 1489 2720 pauca.)

341 2784 460 2800 .....
482 2741 503 2774 ¹
542 2733 800 2828 Aptam
833 2746 908 2802 et
952 2734 1228 2803 ratione
1256 2731 1676 2830 dispositam
1707 2758 1784 2806 se
1818 2734 2086 2808 habere
2130 2743 2369 2813 existi·

247 2855 479 2927 mant,
519 2844 648 2938 qui
681 2844 757 2911 in
792 2842 1207 2932 Salentinis,
1237 2857 1365 2914 aut
1394 2846 1469 2913 in
1503 2847 1799 2916 Bruttiis
1829 2844 2137 2936 habent,
2169 2851 2366 2925 unde

1413 3031 1599 3079 val.
1650 3046 1697 3080 1.
1739 3032 2056 3081 Desideratur
2105 3044 2239 3084 totns
2281 3038 2368 3088 ille

1345 3110 1504 3167 locus,
1528 3112 1579 3156 in
1601 3126 1702 3173 qno
1731 3112 2019 3160 ostendebat
2043 3127 2208 3163 orator
2233 3117 2365 3166 bona

245 3028 420 3086 tentia,
444 3045 546 3077 non
572 3030 734 3081 omnin
769 3041 929 3079 tamen
962 3030 1087 3079 mala
1121 3046 1257 3078 aver·

249 3109 350 3156 tit:
397 3094 753 3158 multominus
798 3110 947 3160 Sulla.
997 3109 1255 3174 Magnifica

245 3190 570 3253 comparatio,
611 3200 662 3238 et
711 3188 777 3237 ad
824 3188 1070 3237 vitandam
1114 3189 1258 3239 Sulla

244 3267 359 3315 iram
385 3268 658 3332 aptissima!

310 3348 364 3395 6.
403 3346 471 3393 Vi
501 3347 626 3410 13psa.
654 3349 721 3395 vi
755 3362 926 3411 magna
964 3357 1173 3409 naturae,
1210 3358 1260 3395 et

243 3438 431 3475 εἰει-ηε
455 3427 577 3491 legis
599 3437 683 3474 eut
710 3427 796 3474 fati
821 3427 1027 3491 imperio
1045 3460 1059 3484 ,
1086 3427 1167 3474 cni
1190 3426 1259 3474 dii

244 3504 331 3567 ipsi
377 3517 521 3554 erant
561 3504 783 3554 obnoxii.
837 3505 960 3554 Vid.
1004 3505 1066 3553 de
1112 3505 1255 3555 offic.

243 3583 342 3644 111,
373 3586 463 3632 28.

310 3679 358 3724 7.
388 3661 660 3711 Iudicium.
683 3664 889 3712 Manena
915 3661 1086 3722 locus,
1118 3662 1255 3725 cuins

242 3751 396 3791 umen
427 3742 514 3789 hic
552 3757 719 3789 sensns
753 3757 854 3789 ene
876 3740 1097 3791 videtur:
1125 3764 1148 3783 ι
1168 3747 1255 3807 qni

241 3818 330 3868 boc
351 3820 597 3882 judicium
620 3831 780 3868 totum
799 3819 1028 3868 conflavit
1045 3842 1093 3870 ι.

306 3901 357 3947 8.
377 3899 608 3947 Honoris.
631 3900 785 3960 cajus
805 3899 1027 3949 mercede
1051 3901 1256 3949 Erucius

242 3977 502 4026 adductum
527 3995 630 4026 esse
655 3995 706 4026 se
737 3995 838 4027 eene
871 3979 996 4027 dixit
1030 3979 1094 4027 ad
1119 3996 1257 4030 aecn-

243 4058 458 4105 undum.
509 4059 682 4105 Honor
724 4074 818 4122 pro
869 4060 1257 4109 remuneratione

244 4134 291 4193 h.
307 4137 339 4183 1.
361 4136 628 4202 accipitur,
653 4148 708 4186 nt
726 4154 871 4202 supra
893 4154 937 4185 e.
957 4139 1044 4200 37.

1344 3189 1393 3235 S.
1415 3188 1582 3236 Roscii
1607 3204 1764 3252 neque
1780 3190 1944 3238 venire
1964 3193 2367 3259 potuisee,nequo

1345 3267 1571 3314 venisse:
1615 3266 1791 3317 deiude
1818 3268 2211 3333 amplificationi,
2233 3275 2368 3337 prin-

1347 3346 1547 3410 cipium,
1567 3362 1663 3409 qna
1682 3347 2061 3416 Chrysogonum
2083 3351 2366 3412 insectatur,

1345 3435 1401 3472 ut
1448 3427 1667 3472 omnium
1716 3425 1862 3474 Suum
1910 3426 2199 3476 libertorum
2244 3447 2368 3496 opn-

1345 3504 1663 3553 lentinimnm
1688 3520 1745 3553 ec
1772 3507 2190 3569 potentissimnm3
2220 3527 2364 3574 quem

1345 3599 1457 3632 cnm
1504 3583 1676 3631 ceteris
1736 3583 1922 3632 liberti·
1966 3598 2239 3651 comparat,
2279 3591 2367 3654 qni

1343 3673 1484 3710 autea
1501 3677 1700 3726 qnoque
1726 3664 2039 3726 egentissimi,
2056 3681 2157 3714 non
2178 3668 2365 3717 medio-

1343 3756 1446 3789 cres
1469 3740 1541 3788 rei
1566 3741 1815 3790 familiaris
1842 3743 2012 3807 copiae
2034 3757 2233 3808 repente
2250 3734 2369 3795 eon-

1342 3820 1537 3884 eeqnnti
1570 3832 1700 3869 sunt.
1728 3821 1824 3869 Sed
1851 3822 1972 3885 quid
2004 3822 2067 3870 ed
2088 3825 2367 3892 Chrysogo-

1344 3915 1457 3947 num
1474 3900 1497 3947 Ρ
1545 3899 1597 3946 hi
1639 3916 1805 3948 secum
1857 3900 1980 3948 bene
2022 3912 2181 3950 netum
2222 3923 2367 3969 seque

1345 3979 1548 4028 omnino
1572 3979 1733 4029 felices
1759 3976 2074 4041 arbitrantur,
2091 3983 2130 4030 si
2152 3984 2291 4032 villas
2310 3986 2367 4032 in

1343 4070 1562 4107 extremo
1612 4059 1765 4107 Italiae
1817 4059 1999 4124 angulo
2052 4074 2259 4112 remotas
2307 4077 2364 4110 ae

1345 4138 1507 4188 deviae
1539 4137 1748 4188 habeant
1764 4172 1781 4197 ,
1804 4138 1886 4188 ille
1913 4154 2052 4200 vero,
2075 4150 2167 4189 etc.
