3044 4788
632 377 764 448 136
838 381 936 449 M.
970 381 1046 447 T.
1087 379 1380 449 CICER.
1417 377 1762 447 ORATIO
1811 379 1991 446 PRO
2042 379 2129 449 S:
2162 376 2526 448 ROSCIO.

615 501 809 573 blico
857 498 1192 572 consilio³
1233 499 1504 572 factum
1535 499 1923 571 videretur.
1968 504 2169 570 Hanc
2214 523 2613 596 vero,quae
2660 500 2752 570 ad

615 636 870 683 eorum
893 609 1161 708 liberos
1180 625 1402 707 atque
1431 607 1818 680 infantium
1842 612 2279 707 puerorum⁴
2310 609 2757 680 incunabula

614 722 1096 820 pertinet,nisi
1112 718 1255 790 hoc
1266 718 1544 815 judicio
1564 743 1607 790 a
1620 718 1829 791 vobis
1851 722 2144 816 rejicitis
2158 734 2231 790 et
2242 723 2756 818 aspernamini,

617 829 884 915 videte,
910 853 1042 926 per
1063 827 1239 899 deos
1261 831 1726 917 immortales»,
1750 853 1970 927 quem
1995 829 2333 900 inlocum
2358 829 2759 927 rempubli-

618 964 776 1011 cam
816 952 1326 1036 perventuram
1368 943 1659 1038 putetis.
1703 941 2049 1011 Homines
2080 942 2474 1036 sapientes,
2518 952 2594 1010 et
2619 940 2753 1020 ista

613 1050 1042 1120 auctoritate
1070 1061 1145 1118 et
1163 1047 1517 1146 potestate
1542 1048 1915 1148 praeditos,
1936 1071 2084 1145 qua
2104 1073 2234 1119 vos
2261 1050 2455 1136 estiS,
2480 1072 2568 1118 ex
2593 1052 2756 1144 qui-

616 1157 759 1229 bus
812 1155 1032 1229 rebus
1080 1161 1392 1233 maxime
1456 1159 1863 1259 respublica
1924 1158 2240 1245 laborat,
2295 1161 2383 1229 iis
2444 1160 2757 1229 maxime

622 1267 895 1339 mederi
948 1272 1312 1356 convenit.
1360 1275 1700 1344 Vestrum
1741 1293 1960 1340 nemo
2006 1283 2156 1356 est,
2187 1271 2367 1365 quin
2406 1268 2762 1365 intelligat

623 1378 983 1477 populum
1001 1382 1546 1476 romanum,qui
1567 1378 1942 1476 quondam
1963 1381 2037 1448 in
2053 1373 2333 1448 hostes⁵
2351 1378 2761 1462 lenissimus

623 1488 1210 1578 existimabatur,
1275 1490 1419 1560 hoc
1482 1504 1809 1588 tempore
1882 1488 2277 1560 domestica
2342 1487 2761 1559 crudelitate

624 1599 972 1671 laborare.
1019 1606 1219 1670 Hanc
1265 1599 1491 1670 tollite
1525 1624 1612 1670 ex
1645 1603 1930 1671 civitat'e
1954 1653 1975 1686 ‚
2017 1597 2342 1694 judices;
2388 1596 2580 1668 hanc
2615 1601 2761 1695 pati

626 1710 852 1780 nolite
880 1707 1154 1780 diutius
1180 1713 1256 1779 in
1285 1707 1422 1779 hac
1448 1706 1822 1806 republica
1843 1711 2143 1779 versari:
2173 1733 2336 1805 quae
2364 1732 2515 1778 non
2543 1706 2763 1779 modo

626 1818 700 1889 id
726 1818 946 1890 habet
968 1822 1043 1889 in
1066 1844 1141 1889 se
1170 1819 1374 1906 mali,
1399 1817 1605 1915 quod
1627 1832 1734 1888 tot
1763 1821 1953 1889 cives
1978 1819 2421 1896 atrocissime
2450 1817 2765 1904 sustulit,

623 1935 878 2000 verum
935 1931 1149 1998 etiam
1180 1927 1604 1999 hominibus
1648 1917 2030 1998 lenissimis
2060 1925 2333 2014 ademit
2362 1929 2764 1998 misericor·

625 2038 821 2109 diam
836 2035 869 2082 ⁶
892 2037 1421 2109 consuetudine
1444 2036 2102 2109 incommodorum.
2136 2040 2320 2109 Nam
2344 2061 2576 2133 quum
2611 2061 2770 2106 om-

628 2146 848 2216 nibus
891 2144 1091 2216 horis
1118 2146 1393 2244 aliquid
1430 2150 1769 2219 atrociter
1798 2145 1955 2217 fieri
1986 2145 2318 2217 videmus
2345 2200 2364 2235 ,
2403 2160 2530 2216 aut
2566 2145 2772 2232 audi·

632 2281 838 2340 muS,
886 2260 1100 2327 etiarn
1142 2259 1269 2354 qui
1315 2271 1573 2330 natura
1611 2259 1966 2329 mitissimi
2005 2281 2257 2327 sumus
2283 2311 2303 2343 ,
2351 2255 2770 2327 assiduitate

633 2365 1126 2458 molestiarum
1177 2392 1472 2439 sensum
1516 2392 1810 2447 omnem
1870 2367 2336 2440 humanitatis
2377 2391 2463 2437 ex
2509 2368 2771 2438 animis

636 2478 1057 2548 amittimus
1293 2474 1301 2483 ’

636 2646 842 2693 securim
870 2662 898 2693 s
924 2646 1106 2694 civium
1127 2646 1419 2706 cervicibus,
1446 2650 1607 2713 virgas
1632 2665 1661 2696 a
1748 2658 1873 2696 esset
1884 2666 1922 2693 ι.
1956 2649 2095 2695 Hanc
2113 2657 2282 2712 postes
2301 2647 2476 2706 Cesar,
2502 2661 2667 2693 rerum
2690 2660 2775 2708 po-

636 2736 776 2789 tergo
803 2725 1133 2774 removebant.
1749 2729 1885 2787 titus,
1904 2727 2176 2790 abrogavit.
2201 2727 2403 2774 Sueten.
2424 2726 2476 2773 iu
2493 2724 2602 2774 Jul.
2617 2741 2665 2772 c.
2686 2731 2773 2778 41.

710 2806 762 2853 3.
791 2804 990 2872 Publice
1016 2804 1231 2854 consilio.
1259 2806 1567 2854 Auctor-itate
1588 2822 1664 2853 se-
1822 2808 1869 2854 5.
1896 2810 1957 2854 In
1983 2805 2142 2854 hostes
2160 2805 2444 2854 lenissimus.
2468 2803 2597 2851 Vide
2620 2805 2776 2851 Casa-

639 2893 801 2932 nstus.
1749 2899 1849 2933 rem
1876 2884 2009 2949 apud
2032 2884 2230 2935 Sallust.
2258 2884 2312 2931 in
2339 2884 2460 2933 Bell.
2479 2883 2627 2947 thil.
2654 2884 2740 2931 50.

712 2969 764 3017 4.
791 2962 1060 3008 Puerorum
1083 2961 1395 3011 Incunabula.
1424 2965 1567 3011 Hauc
1584 2979 1664 3011 ve-
1821 2964 1872 3011 6.
1916 2963 2117 3011 Ademit
2152 2961 2558 3011 miserkordiam.
2601 2961 2779 3008 Monet

638 3038 997 3095 hementissime
1020 3040 1283 3089 insectatur
1306 3041 1460 3105 legem
1484 3042 1538 3087 in
1556 3039 1662 3087 Sal-
1745 3041 1937 3102 judices
1962 3058 2027 3089 ne
2057 3042 2203 3090 inviti
2243 3041 2391 3088 ferme
2427 3039 2491 3088 ad
2517 3038 2778 3088 crudelita-

640 3118 791 3166 lustio
816 3118 1029 3182 Lepidus
1053 3133 1064 3166 :
1096 3120 1254 3182 -quin
1284 3120 1418 3168 solus
1441 3119 1663 3167 omnium
1752 3130 1846 3167 tem
1870 3120 1970 3167 sint
1994 3120 2355 3185 propensiores.
2389 3118 2519 3167 Illud
2545 3118 2698 3179 enim,
2716 3133 2777 3164 ex

643 3196 846 3259 (Sulla),
897 3209 1013 3262 post
1052 3199 1333 3245 memoriam
1379 3197 1661 3256 hominum,
1749 3198 1994 3247 bellorum
2016 3199 2231 3246 civilium
2251 3198 2533 3263 spectaculo
2550 3196 2777 3254 trahitur,

643 3276 882 3340 supplicis
919 3276 972 3325 in
1010 3277 1316 3341 postfuturos
1354 3278 1663 3341 composuit,
1750 3288 1805 3325 ut
1853 3277 2217 3342 quodammodo
2262 3277 2574 3325 humanitatis
2616 3275 2778 3323 omnis

640 3354 776 3419 queis
811 3357 947 3420 prius
981 3356 1156 3419 injuria
1198 3371 1342 3419 quam
1381 3356 1480 3403 vita
1529 3366 1659 3404 certa
1747 3356 1972 3417 hebescat
1998 3373 2190 3406 seusus.
