3044 4788
622 407 757 451 222
1245 382 1340 449 M.
1394 377 1474 450 T.
1533 379 2124 451 CICERONIS

614 507 972 603 pientem,
1002 502 1470 573 clarissimum
1498 502 1738 570 virum
1774 512 1849 570 et
1880 500 2554 597 prudentissimum,
2582 527 2753 580 curn

613 614 858 685 multis
902 636 1152 710 graves
1192 612 1601 681 inimicitias
1645 612 1945 707 gessisse
1989 615 2398 710 accepimus
2448 635 2756 716 propter

611 726 1132 821 Hispanorum,
1165 717 1359 817 apud
1392 744 1581 817 quos
1618 719 1873 790 consul
1914 718 2188 805 fuerat,
2233 725 2551 820 injurias.
2597 734 2749 800 Nu-

613 847 778 931 per9
803 832 1350 903 Cn.Domitium
1383 833 1647 901 scimus
1670 834 1761 901 M.
1778 829 2021 903 Silano
2057 831 2249 904 diem‘
2284 835 2546 910 dixisse
2576 861 2748 937 pro·

612 957 777 1041 pter
812 947 1029 1014 unius
1067 941 1413 1028 hominis,
1448 942 1908 1038 Egritomari‚
1950 947 2233 1041 paterni
2270 951 2483 1018 amici
2519 964 2743 1047 atque

612 1053 955 1151 hospitiS‚
989 1051 1307 1147 injurias.

707 1170 895 1235 XXI.
934 1167 1185 1260 Neque
1207 1173 1227 1204 ¹
1272 1162 1465 1232 enim
1501 1161 1727 1258 magis
1752 1166 2030 1235 animos
2057 1163 2439 1236 hominum
2477 1187 2743 1239 nocen-

610 1275 790 1344 tium
824 1295 940 1345 res
963 1296 1311 1369 umquam
1336 1271 1486 1342 ulla
1513 1274 1941 1360 commovit,
1967 1295 2183 1370 quam
2208 1273 2359 1344 haec
2382 1276 2738 1370 majorum

607 1382 1131 1470 consuetudo²‚
1167 1382 1389 1477 longo
1418 1380 1796 1451 intervallo
1829 1385 2134 1479 repetita
2174 1407 2258 1456 ac
2299 1384 2520 1456 relata
2553 1413 2570 1455 ε
2617 1411 2737 1456 so—

608 1496 882 1566 ciorum
921 1492 1391 1590 querimoniae
1424 1490 1676 1562 delatae
1715 1490 1809 1561 ad
1845 1491 2216 1564 hominem
2253 1509 2403 1564 non
2449 1496 2735 1567 inertis-

606 1606 908 1692 simum3
933 1618 1280 1700 susceptae
1310 1600 1403 1672 ab
1425 1626 1514 1672 eo
1530 1655 1549 1689 ,
1567 1602 1695 1698 qui
1725 1600 2101 1673 videbatur
2123 1627 2377 1678 eorum
2407 1604 2738 1677 fortunas

603 1714 747 1787 fide
804 1715 1317 1812 diligentiaque
1369 1735 1497 1782 sua
1545 1735 1757 1809 posse
1803 1708 2213 1785 defendere.
2277 1720 2433 1785 Hoc
2476 1715 2737 1786 timent

604 1823 1029 1911 homines-³3
1094 1823 1234 1895 hoc
1283 1820 1658 1910 laborant3
1723 1821 1865 1893 hoc
1927 1825 2239 1911 institui,
2291 1840 2510 1923 atque
2550 1825 2731 1895 adeo

602 1940 1010 2008 institutum
1038 1930 1294 2004 referri
1323 1957 1404 2003 ac
1438 1934 1794 2020 renovari,
1816 1932 2119 2005 moleste
2151 1931 2433 2006 ferunt:
2468 1950 2731 2033 putant

597 2045 787 2130 fore,
819 2046 963 2129 uti,
999 2045 1055 2112 si
1079 2040 1446 2140 paullatim
1475 2040 1628 2113 haec
1650 2043 2106 2114 consuetudo
2135 2069 2423 2142 serpere
2458 2070 2540 2116 ac
2569 2069 2731 2142 pro-

596 2156 753 2226 dire
773 2155 1108 2250 coeperit,
1136 2177 1265 2250 per
1291 2151 1622 2224 homines
1644 2151 2189 2224 honestissimos
2217 2157 2553 2252 virosque
2580 2153 2722 2226 for·-

597 2265 942 2351 tissimos,
978 2285 1130 2348 non
1155 2263 1533 2360 imperitos
1557 2260 2133 2334 adolescentulos
2151 2317 2173 2350 ,
2194 2278 2316 2333 aut
2340 2263 2725 2335 illiusmodi

593 2374 1230 2474 quadruplatore3‚
1266 2373 1456 2470 leges
1482 2370 1899 2471 judiciaque
1930 2372 2542 2445 administrentur.
2578 2373 2724 2445 Cu-

586 2490 706 2584 jus
755 2484 1298 2559 consuetudinis
1346 2497 1565 2579 atque
1610 2484 1921 2554 instituti
1968 2499 2207 2581 patres
2265 2485 2717 2580 majoresque

591 2612 878 2671 nostros
913 2616 1066 2667 non
1110 2589 1508 2692 poenitebat
1546 2607 1700 2662 tum
1730 2648 1749 2681 ‚
1800 2617 2031 2689 quum
2077 2598 2151 2663 P.
2192 2595 2595 2665 Lentulus⁴
2630 2597 2717 2682 is,

589 2798 742 2847 quum
779 2775 1024 2827 consulari
1060 2784 1109 2823 et
1154 2772 1278 2820 duce
1316 2781 1366 2819 et
1391 2770 1609 2819 exercitu

590 2876 718 2926 opus
741 2868 892 2917 esset,
917 2867 975 2903 ut
996 2854 1063 2903 ait
1095 2853 1200 2900 Liv.
1227 2851 1458 2899 XXXIII
1476 2884 1492 2908 ‚
1524 2851 1607 2906 43.

588 2944 717 2991 Hinc
747 2938 921 2987 Cicero
953 2956 977 2975 ι-
992 2931 1126 2997 apud
1151 2946 1277 2995 quos
1308 2930 1480 2977 consul
1502 2932 1608 2978 Iue-

589 3032 663 3071 rat
679 3042 728 3079 a,
756 3032 930 3080 nempe
950 3013 1004 3061 in
1026 3011 1300 3060 consulatu.

658 3118 707 3164 9.
745 3097 933 3160 Nuper.
974 3096 1124 3142 Auno
1163 3091 1295 3152 649,
1336 3089 1392 3137 C.
1419 3088 1607 3148 Mario,

587 3185 644 3232 C.
679 3177 887 3227 Fimbria
913 3190 1038 3222 eoas.
1076 3173 1271 3234 triginta
1312 3178 1362 3216 et
1393 3177 1608 3231 quatuor

583 3261 724 3310 anuis
757 3269 872 3306 ante
902 3255 1030 3303 hanc
1064 3251 1331 3299 orationem
1363 3247 1602 3305 habitam,

585 3344 675 3390 C'n.
695 3335 942 3387 Domitius
964 3331 1189 3380 tribunus
1210 3325 1368 3393 plebis
1381 3359 1399 3387 ‚
1431 3329 1506 3374 M.
1529 3327 1604 3373 Si.

583 3421 728 3477 lano,
769 3416 853 3481 qui
901 3408 1242 3476 quinquennio
1278 3415 1389 3453 ante
1429 3407 1602 3453 consul

585 3498 763 3553 fuerat,
788 3509 881 3557 pro
903 3488 1225 3553 Transalpino
1251 3485 1444 3549 hospite
1469 3486 1604 3548 Egri-

583 3588 770 3624 tomaro
786 3606 800 3629 ‚
824 3570 954 3618 diem
980 3565 1327 3616 dixin—olim
1352 3563 1602 3627 legebatur

579 3653 778 3702 Decimo
811 3648 994 3697 Silano.
1032 3645 1259 3695 Correxit
1296 3646 1497 3691 Hotom.
1538 3656 1599 3690 ex

579 3731 798 3780 Veri-ine
817 3730 864 3777 11
877 3764 891 3785 ,
917 3735 983 3787 ⁴7
1004 3725 1203 3785 codice,
1229 3724 1283 3772 in
1299 3737 1397 3786 qua
1417 3723 1598 3769 sactum

577 3811 706 3859 idem
726 3816 961 3856 narratur.

646 3892 788 3939 xxl.
817 3904 860 3936 1.
880 3882 1115 3933 Abundat
1139 3884 1416 3943 conjectura
1438 3883 1597 3929 Hoto-

574 3968 739 4019 manni
755 4003 770 4026 ‚
791 3968 958 4029 Neque
973 3977 1114 4010 vero.
1136 3963 1185 4010 J.
1206 3964 1269 4009 V.
1289 3962 1347 4009 L.

647 4067 696 4098 2.
729 4041 1453 4105 Consuetudo...querimonia.
1482 4041 1526 4089 1.
1548 4055 1589 4085 e.

1696 2770 1783 2830 ad,
1820 2781 1913 2820 etc.
1934 2799 2006 2809 —
2026 2773 2142 2820 Non
2169 2772 2526 2822 inertissImum.
2544 2774 2715 2822 Mode-

1695 2850 1819 2899 otius
1832 2849 2029 2899 laudare
2040 2862 2091 2899 se
2104 2868 2203 2900 non
2224 2854 2408 2916 potuit;
2430 2869 2716 2918 quamquam

1695 2931 1884 2979 locutio
1912 2933 2133 2994 negativa
2162 2934 2389 2993 maiorem
2420 2949 2563 2996 quam
2587 2932 2717 2981 affir-

1696 3012 1870 3060 mativa
1900 3010 2301 3077 significationem
2323 3012 2497 3075 saepiua
2523 3012 2713 3061 habeat.

1769 3092 1818 3138 3.
1841 3092 2083 3140 Homines.
2104 3091 2217 3138 Scil.
2256 3102 2488 3139 nocentes
2520 3092 2623 3150 illi,
2653 3092 2713 3139 de

1694 3172 1976 3236 repetundis
2014 3170 2244 3218 accusati.
2278 3169 2443 3217 Lamb.
2473 3171 2541 3218 ait
2564 3172 2713 3219 fuisse

1692 3252 1777 3316 qui
1822 3267 1995 3300 vocem
2028 3248 2242 3297 homines
2283 3265 2343 3297 ex
2389 3251 2708 3300 adnotatione

1689 3340 1851 3379 natam
1877 3338 2119 3395 putarent.
2140 3330 2295 3378 Falso.

1762 3417 1810 3466 4.
1829 3414 1888 3459 1².
1915 3409 2158 3457 Lentulus.
2185 3411 2322 3457 Avus
2354 3411 2459 3471 ejus
2486 3402 2709 3470 Lentuli,

1689 3490 1775 3553 qui
1797 3489 2073 3550 conjuravit
2100 3506 2209 3537 cnm
2236 3491 2460 3540 Catilina.
2479 3518 2549 3526 —
2568 3493 2709 3538 Prin-

1688 3582 1797 3633 σερε
1823 3580 2022 3616 senatus
2048 3576 2149 3617 erat
2176 3570 2239 3630 is,
2276 3584 2421 3633 quem
2456 3586 2707 3629 censores,

1686 3650 1740 3694 in
1757 3647 2026 3705 recitando,
2048 3658 2316 3697 senatorem
2338 3649 2548 3713 primum
2571 3649 2708 3713 legia-

1686 3738 1811 3775 aent.
1843 3727 2032 3775 Primus
2067 3728 2151 3775 ille
2188 3730 2473 3776 sentiendam
2509 3740 2705 3791 rogatus

1686 3805 1891 3853 dicebat.
1913 3807 2012 3869 Qui
2038 3809 2277 3854 maximus
2303 3808 2463 3855 honor
2490 3807 2704 3854 habeba-

1685 3896 1778 3945 tur,
1789 3886 1873 3933 sed
1882 3886 2019 3933 nullo
2028 3886 2255 3951 imperio,
2267 3903 2354 3933 nec
2365 3896 2618 3950 potestate.
2624 3888 2705 3933 Sic

1681 3966 1909 4031 princeps
1943 3968 2181 4030 equestris
2218 3966 2429 4025 ordinis,
2468 3982 2613 4029 quem
2650 3968 2702 4013 in

1684 4046 1940 4093 recitandis
1960 4047 2179 4110 equitum
2205 4044 2461 4102 centuriis,
2488 4046 2701 4109 primum

575 4146 684 4178 mos
711 4127 816 4189 ille,
840 4139 940 4189 quo
963 4121 1280 4193 querirnoniae
1306 4119 1590 4168 deseruntur
1677 4126 2011 4189 appellassent,
