3044 4788
694 450 804 519 IN
854 449 1295 516 VERREM
1343 449 1673 517 ACTIO
1725 451 2082 518 PRIMA.
2317 450 2446 521 261

315 573 575 659 solum,
595 569 720 641 sed
747 573 1070 659 etiamQ.
1089 567 1465 640 Metellum
1484 595 1504 656 ;
1522 572 1649 665 qui
1672 594 1893 666 quam
1910 572 2027 641 isti
2053 572 2145 642 sit
2157 575 2453 661 amicuS,

313 680 662 764 attendite
707 708 722 750 ε
771 679 972 753 dedit
1010 683 1207 752 enim
1252 677 1838 777 praerogativam⁸
1881 705 2026 752 suae
2066 681 2456 756 voluntatis

259 881 262 882 ⁷
313 791 722 890 ejusmodi,
762 805 845 861 ut
879 793 994 861 isti
1023 815 1161 888 pro
1199 792 1687 888 praerogativis
1719 814 1878 860 eam
1915 790 2309 864 reddidisse
2346 795 2452 864 vi-

312 906 594 977 deatur.
621 907 734 973 An
754 926 871 973 me
888 904 1276 972 taciturum
1299 904 1514 971 tantis
1533 899 1626 972 de
1652 899 1877 972 rebus
1894 904 2457 975 existimavistis?

311 1031 408 1102 et,
427 1020 505 1086 in
521 1027 727 1084 tanto
746 1010 1162 1109 reipublicae
1182 1011 1875 1107 existimationisque
1893 1036 2073 1083 meae
2102 1013 2454 1110 periculo,

312 1129 655 1223 cuiquam
685 1120 1192 1193 consulturum
1213 1125 1490 1218 potiuS,
1515 1144 1740 1217 quam
1757 1119 2001 1192 officio
2026 1137 2099 1194 et
2124 1123 2453 1221 dignitati

313 1236 532 1306 meae'?
559 1234 871 1304 Arcessit
921 1229 1103 1302 alter
1151 1229 1407 1302 consul
1423 1240 1465 1287 9·
1492 1228 1912 1327 designatus
1949 1232 2227 1304 Siculos
2266 1262 2282 1303 ε
2328 1259 2454 1307 ve-

312 1347 529 1415 niunt
591 1341 976 1429 nonnulli,
1035 1355 1422 1439 propterea
1488 1339 1691 1438 quod
1750 1345 1826 1412 L.
1880 1342 2213 1416 Metellus
2268 1360 2457 1417 esset

314 1468 577 1552 praetor
620 1456 694 1523 in
735 1452 994 1523 Sicilia.
1034 1455 1221 1523 Cum
1269 1454 1357 1522 iis
1397 1451 1496 1522 ita
1538 1450 1915 1547 loquitur:
1960 1478 2036 1526 se
2080 1456 2454 1528 consulem

318 1588 515 1651 esse3
555 1561 850 1633 fratrem
878 1586 1094 1632 suum
1132 1560 1442 1633 alterum
1480 1559 1792 1632 Siciliam
1830 1566 2275 1659 provinciam
2318 1565 2453 1636 ob-

319 1676 583 1760 tinere,
609 1674 917 1745 alterum
946 1660 1100 1744 esse
1127 1674 1603 1769 quaesiturum
1631 1671 1721 1742 de
1749 1674 2078 1770 pecuniis
2105 1690 2452 1771 repetun-

316 1783 470 1872 dis3
518 1785 723 1855 Verri
770 1808 864 1855 ne
924 1785 1171 1854 noceri
1223 1785 1484 1881 possit,
1544 1782 1793 1853 multis
1844 1784 2248 1856 rationibus
2298 1811 2454 1858 esse

314 1898 713 1992 provisum.

410 2012 496 2076 X.
526 2004 725 2096 Quid
746 2020 894 2093 est,
914 2029 1194 2102 quaeso,
1213 2004 1539 2093 Metelle,
1567 2004 1923 2099 judicium
1953 2030 2452 2105 corrumpere,

313 2117 373 2186 si
418 2115 560 2187 hoc
612 2141 763 2186 non
815 2116 973 2186 est?
1017 2130 1270 2203 testes,
1320 2118 1722 2213 praesertim
1783 2116 2092 2201 Siculos,
2161 2118 2454 2189 timidos

313 2226 645 2298 homines
671 2240 746 2298 et
776 2224 1114 2313 afflictos,
1163 2250 1314 2296 non
1359 2225 1598 2295 solum
1634 2229 2019 2297 autoritate
2047 2225 2451 2316 deterrere,

310 2335 434 2407 sed
476 2339 685 2407 etiam
729 2334 1091 2407 consulari
1132 2350 1328 2407 metu
1356 2390 1375 2425 ,
1411 2351 1485 2408 et
1522 2335 1839 2408 duorum
1877 2352 2269 2435 praetorum
2316 2364 2450 2437 po-

312 2448 607 2520 testate?
654 2447 852 2537 Quid
900 2445 1173 2520 faceres
1210 2471 1342 2545 pro
1381 2446 1679 2518 homine
1724 2451 2114 2519 innocente
2157 2452 2231 2519 et
2278 2474 2450 2547 pro-

315 2560 619 2655 pinquo,
641 2582 892 2653 quum,
922 2572 1220 2656 propter
1239 2556 1615 2630 hominem
1641 2556 2202 2654 perditissimum
2228 2574 2451 2656 atque

312 2667 858 2751 alienissimum,
885 2667 974 2739 de
1011 2666 1258 2738 officio
1296 2691 1379 2738 ac
1408 2665 1756 2763 dignitate
1785 2665 2109 2754 decedis;
2140 2681 2212 2736 et
2250 2692 2449 2737 com-

313 2778 579 2865 mittis,
619 2792 730 2862 ut,
777 2776 978 2873 quod
1017 2777 1135 2849 ille
1181 2777 1491 2864 dictitat,
1541 2776 1791 2863 alicui,
1843 2778 1968 2873 qui
2011 2792 2079 2848 te
2124 2781 2447 2874 ignorat,

314 2994 378 3044 de
394 2996 580 3044 honore
593 2995 855 3057 dejicerent
869 2997 1070 3053 vGraev.
1087 2997 1202 3044 Ern.
1222 2998 1335 3045 Gar.

388 3077 437 3122 8.
463 3073 859 3141 Proerugativam.
884 3075 1028 3122 Ludit
1057 3074 1247 3122 Tullius
1283 3076 1336 3121 in

312 3169 436 3201 voce
441 3155 786 3218 proemgaeiva.
815 3154 895 3201 Sic
923 3155 1053 3201 enim
1085 3152 1336 3202 dicebatur

311 3232 546 3292 centuria,
565 3248 651 3280 seu
670 3232 850 3294 tribus,
866 3248 978 3296 quae
998 3248 1142 3296 σφι-ε
1162 3235 1335 3281 ceteris

311 3311 633 3376 rogabatur»,
649 3312 681 3360 i.
701 3330 746 3361 e.
763 3328 875 3377 quae
893 3312 1052 3376 prima
1075 3328 1138 3371 ex
1158 3327 1333 3371 censu,

308 3407 395 3439 seu
412 3408 475 3438 ex
496 3390 671 3438 ordine
690 3407 791 3455 qno
812 3392 864 3437 ln
885 3405 1145 3439 censorum
1160 3390 1338 3438 tabulis

311 3471 466 3518 fuerat
483 3470 741 3535 descripta,
759 3470 1040 3534 suffragium
1054 3471 1105 3518 in
1126 3470 1337 3517 comitiis

311 3548 510 3597 serebat.
553 3552 612 3597 In
639 3549 973 3614 proerogaciva
1008 3560 1198 3597 tantum
1233 3560 1336 3597 erat

309 3628 569 3687 momenti,
587 3640 641 3676 ut
655 3662 670 3687 ,
693 3644 839 3692 quem
858 3628 1066 3693 elegerat
1085 3629 1336 3693 magistra-

311 3718 441 3764 tum,
473 3708 580 3755 aliae
607 3724 871 3771 numquam
903 3710 1171 3768 rejicerent.
1204 3709 1331 3756 Hinc

300 3788 633 3852 pra-rogation
659 3788 980 3852 quandoque,
1013 3799 1068 3836 ut
1101 3788 1153 3836 h.
1176 3788 1214 3836 l.
1239 3804 1333 3853 pro

307 3867 473 3914 omine
511 3866 753 3927 secundo,
780 3878 915 3915 certo
940 3868 1107 3930 signo,
1126 3867 1335 3914 indicio-

308 3962 404 4009 que
431 3962 487 3994 ac
514 3946 718 4010 pignore
738 3980 754 4005 ,
797 3958 848 3994 et
883 3946 1021 4008 quasi
1060 3946 1331 3995 arrhabone

306 4026 483 4073 futnrae
504 4026 574 4072 rei
598 4024 779 4090 optatae
801 4024 1257 4088 usurpatur.Vid.J.
1280 4028 1329 4072 1³.

310 4095 534 4153 Gronov.
550 4104 669 4153 Obs.
694 4107 781 4163 IV,
814 4120 855 4151 1.
883 4107 1060 4152 Sensus
1082 4120 1198 4167 ergo
1225 4116 1297 4152 est
1317 4122 1329 4152 ι

308 4182 538 4231 Metellus
553 4218 568 4243 ,
606 4182 893 4232 arcessendo
936 4183 1124 4232 Siculos
1146 4219 1160 4244 ‚
1199 4185 1332 4233 dedit

1423 2997 1567 3042 Verri
1598 2993 1978 3058 proerogativam
1998 3028 2011 3049 ,
2060 2996 2095 3041 i.
2135 3011 2178 3043 e.
2214 2995 2454 3044 indicium

1424 3090 1622 3132 eorum,
1645 3088 1756 3137 quae
1781 3074 1951 3121 salutis
1980 3072 2113 3120 illins
2154 3074 2307 3137 gratia
2326 3088 2452 3124 esset

1425 3156 1665 3210 facturus,
1709 3168 1803 3217 pro
1844 3151 2182 3217 pmrogau'ois
2200 3185 2213 3206 ,
2258 3153 2291 3199 i.
2326 3170 2370 3201 e.
2396 3136 2455 3202 u⁶t

1423 3243 1762 3298 corruptarum
1781 3235 1967 3281 aVerre
1982 3233 2309 3279 centuriarum
2328 3249 2453 3279 mer-

1423 3313 1589 3362 cedem
1617 3313 1849 3371 solveret‚
1879 3322 1934 3360 ut
1958 3309 2253 3359 beneficium
2280 3313 2449 3360 Verris

1423 3393 1723 3458 persolveret
1741 3430 1756 3454 ,
1776 3393 1864 3455 qui
1877 3389 2322 3455 proemgaeivamm
2344 3408 2452 3440 een-

1426 3473 1662 3520 tnriarum
1686 3470 1921 3534 suffragia
1946 3469 2212 3517 redemerat
2227 3504 2242 3528 ,
2272 3472 2453 3535 quibus

1424 3551 1597 3599 consul
1638 3551 1741 3615 ipse
1779 3550 2028 3607 Metellus,
2072 3560 2121 3596 et
2156 3550 2304 3598 stater
2344 3553 2449 3614 eius

1425 3640 1607 3694 praetor
1625 3630 1781 3677 factus
1801 3640 1890 3676 est.

1494 3726 1544 3772 9.
1576 3707 1718 3755 Alter
1743 3708 1926 3756 consul.
1955 3709 2019 3769 Q.
2038 3708 2283 3757 Metellus.
2310 3710 2448 3758 Seili-

1423 3800 1500 3835 cet
1522 3799 1617 3836 tres
1639 3787 1782 3835 Verri
1810 3785 2039 3834 favebant
2064 3787 2284 3846 Metelli,
2322 3805 2447 3836 nnus

1423 3867 1701 3930 designatus
1759 3866 1930 3914 consul
1985 3881 2098 3913 eum
2154 3868 2447 3925 Hortensio,

1415 3947 1543 3993 ‘alter
1569 3957 1752 4011 proetor
1776 3947 2007 4005 urbanus,
2025 3947 2104 3994 eui
2127 3946 2368 4017 obtigerat
2393 3950 2444 3995 in

1420 4041 1600 4075 annum
1625 4037 1904 4089 sequentem
1927 4025 1988 4073 de
2015 4025 2299 4089 repetundis
2316 4043 2445 4089 quae·

1420 4107 1541 4161 mio,
1579 4116 1630 4152 et
1654 4105 1740 4168 qni
1770 4115 1885 4152 tune
1910 4107 2033 4153 inter
2057 4104 2249 4164 jndices
2272 4103 2339 4166 (c.
2362 4105 2445 4170 ιο)

1422 4196 1554 4242 erat;
1584 4185 1754 4232 tertius
1777 4183 1954 4231 Siciliae
1976 4194 2176 4246 praetor.
