3044 4788
955 461 1090 529 DE
1139 462 1781 533 PROVINCIIS.
2290 462 2419 536 2321

304 593 599 660 tollamus
631 589 839 677 legem
874 589 1236 655 Corneliam
1265 592 1347 656 de
1379 593 1683 682 imperio,
1716 593 1899 655 fateri
1935 613 2101 681 opus
2132 609 2246 677 est,
2268 617 2430 682 prae-

301 683 401 762 ter
428 711 688 761 senatus
716 695 1047 759 decretum
1077 698 1493 762 necessariam
1521 700 1721 763 fuisse
1744 697 1971 786 populi
1998 700 2426 787 rogationem,

299 818 447 890 post
488 800 661 864 illam
712 799 1113 864 tribunitiam
1147 803 1354 891 legem
1389 805 1755 868 Corneliam
1802 801 1883 866 de
1931 803 2241 868 solvendo
2274 805 2430 893 legi-

297 907 421 971 bus
444 954 463 987 ,
499 906 685 986 cujus
735 905 1087 1005 meminere
1135 908 1260 972 Dio
1297 924 1362 972 et
1394 909 1753 990 Asconius,
1804 925 1880 972 ut
1930 910 2208 998 cuipiam
2261 912 2427 973 ultra

294 1034 541 1075 annum
571 1010 915 1099 imperium
952 1029 1445 1102 prorogaretur:
1498 1031 1640 1078 tum
1672 1035 1826 1078 vero
1873 1016 2081 1078 multo
2113 1016 2423 1096 majorem

295 1119 426 1181 vim
456 1117 793 1181 habebunt
821 1118 1235 1200 conjecturae,
1262 1142 1407 1206 quae
1429 1121 1632 1183 allatae
1661 1135 1835 1183 sunt.
1856 1120 2066 1184 Nemo
2100 1122 2274 1184 enim
2300 1121 2423 1185 sibi

296 1222 704 1310 persuadeat,
741 1238 996 1287 tantum
1027 1225 1149 1288 hac
1177 1223 1259 1288 de
1287 1247 1357 1289 re
1382 1224 1682 1289 futurum
1707 1225 2037 1288 silentium
2065 1227 2242 1314 apud
2274 1249 2422 1290 om·

298 1351 441 1411 nes;
466 1352 673 1416 quum
701 1351 866 1417 saepe
896 1328 1060 1393 adeo
1093 1345 1158 1394 et
1188 1330 1441 1394 consuli
1473 1346 1761 1413 senatus,
1798 1345 1863 1394 et
1894 1331 2104 1418 rogari
2139 1332 2426 1420 populus

299 1433 384 1497 de
410 1435 867 1522 prorogatione
898 1433 1262 1504 debuerit...
1296 1435 1542 1499 Ultimo
1572 1459 1588 1499 ε
1627 1435 1729 1500 lex
1767 1435 1933 1506 Iulia
1969 1434 2050 1499 de
2081 1437 2430 1524 provinciis

301 1538 722 1602 examinanda
748 1556 845 1602 est
866 1587 884 1620 ,
921 1562 1050 1626 qua
1085 1539 1209 1602 lata
1242 1562 1278 1602 a
1313 1537 1629 1603 dictatore
1665 1541 1945 1620 Caesare,
1989 1538 2094 1603 Iex
2125 1539 2231 1603 illa
2269 1543 2430 1604 Cor-

302 1644 468 1706 nelia
501 1643 583 1707 de
613 1643 884 1731 imperio
915 1643 1165 1708 sublata
1201 1666 1341 1709 esse
1367 1643 1660 1720 videtur3
1703 1666 1775 1706 ea
1809 1643 2009 1732 igitur
2039 1645 2425 1708 cavebatur:

301 1779 326 1803 κ
351 1749 451 1819 Ne
495 1748 801 1835 praetoriae
868 1747 1215 1836 provinciae
1264 1748 1410 1836 plus
1462 1771 1660 1835 quam
1711 1770 1958 1811 annum
1995 1795 2015 1828 ,
2066 1770 2226 1811 neve
2285 1750 2430 1836 plus

301 1876 494 1940 quam
528 1854 865 1917 biennium
893 1835 1260 1918 consulares
1278 1853 1736 1920 obtinerentur
1754 1885 1798 1917 ».
1830 1854 2063 1917 Cicero
2082 1853 2359 1942 Philipp.
2377 1855 2429 1917 Ι.

300 1961 383 2022 Et
422 1960 541 2022 hac
576 1960 828 2024 ratione
864 1960 1255 2023 contraxisse
1289 1963 1606 2024 Caesarem
1646 1958 1730 2022 ad
1770 1959 2111 2023 biennium
2144 1959 2430 2023 consuli-

298 2065 453 2147 bus,
487 2065 569 2129 ad
601 2089 849 2130 annum
881 2066 1266 2154 praetoribus
1295 2066 1814 2154 provinciarum,
1850 2065 2236 2153 imperiique
2261 2081 2429 2129 tem-

299 2193 421 2258 pus
448 2188 698 2235 certum
734 2186 864 2254 est,
897 2170 1078 2258 quod
1109 2187 1299 2235 antea
1332 2187 1469 2235 erat
1497 2172 1639 2260 lege
1663 2171 1959 2235 Cornelia
1988 2169 2435 2250 indefinitum,

298 2293 374 2340 ut
407 2277 558 2341 alibi
592 2278 798 2341 fusius
832 2276 1192 2342 ostendam.

382 2383 484 2448 Ad
509 2383 679 2448 hanc
707 2381 791 2448 de
822 2383 963 2472 lege
988 2383 1283 2448 Cornelia
1313 2380 1676 2448 doctrinam
1697 2383 2184 2465 absolvendam,
2215 2405 2427 2471 operae

297 2489 581 2577 pretium
620 2504 716 2552 est
745 2511 1268 2576 exponere,‚quo
1306 2505 1532 2577 putem
1575 2489 1847 2553 consilio
1880 2511 2023 2552 eam
2054 2487 2431 2576 promulga-

283 2612 431 2682 ⁸tam
467 2594 697 2675 fuisse3
722 2618 870 2659 nam
900 2594 1058 2682 quid
1088 2618 1156 2659 re
1183 2595 1320 2684 ipsa
1348 2596 1792 2683 perscriberet,
1809 2595 1960 2659 satis
1982 2610 2178 2682 patet.
2202 2594 2429 2675 Quum

297 2702 497 2790 igitur
523 2701 816 2764 maximae
847 2701 1243 2789 quandoque
1279 2702 1538 2764 utilitati
1577 2702 1732 2790 reip.
1771 2702 1910 2765 fore
1938 2701 2435 2778 arbitrarentur,

295 2806 350 2868 si
378 2805 460 2869 ab
494 2805 722 2869 eodem
757 2805 1140 2893 imperatore
1172 2806 1346 2869 idem
1383 2805 1626 2869 bellum
1659 2805 2118 2886 conficeretur3
2162 2826 2299 2866 non
2335 2825 2433 2865 se-

300 2912 432 2976 mel
464 2911 546 2977 ad
576 2929 833 3000 tempus
856 2910 1268 2976 indefinitum
1292 2927 1726 3000 prorogarunt
1753 2912 2121 2999 imperium.
2144 2910 2248 2973 Sic
2279 2908 2432 2971 Phi-

300 3018 438 3082 loni
461 3041 538 3082 ex
564 3019 771 3100 Livio,
804 3018 1086 3082 lib.VIII
1104 3066 1122 3099 ,
1155 3034 1576 3106 prorogatum
1606 3034 1703 3081 est
1727 3019 2073 3105 imperium
2102 3040 2117 3081 z
2148 3047 2173 3071 «ι
2194 3013 2431 3097 Quoad

302 3122 695 3187 debellatum
743 3147 896 3188 cum
950 3122 1186 3186 Graecis
1243 3139 1408 3186 esset
1432 3149 1494 3205 »ς
1561 3123 1628 3185 Ρ.
1670 3124 1988 3211 Scipioni,
2049 3123 2158 3186 lib.
2200 3122 2429 3183 XXX:

301 3260 327 3283 «ι
350 3228 560 3310 donec
591 3228 978 3294 debellatum
1019 3231 1081 3292 in
1126 3230 1335 3292 Africa
1377 3230 1546 3293 foret
1565 3255 1621 3312 »3
1671 3228 1906 3293 deinde
1938 3230 2014 3292 T.
2050 3227 2326 3310 Quintio
2363 3226 2432 3287 in

301 3334 680 3399 Macedonia
702 3384 719 3415 ,
750 3336 859 3399 lib.
894 3336 1188 3398 XXXII:
1219 3333 1466 3398 «donec
1503 3357 1838 3400 successor
1868 3334 1924 3398 ei
1956 3334 2294 3397 venisset».
2326 3333 2436 3394 In·-

302 3461 523 3527 super,
556 3440 610 3506 si
639 3441 902 3527 quando
939 3443 1287 3520 evenisset,
1320 3456 1393 3504 ut
1423 3443 1744 3529 quispiam
1781 3443 1949 3505 ultra
1984 3460 2232 3502 annum
2271 3438 2441 3501 obti-

304 3561 486 3610 neret
516 3547 912 3634 provinciam
944 3547 1188 3634 absque
1222 3569 1333 3627 e0,
1380 3546 1562 3633 quod
1596 3562 2023 3636 prorogatum
2057 3544 2175 3633 ipsi
2211 3544 2438 3607 fuisset

302 3651 681 3738 imperium,
718 3651 1001 3716 dubitari
1038 3668 1325 3741 poterat,
1355 3668 1606 3716 essetne
1651 3653 1757 3716 ille
1792 3673 1973 3730 vere,
2007 3666 2072 3713 et
2108 3650 2249 3728 jure
2284 3671 2439 3736 pro-

301 3755 549 3821 consul.
591 3759 806 3839 Quam
830 3758 1102 3821 omnino
1127 3748 1390 3821 dubiam
1425 3754 1928 3822 controversiam
1954 3756 2170 3844 attigit
2192 3753 2433 3841 Appia-

263 3914 268 3917 .
302 3883 425 3926 nus
453 3861 562 3926 lib.
585 3863 614 3925 Ι
637 3863 720 3926 de
743 3862 918 3926 Bello
941 3862 1132 3934 civili,
1161 3885 1367 3949 quum
1400 3863 1482 3927 de
1516 3863 1691 3927 Sulla
1723 3863 2016 3950 loquitur
2045 3860 2149 3924 his
2182 3860 2429 3923 verbis:

300 3967 540 4031 «Visus
591 3984 689 4031 est
733 3983 796 4031 et
850 3969 983 4055 ipse
1031 3968 1379 4055 proconsul
1430 3970 1495 4031 in
1541 3968 1987 4033 Mithridatem
2034 3966 2432 4031 constitutus

301 4072 595 4137 nondum
630 4072 1008 4162 dignitatem
1048 4095 1375 4155 exuisse-3
1409 4097 1621 4163 neque
1657 4092 1831 4139 certe
1869 4075 1949 4138 ab
1986 4072 2284 4150 inimicis,
2313 4068 2428 4159 qui
