3044 4788
622 367 761 440 330
1274 369 1371 435 M.
1416 369 1492 434 T.
1541 367 2096 435 CICERONIS

620 489 770 560 «ab
824 514 1078 560 eorum
1125 488 1421 559 libidine
1474 502 1701 558 tutam
1742 512 1893 556 non
1941 485 2227 573 liceret,
2268 486 2559 583 quidvis
2601 513 2777 558 esse

613 630 647 664 a
675 603 957 697 perpeti
981 600 1231 685 satius,
1257 622 1474 693 quam
1502 598 1577 667 in
1618 611 1813 667 tanta
1841 597 1909 665 vi
1935 611 2156 693 atque
2185 595 2577 667 acerbitate
2605 621 2775 665 ver-

608 740 641 775 «
665 710 826 780 sari.
860 740 893 775 ι)
923 713 1087 778 Haec
1127 731 1356 803 quum
1385 731 1641 778 omnes
1669 707 2054 794 sentirent,
2098 721 2172 777 et
2207 730 2434 803 quum
2474 706 2553 774 in
2587 731 2763 776 eam

615 822 969 890 rationem
1013 842 1148 915 pro
1185 841 1318 887 suo
1360 820 1712 913 quisque²
1748 842 1965 890 sensu
2001 842 2083 887 ac
2119 814 2373 887 dolore
2410 817 2769 912 loquere-

615 945 771 1015 tur,
804 950 1058 997 omnes
1086 926 1176 997 ad
1203 951 1358 996 eam
1392 928 1692 998 domum
1717 982 1737 1015 ,
1765 930 1838 997 in
1865 952 2010 1023 qua
2041 930 2178 997 iste
2211 926 2764 1009 deversabatur,

613 1037 916 1137 profecti
937 1052 1136 1107 sunt:
1162 1037 1435 1108 caedere
1452 1037 1748 1132 januam
1775 1039 1983 1126 saxis,
2006 1039 2272 1108 instare
2302 1034 2498 1107 ferro
2513 1091 2533 1121 ‚
2558 1036 2763 1131 ligna

614 1161 688 1221 et
733 1161 1089 1217 sarmenta
1134 1147 1615 1234 circumdare,
1662 1149 2050 1243 ignemque
2103 1147 2459 1241 subjicere
2503 1171 2760 1245 coepe-

614 1272 809 1328 runt.
839 1262 1021 1329 Tum
1049 1260 1237 1329 cives
1260 1260 1576 1343 romani,
1620 1258 1748 1353 qui
1780 1260 2146 1353 Lampsaci
2171 1255 2761 1354 negotiabantur,

618 1384 1108 1455 concurrunt;
1166 1383 1377 1440 orant
1440 1373 2002 1464 Lampsacenos,
2064 1383 2147 1437 ut
2205 1367 2487 1462 gravius
2561 1366 2760 1462 apud

617 1501 742 1548 eos
778 1502 1047 1549 nomen
1083 1477 1497 1574 legationis,
1535 1501 1752 1573 quam
1792 1478 2054 1570 injuria
2082 1477 2297 1573 legati
2329 1491 2755 1572 putaretur:

618 1612 769 1658 sese
808 1588 1204 1685 intelligere
1244 1588 1617 1657 hominem
1657 1586 1861 1657 illum
1900 1610 2054 1656 esse
2100 1590 2467 1683 impurum
2506 1610 2595 1655 ac
2633 1612 2766 1657 ne-

614 1693 910 1787 farium3
940 1698 1109 1786 sed,
1151 1700 1495 1794 quoniam
1530 1721 1672 1767 ‚nec
1714 1693 2163 1794 perfecisset,
2207 1694 2408 1791 quod
2450 1711 2767 1766 conatus

622 1824 841 1896 esset,
874 1832 1113 1904 neque
1139 1806 1425 1877 futurus
1453 1821 1638 1877 esset
1667 1808 2037 1904 Lampsaci
2055 1821 2305 1904 postea
2324 1860 2343 1892 ,
2381 1805 2610 1877 levius
2635 1832 2766 1877 eo-

623 1942 786 1988 rum
806 1915 833 1959 ³
853 1930 1223 2014 peccatum
1251 1914 1407 1987 fore
1431 1971 1450 2003 ,
1471 1920 1530 1986 si
1564 1918 1843 1987 homini
1872 1917 2217 1988 scelerato
2243 1918 2766 2015 pepercissent,

618 2051 837 2121 quam
865 2029 921 2094 si
959 2025 1191 2120 legato
1226 2050 1374 2095 non
1405 2030 1918 2124 pepercissent.
1951 2029 2064 2099 Sic
2092 2029 2225 2099 iste
2256 2029 2489 2097 multo
2529 2027 2764 2097 scele-

620 2138 841 2205 ratior
895 2149 967 2203 et
1025 2137 1355 2229 nequior,
1411 2161 1629 2232 quam
1681 2137 1798 2208 ille
1855 2137 2253 2207 Hadrianus
2269 2140 2323 2223 ⁴,
2384 2138 2763 2232 aliquanto

626 2240 835 2309 etiam
876 2238 1152 2312 felicior
1185 2242 1339 2314 fuit.
1383 2243 1548 2332 Ille,
1584 2246 1785 2341 quod
1825 2247 1979 2340 ejus
2016 2248 2381 2317 avaritiam
2414 2248 2607 2317 cives
2643 2272 2763 2316 ro-

624 2351 816 2420 mani
852 2348 1035 2423 ferre
1079 2378 1226 2425 non
1264 2368 1691 2452 potuerant,
1735 2360 1957 2427 Uticae
1991 2355 2188 2427 domi
2219 2381 2363 2426 suae
2390 2358 2596 2425 vivus
2633 2381 2758 2426 ex·-

626 2476 827 2533 ustus
860 2480 1007 2550 est3
1044 2465 1265 2563 idque
1305 2468 1400 2536 ita
1446 2467 1545 2537 illi
1589 2469 1848 2538 merito
1884 2467 2224 2539 accidisse
2271 2468 2755 2538 existimatum

622 2588 763 2663 est,
802 2591 886 2647 ut
931 2576 1335 2648 laetarentur
1371 2603 1665 2666 omnes,
1730 2604 1971 2675 neque
2026 2579 2169 2649 ulla
2223 2577 2758 2649 animadversio

622 2689 1182 2758 constitueretur
1230 2717 1244 2757 ε
1295 2688 1412 2758 hic
1453 2685 1867 2759 sociorum⁵
1907 2687 2334 2759 ambustus⁶
2380 2688 2755 2772 incendiO,

621 2808 862 2866 tamen
894 2821 982 2866 ex
1018 2798 1132 2867 illa
1171 2797 1454 2868 flamma
1491 2798 1961 2896 periculoque
1989 2797 2334 2885 evolavit3
2365 2822 2606 2893 neque
2631 2796 2751 2866 ad·

628 2902 773 2972 huc
828 2929 1106 2976 causam
1151 2907 1385 2977 'ullam
1453 2910 1858 3004 excogitare
1925 2911 2165 3005 potuit
2187 2963 2206 2994 ,
2280 2905 2752 3005 quamobrem

624 3015 1126 3104 commis-criu,
1163 3033 1284 3088 aut
1315 3018 1491 3115 quid
1528 3019 1883 3104 evenerit,
1923 3032 2003 3087 ut
2042 3022 2113 3087 in
2151 3034 2434 3089 tantum
2467 3019 2752 3115 pericu-

692 3240 741 3272 a.
763 3225 852 3271 Pro
878 3239 966 3269 suo
994 3222 1212 3286 quisque,
1234 3234 1328 3270 etc.
1347 3223 1416 3269 Ut
1436 3223 1641 3285 quisque

625 3302 951 3351 vehementius
976 3304 1216 3351 sentiebat
1242 3320 1297 3349 ac
1326 3303 1522 3350 serebat.

697 3385 743 3429 3.
772 3385 947 3430 Levius.
978 3386 1098 3431 Fore
1130 3395 1186 3431 ut
1216 3383 1374 3429 minus
1401 3382 1510 3429 illos
1538 3400 1643 3446 poe-

625 3462 799 3508 niteret
817 3495 830 3516 ,
857 3463 992 3525 quod
1015 3464 1200 3510 bomini
1215 3496 1231 3519 ,
1267 3473 1361 3508 etc.

695 3547 748 3594 4.
778 3541 1070 3589 Hadrianus.
1091 3545 1147 3589 C.
1168 3541 1342 3588 Fabius
1366 3540 1643 3589 Hadrianus

625 3619 676 3666 in
695 3617 857 3665 Africa
878 3631 1062 3682 praetor
1088 3637 1237 3682 quum
1265 3631 1413 3675 esset,
1436 3619 1643 3667 Sullanis

630 3696 953 3760 temporibus,
988 3714 1116 3744 anno
1158 3699 1261 3759 669
1281 3731 1296 3754 ,
1350 3699 1387 3745 i.
1416 3714 1459 3745 e.
1487 3714 1641 3745 anuos

626 3774 803 3824 abhinc
839 3791 949 3832 xxx,
985 3787 1187 3839 propter
1227 3776 1556 3823 crudelitatem
1594 3787 1640 3823 et

623 3853 871 3903 avaritiam
889 3870 1023 3901 auam
1039 3856 1193 3901 Uticae
1205 3889 1218 3911 ‚
1237 3857 1287 3902 in
1303 3858 1532 3918 pretorio
1551 3873 1641 3905 suo

627 3935 766 3982 vivus
798 3943 997 3980 exustus
1035 3944 1122 3980 eat.
1154 3935 1211 3981 T.
1257 3933 1358 3982 Liv.
1390 3935 1522 3997 Epit.
1557 3936 1642 3983 86.

626 4013 735 4062 Val.
758 4013 888 4061 Max.
909 4014 1016 4072 lx,
1048 4029 1138 4070 ιο,
1169 4015 1451 4068 2.0ms.V,
1478 4031 1559 4063 ao.

702 4095 751 4141 5.
790 4092 1052 4142 Sociorum.
1096 4094 1287 4155 Livius,
1340 4097 1500 4144 xLlu
1520 4132 1534 4157 ,
1577 4099 1608 4144 6
1633 4111 1646 4145 :

1730 3245 1754 3264 σι
1782 3224 2134 3288 Lampsacenos
2154 3221 2205 3267 in
2229 3221 2478 3268 sociorum
2500 3218 2752 3266 formulam

1730 3304 1907 3350 referre
1950 3304 2013 3363 Q.
2049 3301 2261 3348 Maenius
2308 3310 2487 3363 praetor
2519 3300 2689 3365 ,iussus
2711 3322 2751 3345 -.

1732 3385 1887 3446 Quem
1916 3383 2029 3429 loco
2058 3397 2201 3444 supra
2226 3382 2376 3428 citato
2408 3380 2505 3427 adi.

1801 3464 1850 3510 6.
1863 3461 2136 3508 Ambustus.
2152 3460 2441 3508 Semiustula
2448 3471 2552 3515 ωας
2570 3456 2751 3505 flamma

1731 3543 2088 3589 circumventus
2105 3550 2155 3586 et
2173 3540 2415 3587 obsessus.

1806 3637 1852 3679 7.
1898 3619 2222 3679 Quamobrem
2264 3618 2571 3665 commiserit.
2622 3619 2753 3680 Quo·

1732 3697 1885 3745 modo
1926 3698 2142 3747 effecerit
2185 3709 2257 3745 ut.
2302 3698 2604 3746 Commitcere
2641 3697 2690 3742 h.
2719 3696 2750 3742 l.

1729 3776 1953 3825 absolute
1981 3778 2199 3841 ponitur.
2231 3779 2408 3824 Verres
2442 3776 2647 3840 periculi
2684 3775 2752 3822 mi

1733 3874 1924 3905 causam
1971 3873 2076 3905 non
2123 3866 2283 3920 potest
2333 3867 2416 3903 aut
2461 3859 2512 3902 in
2559 3855 2750 3919 aliquod

1735 3953 1875 3985 snum
1905 3939 2084 3984 factum
2111 3936 2397 3994 honestum,
2422 3936 2580 3982 autin
2607 3936 2752 3982 fortu-

1736 4034 1848 4064 nam
1891 4020 2105 4079 rejicere.
2153 4042 2223 4052 —
2274 4019 2468 4063 Frustra
2523 4025 2752 4061 mutatum

1737 4097 1991 4160 quidpiam
2016 4097 2165 4144 velint
2183 4098 2390 4144 Hotom.
2414 4105 2462 4143 et
2483 4093 2700 4142 Lambin.
