3044 4788
630 416 769 511 370
1223 417 1320 484 M.
1375 417 1454 483 T.
1509 416 2081 486 CICERONIS

624 563 780 609 non
832 546 1123 635 putaret
1158 535 1296 608 sibi
1341 536 1719 635 expedire,
1761 538 1859 607 ita
1894 537 2260 634 accipere,
2305 537 2457 610 ne⁵
2508 541 2778 631 eodem

624 648 844 721 modo
868 646 1327 720 reddendum
1357 661 1546 719 esset
1579 673 1594 715 :
1637 659 1884 742 negat,
1914 643 1989 716 id
2022 646 2162 718 sibi
2188 645 2519 740 deberi⁶;
2554 669 2781 750 negat

622 773 964 858 oportere
1000 757 1208 853 exigi.
1250 762 1390 828 Iste
1428 755 1845 829 Rabonium
1878 757 2253 852 quiescere
2283 756 2533 854 jubet;
2580 775 2658 833 et
2691 765 2783 832 si-

617 868 774 939 mul
806 869 872 940 ei
897 864 1326 937 nonnullam
1353 890 1560 963 spem
1582 866 1970 938 societatis⁷
2000 866 2354 940 ostendit:
2393 868 2778 947 hominem

619 978 1036 1050 modestum
1050 970 1107 1065 ⁸,
1150 991 1223 1049 et
1264 977 1565 1049 minime
1618 977 2098 1075 pertinacem,
2153 974 2362 1049 facile
2422 996 2770 1053 coercet:

615 1088 992 1159 columnas
1019 1087 1119 1156 ita
1154 1109 1232 1158 se
1271 1101 1696 1161 exacturum
1738 1110 1897 1159 esse
1927 1085 2331 1160 confirmat.
2370 1093 2578 1161 Nova
2616 1114 2772 1178 res,

612 1211 832 1294 atque
891 1196 1284 1293 improvisa
1336 1194 1600 1293 pupilli
1664 1195 2029 1270 calamitas
2090 1200 2468 1271 nuntiatur
2521 1204 2773 1274 statim

612 1312 692 1378 C.
725 1306 1036 1395 Mustio,
1096 1306 1349 1377 vitrico
1400 1305 1660 1403 pupilli
1686 1359 1705 1392 ,
1760 1306 1891 1402 qui
1947 1330 2182 1405 nuper
2227 1323 2337 1379 est
2378 1324 2769 1401 mortuus3

613 1419 713 1487 M.
742 1416 997 1503 sunio,
1036 1430 1333 1515 patrum
1373 1419 1451 1487 P.
1485 1415 1787 1502 Potiti0‚
1825 1418 2086 1503 tutori,
2122 1416 2406 1493 homini
2438 1417 2774 1517 frugalis·

612 1529 819 1598 simo.
864 1528 955 1598 Hi
983 1551 1137 1600 rem
1176 1525 1269 1598 ad
1299 1527 1540 1596 virum
1568 1525 2028 1623 primarium,
2068 1552 2355 1601 summo
2393 1527 2638 1601 officio
2679 1557 2768 1604 ac

610 1643 874 1710 virtute
915 1637 1335 1736 praeditum,
1366 1639 1463 1707 M.
1495 1634 1954 1725 Marcellum,
1992 1638 2120 1734 qui
2157 1654 2309 1710 erat
2348 1639 2607 1737 pupilli
2638 1655 2769 1712 tu·

612 1764 750 1837 tor,
782 1746 1143 1821 deferunt.
1175 1747 1396 1816 Venit
1429 1743 1521 1815 ad
1544 1747 1843 1817 Verrem
1876 1747 1974 1817 M.
2003 1747 2426 1819 Marcellus:
2456 1751 2641 1845 petit
2666 1748 2769 1819 ab

606 1885 695 1930 eo
712 1913 732 1946 ,
758 1882 893 1956 pro
916 1880 1044 1927 sua
1074 1854 1266 1925 fide-⁹
1294 1878 1376 1925 ac
1407 1852 1817 1950 diligentia,
1843 1853 2176 1950 pluribus
2203 1855 2447 1928 verbis
2464 1912 2483 1945 ,
2502 1882 2599 1928 ne
2626 1882 2768 1955 per

608 1990 966 2040 summam
1008 1964 1347 2059 injuriam
1392 1964 1755 2061 pupillum
1796 1963 2093 2035 Junium
2138 1961 2450 2037 fortunis
2498 1970 2767 2063 patriis

608 2091 917 2150 conetur
948 2087 1289 2144 evertere.
1341 2076 1513 2159 Iste,
1563 2073 1693 2170 qui
1719 2073 1870 2168 jam
1908 2097 2036 2172 spe
2075 2089 2147 2147 et
2188 2078 2539 2174 opinione
2577 2101 2763 2174 prae-

608 2188 773 2257 dam
810 2183 1010 2253 illam
1046 2180 1492 2268 devorasset,
1530 2207 1773 2279 neque
1817 2183 1964 2256 ulla
1999 2186 2335 2281 aequitate
2371 2187 2721 2259 orationis
2742 2242 2768 2277 ‚

602 2317 845 2391 neque
880 2293 1305 2367 auctoritate
1329 2294 1425 2362 M.
1455 2293 1812 2382 Marcelli,
1846 2309 2253 2367 commotus
2290 2310 2418 2367 est.
2453 2300 2710 2393 ltaque
2734 2353 2756 2387 ,

606 2404 1224 2503 quemadmodum
1285 2402 1753 2494 ostendisset,
1806 2430 1883 2477 se
1947 2404 2022 2475 id
2072 2419 2500 2477 exacturum
2554 2425 2750 2494 esse,

607 2515 1004 2615 respondit.
1058 2518 1306 2605 Quum
1344 2512 1480 2585 sibi
1521 2539 1778 2586 omnes
1812 2514 1905 2587 ad
1938 2517 2159 2588 istum
2203 2516 2755 2614 allegationes¹⁶

604 2626 969 2715 difficiles,
1002 2651 1261 2698 omnes
1294 2625 1531 2698 aditus
1567 2624 1868 2713 arduos,
1914 2649 1999 2697 ac
2034 2630 2277 2724 potius
2317 2628 2755 2701 interclusos

602 2738 969 2825 viderent,
1008 2735 1202 2836 apud
1238 2762 1461 2834 quem
1500 2762 1648 2808 non
1678 2736 1798 2830 jus
1821 2790 1840 2824 ,
1868 2761 2022 2808 uon
2053 2739 2389 2834 aequitaS,
2428 2765 2578 2811 non
2612 2740 2750 2810 mi-

605 2848 991 2919 sericordia
1011 2901 1030 2934 ,
1060 2872 1207 2917 non
1235 2847 1636 2944 propinqui
1664 2847 1893 2917 oratio
1911 2901 1930 2934 ,
1956 2872 2105 2918 non
2137 2850 2346 2920 amici
2371 2850 2743 2934 voluntas,

606 2982 756 3026 non
794 2957 1224 3052 cujusquam
1264 2957 1685 3038 auctoritaS,
1741 2979 1876 3052 pro
1929 2959 2164 3054 pretio
2189 2969 2273 3044 ¹¹,
2327 2983 2481 3029 non
2521 2961 2748 3055 gratia

675 3205 724 3253 5.
753 3203 831 3251 Ne
855 3201 1025 3250 eodem
1052 3201 1215 3249 modo.
1237 3201 1364 3264 Quis
1394 3200 1626 3248 Rabonio
1788 3220 1837 3264 7.
1854 3202 2121 3251 Socieeaeis.
2139 3203 2516 3253 Communitatis
2544 3207 2746 3271 rupim,

603 3284 856 3332 videbatur
884 3280 1215 3347 sumptuosius
1247 3278 1375 3336 fieri,
1417 3279 1459 3326 si
1491 3278 1628 3326 coln·
1715 3293 1765 3329 et
1791 3281 1984 3345 praedae.

603 3381 727 3411 mnae
750 3363 814 3410 sd
842 3360 1243 3426 perpendiculum
1267 3357 1519 3422 exigendas
1555 3375 1627 3406 es·
1787 3361 1833 3408 8.
1857 3359 2146 3410 Modestum.
2175 3362 2340 3410 Itonia
2365 3363 2417 3410 in
2440 3363 2740 3422 Rabonium‘,

601 3454 728 3491 sent.
768 3441 983 3490 Nolebat
1025 3440 1177 3488 aedem
1212 3437 1304 3485 hae
1342 3436 1627 3485 conditione
1716 3439 1802 3501 qui
1838 3438 2015 3503 praedae
2055 3441 2326 3505 cupiditate
2358 3442 2421 3490 ab
2459 3441 2629 3491 officio
2663 3443 2747 3491 de·

600 3520 852 3582 accipere,
894 3520 1007 3583 quis
1046 3521 1088 3566 si
1128 3520 1180 3565 in
1214 3527 1467 3582 posterum
1502 3515 1628 3563 alius
1717 3519 1875 3566 scivit.

602 3599 850 3646 exsisteret
894 3598 1041 3659 hujus
1087 3596 1275 3661 negotii
1320 3594 1624 3658 redemptor,
1787 3613 1835 3659 9.
1857 3600 1948 3645 Pro
1975 3615 2066 3646 sua
2078 3599 2206 3667 fide.
2235 3601 2302 3648 Ut
2332 3599 2493 3650 fidelis
2528 3612 2668 3649 tutor
2693 3613 2744 3651 et

599 3676 853 3724 verebatur
875 3691 937 3723 ne
956 3676 1187 3741 impensae
1203 3674 1297 3722 sibi
1316 3684 1625 3736 augerentur,
1713 3677 1901 3740 probus
1928 3679 2020 3730 vir.

596 3759 636 3803 si
665 3756 711 3803 ei
750 3754 1003 3802 columnas
1029 3752 1092 3801 ad
1119 3751 1524 3817 perpendiculum
1555 3752 1624 3800 fa·
1790 3771 1865 3803 ιο.
1905 3758 2080 3804 Omnes
2110 3758 2185 3805 ad
2219 3757 2363 3806 istum
2398 3760 2743 3825 allegationes.

596 3847 701 3884 ctas
723 3832 909 3881 tradere
936 3842 1199 3896 oporteret.
1710 3834 1925 3883 Privata·
1978 3836 2244 3899 legationes
2297 3838 2567 3886 amicorum
2589 3875 2604 3900 ‚
2658 3851 2743 3888 sut

670 3917 719 3963 6.
748 3912 814 3960 Id
832 3910 926 3959 sibi
949 3909 1126 3958 deberi.
1148 3909 1309 3971 Negat
1327 3908 1426 3954 hoc
1448 3908 1623 3957 debere
1710 3914 1966 3962 hominum
2018 3918 2307 3965 auctoritate
2367 3918 2704 3981 praestsntium
2724 3951 2741 3973 ‚

595 3993 843 4060 pupillum
873 3989 1040 4047 Junii‚
1075 4000 1156 4050 ut,
1190 3987 1240 4034 in
1270 3985 1501 4035 tradenda
1527 3988 1623 4036 sibi
1710 3995 1795 4057 qui
1837 4010 1948 4042 eum
1989 4011 2014 4041 a
2051 4005 2180 4043 tanta
2221 3997 2520 4044 admittenda
2560 4000 2741 4060 injuria

597 4074 700 4122 aede
719 4107 735 4134 ,
797 4072 1036 4121 columne
1095 4067 1158 4118 sd
1222 4066 1623 4134 perpendiculum
1712 4072 2025 4122 deterrerent.

595 4166 772 4204 essem.
1789 4168 1806 4197 ι
1826 4168 1864 4198 1-
1897 4154 1995 4199 Pro
2014 4152 2191 4217 precio.
2220 4157 2326 4204 Ρη
2347 4156 2568 4219 pecunia.
