3044 4788
682 406 812 471 DE
859 404 1325 472 JUDIClIS
1375 404 1886 472 PUBLICIS.
2202 404 2327 501 59¹

607 638 610 639 ⁷
643 559 750 621 lV.
805 557 1081 642 Quoestt'o
1106 571 1405 644 perpetua
1440 556 1935 644 repetundarum.

323 716 736 805 Repetuudae‚
763 734 827 780 et
855 718 1216 804 peculatuS,
1250 734 1323 779 ut
1347 740 1424 779 ex
1458 715 1685 779 eodem
1716 732 2069 780 nascuntur
2099 718 2337 783 affectu

244 821 621 909 cupiditatiS,
670 822 762 884 sic
808 822 1172 908 promiscue
1205 820 1596 908 quandoque
1640 819 1813 908 apud
1853 822 2195 910 scriptores
2231 847 2339 887 su-

243 944 516 991 muntur.
559 928 801 990 Verum
845 943 919 989 ut
966 926 1094 989 hoc
1136 924 1381 988 crimen
1424 923 1506 987 ad
1535 948 1635 988 res
1670 926 1894 1012 populi
1923 928 2217 1010 romani;
2252 930 2340 993 ita

242 1031 387 1095 istud
412 1031 494 1096 ad
531 1054 630 1095 res
662 1032 986 1095 sociorum
1023 1046 1086 1093 et
1119 1030 1609 1116 provincialium
1636 1046 1882 1118 ereptas
1915 1033 2209 1118 pertinet.

320 1138 576 1201 Devicta
605 1137 820 1215 Italia,
853 1135 1095 1198 bellum
1136 1135 1366 1199 exteris
1397 1134 1768 1198 nationibus
1794 1137 2067 1200 Romani
2102 1138 2338 1202 intule-

238 1225 424 1323 runt,
474 1258 539 1305 et
592 1263 749 1328 quas
791 1240 1085 1329 regiones
1120 1239 1244 1303 sub
1280 1240 1625 1327 imperium
1668 1262 1860 1303 suum
1896 1241 2340 1330 ditionemque

238 1347 739 1427 subjunxerunt,
765 1369 869 1409 eas
901 1347 969 1408 in
1001 1346 1344 1433 provinciae
1376 1368 1658 1409 romanoe
1703 1347 1976 1408 formam
2017 1348 2299 1414 redactas
2318 1399 2337 1430 ‚

231 1454 345 1540 ‘per
379 1454 784 1540 magistratus
816 1475 1068 1516 annuos
1099 1451 1721 1517 administraverunt.
1773 1454 1861 1516 Ut
1890 1470 2106 1519 autem
2148 1480 2341 1520 nemo

223 1557 412 1620 -sociis
448 1558 515 1619 in
554 1558 680 1621 ulla
713 1581 782 1620 re
818 1559 1037 1637 oneri,
1087 1574 1201 1621 aut
1246 1558 1536 1645 sumptui
1584 1573 1788 1638 esset,
1835 1559 2238 1645 magistratus
2272 1562 2342 1624 in

235 1663 618 1748 provinciam
649 1663 862 1755 ituri,
909 1693 935 1717 α
964 1661 1188 1742 mulis,
1238 1662 1824 1749 tabernaculisque,
1874 1680 1939 1726 et
1986 1666 2168 1727 omni
2218 1666 2344 1729 alio

232 1769 660 1832 instrumento
710 1768 967 1830 militari
1008 1767 1427 1847 ornabantur,
1469 1790 1553 1830 ne
1591 1766 1751 1855 quid
1797 1767 1919 1831 tale
1952 1769 2342 1856 imperarent
2442 1770 2445 1771 ⁷

233 1876 414 1937 sociis
428 1906 471 1939 a.
496 1876 632 1938 Liv.
663 1875 876 1954 XLII,
916 1898 970 1937 1.
997 1876 1389 1962 Argentum,
1420 1874 1651 1953 vestis,
1683 1890 1748 1936 et
1775 1891 1985 1938 cetera
2020 1875 2338 1954 ejusmodi

233 2002 371 2066 quae
397 2002 555 2042 usus
594 1979 998 2066 provincialis
1027 1979 1333 2067 requirit,
1370 1978 1692 2041 dabantur
1719 1977 1800 2042 de
1841 1980 2121 2066 publico.
2150 1981 2343 2043 Deni-

231 2106 356 2169 que
386 2084 546 2146 nihil
578 2106 711 2146 non
731 2084 1093 2171 praevisum,
1118 2100 1312 2171 atque
1330 2100 1726 2170 praecautum
1745 2082 1930 2151 initio
1949 2086 2097 2166 fuit,
2118 2101 2342 2150 contra

228 2189 547 2253 avaritiam
565 2238 582 2268 ,
600 2202 944 2275 antequam
966 2189 1212 2276 peccari
1234 2205 1519 2276 coeptum
1551 2204 1745 2262 esset,
1775 2211 1981 2275 quum
2016 2190 2336 2254 nihildum

228 2294 414 2357 etiam
463 2291 866 2373 istiusmodi,
915 2315 1035 2379 pro
1075 2314 1326 2357 summa
1370 2293 1473 2355 illa
1516 2308 1884 2379 temporum
1928 2294 2338 2375 innocentia,

230 2399 497 2476 majores
529 2400 732 2462 nostri
760 2399 1259 2486 suspicarentur,
1292 2399 1504 2484 inquit
1530 2399 1661 2461 Cic.
1680 2398 1749 2460 in
1765 2398 1948 2461 Verr.
1974 2400 2084 2479 IV,
2111 2424 2246 2487 cap.
2273 2401 2335 2466 5.

313 2503 514 2589 Leges
539 2503 661 2565 511ae
680 2549 700 2580 ,
726 2519 919 2588 atque
951 2503 1247 2566 ¹instituta
1278 2501 1641 2565 officiorum
1663 2550 1682 2580 ,
1711 2521 2087 2567 manserunt
2121 2528 2341 2591 quam-

228 2606 343 2668 diu
365 2605 725 2693 respublica
748 2608 1140 2670 innocentioe
1164 2606 1355 2670 laude
1388 2605 1626 2671 floruit.
1646 2605 1888 2680 Verum
1915 2608 2031 2670 ubi
2055 2609 2341 2695 primum

210 2712 456 2774 invasit
485 2712 735 2775 animos
771 2711 1049 2775 habendi
1087 2711 1448 2800 cupidita53
1493 2734 1707 2798 neque
1738 2711 2185 2777 institutorum
2222 2737 2340 2779 au-

222 2818 524 2896 ctoritas,
576 2840 790 2904 neque
832 2819 1148 2896 majorum
1189 2817 1579 2896 reverentia,
1643 2839 1855 2903 neque
1882 2818 2080 2881 tacita
2115 2822 2340 2907 populi

223 2923 609 2986 existimatio
645 2923 1054 3009 iniquitatem
1102 2944 1400 2986 coercere
1442 2940 1815 3010 potuerunt.
1853 2905 2338 2989 Provinciiirum

224 3041 535 3108 rectores,
572 3027 694 3114 ipsi
725 3027 814 3090 illi
848 3028 916 3090 in
962 3049 1244 3113 quorum
1280 3025 1446 3106 fide,
1501 3027 1897 3108 innocentia,
1941 3029 2338 3117 integritate,

217 3134 383 3194 socii
420 3131 777 3197 debuerant
811 3134 1253 3221 acquiescere,
1302 3133 1383 3196 ad
1417 3133 1749 3196 latrocinia
1786 3155 1924 3218 sese
1957 3133 2140 3197 avide
2177 3158 2334 3199 oon-

219 3253 591 3311 verterunt,
655 3256 718 3300 et
766 3238 1139 3301 commissas
1185 3238 1306 3301 sibi
1356 3237 1716 3324 provincias
1747 3238 2031 3324 primum
2074 3239 2336 3325 quidem

217 3339 532 3420 obscure3
567 3364 719 3404 mox
749 3363 901 3436 vero
935 3365 1051 3429 per
1082 3358 1466 3429 potestatem
1498 3360 1718 3428 aperte
1753 3342 2208 3428 spoliaverunt.

305 3448 527 3510 Crevit
544 3447 773 3511 exinde
794 3446 1213 3511 nibilominus
1249 3448 1550 3534 iniquitas
1574 3471 1592 3510 ε
1620 3446 1832 3511 donec
1853 3448 2115 3511 tandem
2135 3472 2341 3536 quum

213 3553 393 3615 ultra
414 3552 545 3631 jam
576 3554 829 3616 tolerari
857 3577 991 3616 non
1019 3569 1232 3639 posset
1252 3601 1270 3632 ‚
1291 3554 1361 3616 L.
1376 3543 1773 3639 'Calpurnius
1805 3552 1971 3634 Pisa,
1995 3555 2109 3640 qui
2143 3554 2342 3644 Frugi

211 3656 475 3743 primus
518 3656 728 3721 dictus
781 3675 912 3739 est,
944 3660 1244 3722 tribunus
1286 3656 1491 3744 plebis
1539 3681 1713 3720 auno
1760 3658 1921 3738 604,
1976 3659 2241 3722 Manilio
2276 3677 2344 3724 et

209 3761 581 3825 Censorino
609 3785 773 3826 coss».
794 3765 1065 3844 exstitit,
1088 3764 1201 3850 qui
1232 3764 1438 3850 legem
1467 3763 1881 3849 Calpurniam
1909 3765 2104 3828 ferret
2132 3764 2213 3827 de
2233 3787 2346 3852 pe·

210 3866 433 3928 cuniis
459 3867 853 3952 repetundis,
877 3869 1051 3931 nulla
1077 3890 1281 3955 quum
1307 3886 1492 3932 antea
1511 3869 1760 3949 fuisset,
1790 3868 1872 3932 de
1895 3870 2023 3934 Off.
2040 3870 2105 3932 II
2124 3918 2141 3944 ,
2166 3891 2222 3932 c.
2242 3891 2348 3933 21.

209 3970 436 4033 Verba
465 3971 619 4059 legis
647 3988 802 4035 sunt
826 4020 844 4050 ,
886 4004 911 4026 κ
944 3974 1109 4036 Utei.
1147 3971 1411 4060 quihus.
1454 3975 1543 4037 in.
1580 3974 1981 4060 provincieis.
2021 3974 2353 4061 magistra-

212 4090 349 4137 tus,
376 4075 624 4161 populi.
656 4097 1166 4140 rom.eorumve.
1202 4077 1488 4140 comites,
1527 4093 1772 4140 contra.
1800 4077 1989 4164 leges.
2027 4080 2349 4164 pecunias.
