3044 4788
666 435 808 521 416
1307 434 1403 500 M.
1453 433 1534 498 T.
1588 431 2165 499 CICERONIS

664 560 1016 629 sententia
1069 554 1361 642 statuit,
1408 577 1632 649 quam
1676 551 1906 649 legem
1952 550 2054 621 illi
2095 550 2450 648 Rupiliam
2502 569 2835 634 vocant,

661 669 1022 740 sortiatur.
1069 663 1285 755 Quod
1324 666 1646 761 privatus
1683 686 1724 731 a
1754 662 2032 759 populo
2073 662 2297 758 petit,
2325 676 2443 732 aut
2484 666 2833 760 populus

661 805 702 850 a
760 779 1078 877 privat03
1125 788 1417 844 senatus
1475 797 1568 842 ex
1608 772 1848 867 aliqua
1906 772 2191 841 civitate
2217 827 2237 857 ,
2299 774 2426 867 qui
2482 773 2780 867 judicet
2806 828 2831 854 ,

661 890 914 973 datur,
965 909 1194 982 quum
1246 882 1541 953 alternae
1583 883 1954 952 civitates‘*
2002 881 2279 974 rejectae
2336 896 2530 951 sunt.
2586 882 2826 971 Quod

660 1000 833 1070 civis
886 1017 1230 1066 romanus
1280 1017 1318 1062 a
1380 992 1622 1063 Siculo
1677 993 1906 1087 petit,
1955 991 2236 1062 Siculus
2274 991 2501 1086 judex
2553 990 2823 1077 (latur3

659 1105 862 1205 quod
887 1104 1169 1175 Siculus
1199 1128 1240 1173 a
1269 1103 1421 1173 cive
1446 1126 1758 1172 romano
1776 1156 1796 1189 ,
1827 1102 2000 1172 civis
2029 1124 2376 1172 romanus
2394 1100 2614 1171 datur
2648 1130 2667 1171 ε
2704 1124 2822 1172 ce·

659 1233 973 1287 terarum
1008 1237 1254 1283 rerum
1274 1210 1303 1255 ⁵
1334 1212 1577 1283 selecti
1603 1210 1884 1305 judices
1910 1214 2179 1282 civium
2210 1235 2687 1281 romanorum
2725 1238 2822 1281 ex

660 1339 1028 1399 conventu
1061 1323 1378 1421 proponi
1416 1321 1673 1393 solent.
1717 1325 1917 1391 Inter
1958 1317 2317 1391 aratores⁶
2354 1336 2430 1390 et
2466 1319 2818 1391 decuma·

658 1461 793 1507 nos
816 1490 836 1517 ,
872 1435 1026 1531 lege
1062 1433 1556 1503 Frumentaria
1578 1484 1597 1514 ,
1636 1455 1860 1526 quam
1900 1433 2357 1501 Hieronicam
2394 1431 2814 1527 appellant,

649 1546 919 1642 judicia
954 1543 1166 1614 fiunt.
1197 1548 1361 1613 Haec
1399 1543 1644 1612 omnia
1672 1543 1814 1610 isto
1846 1557 2150 1639 praetore
2187 1565 2339 1612 non
2379 1539 2605 1611 modo
2638 1567 2814 1640 per-

660 1654 946 1728 turbata
969 1708 989 1741 ,
1035 1651 1159 1724 sed
1198 1653 1412 1748 plane
1440 1665 1510 1721 et
1540 1649 1791 1720 Siculis
1811 1665 1883 1721 et
1907 1648 2187 1721 civibus
2214 1656 2536 1722 romanis
2563 1668 2814 1749 erepta

659 1782 829 1839 sunt
856 1795 871 1836 :
907 1770 1222 1863 primum
1251 1788 1396 1832 suae
1426 1761 1618 1857 leges
1637 1772 1699 1848 ⁷3
1731 1759 1933 1857 quod
1965 1764 2135 1831 civis
2158 1786 2323 1831 curn
2354 1765 2510 1833 cive
2538 1778 2812 1858 ageret,

660 1893 788 1949 aut
815 1900 981 1947 eum
1005 1873 1355 1968 judicem,
1382 1897 1607 1968 quem
1640 1870 2109 1942 commodum
2142 1885 2327 1956 erat,
2361 1895 2811 1968 praeconem,

662 1987 1066 2084 aruspicem
1091 2038 1109 2069 ,
1140 1982 1501 2053 medicum
1533 2006 1750 2052 suum
1782 1980 2036 2069 dabat3
2066 1995 2227 2065 aut,
2264 1982 2322 2050 si
2350 1979 2634 2078 legibus
2655 1998 2812 2052 erat

658 2095 1007 2192 judicium
1050 2094 1570 2177 constitutum,
1606 2106 1677 2162 et
1702 2091 1792 2162 ad
1824 2094 2055 2163 civem
2092 2117 2303 2162 suum
2332 2090 2654 2186 judicem
2687 2117 2808 2164 ve·

664 2217 946 2288 nerant,
965 2200 1188 2271 libere
1215 2201 1348 2270 civi
1376 2200 1702 2295 judicare
1732 2226 1881 2272 non
1902 2200 2185 2273 licebat.
2203 2198 2589 2273 Edictum⁸
2617 2205 2808 2291 enim

660 2314 975 2385 hominis
1004 2313 1450 2411 cognoscite,
1487 2337 1641 2410 quo
1679 2311 1914 2383 edicto
1946 2315 2188 2384 omnia
2213 2312 2483 2408 judicia
2511 2312 2806 2411 redege-

661 2506 851 2554 tutore,
882 2495 993 2556 jura
1021 2492 1403 2549 constituerent,
1430 2490 1613 2555 quibus
1641 2492 1693 2538 in

665 2588 914 2643 posterum
945 2576 1249 2639 provinciam
1283 2573 1357 2621 uti
1390 2571 1586 2619 vellent.
1615 2570 1693 2619 Ad

662 2659 767 2705 Att.
797 2657 951 2711 x111,
982 2661 1041 2711 4,
1076 2655 1137 2711 5,
1173 2654 1233 2710 6,
1260 2652 1326 2699 3ο
1352 2661 1400 2698 et
1431 2651 1515 2698 32.

738 2747 784 2793 4.
822 2737 1045 2785 Alter-na·
1082 2733 1315 2782 civitates.
1348 2733 1572 2782 Civitates
1598 2746 1692 2797 pro

663 2817 786 2864 cives
814 2815 935 2863 dicit
961 2814 1153 2862 Cicero.
1189 2814 1369 2861 Sensus
1404 2812 1539 2859 enim
1578 2822 1648 2858 est
1678 2824 1692 2856 ε

664 2896 829 2956 Qnum
857 2893 1038 2956 petitor
1061 2892 1251 2953 iudices
1278 2908 1340 2939 ex
1366 2891 1436 2938 rei
1460 2890 1656 2938 civitate
1675 2926 1692 2951 ,

665 2988 775 3019 reus
801 2980 971 3018 contra
993 2970 1183 3032 judices
1210 2987 1273 3018 ex
1297 2971 1477 3018 actoris
1494 2970 1694 3017 civitate

664 3051 805 3099 datos
832 3049 1089 3109 rejecisset.
1148 3071 1157 3079 ·

740 3134 789 3181 5.
844 3130 1123 3177 Ceterarum
1164 3144 1341 3177 rerum.
1392 3131 1467 3177 De
1511 3128 1692 3192 quibus

666 3212 942 3276 disceptant
984 3225 1087 3256 uon
1129 3207 1279 3256 siculi
1297 3242 1311 3265 ‚
1346 3206 1432 3254 sed
1472 3207 1601 3254 inter
1640 3223 1692 3255 se

665 3294 795 3341 cives
822 3288 1011 3338 romani
1038 3299 1087 3335 et
1113 3287 1555 3353 peregrini.—-·Ex
1577 3302 1695 3333 con-

669 3384 811 3419 ventu
829 3404 845 3427 ,
884 3371 919 3416 i.
958 3385 1001 3415 e.
1039 3384 1102 3415 ex
1136 3366 1217 3414 illa
1244 3366 1441 3428 regione
1463 3364 1549 3411 ubi
1573 3381 1695 3413 cou-

667 3460 838 3497 ventus
857 3447 1017 3511 agitur
1035 3456 1084 3494 et
1098 3444 1381 3506 jurisdictio
1406 3435 1697 3502 celebratur,

667 3545 729 3575 ex
749 3528 843 3574 illis
860 3527 946 3588 qui
971 3526 1281 3589 negotientur
1299 3522 1400 3571 illic
1425 3535 1473 3570 et
1494 3522 1699 3570 domici-

669 3607 788 3654 lium
814 3603 1038 3653 habeant.
1065 3601 1134 3640 -ὲ-
1150 3602 1314 3666 Vulgo
1337 3602 1419 3650 hic
1437 3601 1564 3650 ordo
1586 3619 1696 3650 ver-

669 3686 846 3733 borum
863 3693 964 3730 est:
1010 3704 1031 3724 ι
1047 3697 1107 3730 ex
1125 3691 1371 3729 conventu
1398 3681 1580 3728 civium
1608 3699 1694 3730 ro-

666 3776 922 3811 manorum
942 3783 983 3806 n.
1007 3762 1304 3825 Transponit
1341 3762 1392 3809 J.
1429 3761 1506 3807 Fr.
1534 3764 1693 3811 Gron.

667 3859 814 3907 qnem
842 3840 1037 3903 sequuti
1060 3855 1225 3886 sumus
1254 3856 1367 3887 enm
1394 3841 1425 3888 J
1430 3873 1443 3886 .
1473 3840 1693 3888 Gronov.

665 3921 911 3984 Vei-burg.
932 3918 1063 3966 Oliv.
1082 3917 1279 3966 lelem.
1302 3919 1414 3967 Sch.
1434 3930 1483 3967 et
1497 3920 1618 3968 J.v.
1636 3923 1689 3968 L.

666 4002 778 4066 quis
821 3999 945 4048 illud
984 3997 1382 4047 antecedentibus
1420 4000 1586 4064 aptius
1629 3999 1692 4048 sd

664 4091 953 4129 structuram
984 4089 1032 4127 et
1063 4076 1285 4127 ordinem
1319 4080 1582 4129 verborum
1618 4095 1692 4126 re·

664 4158 894 4226 spondet.

1852 2495 1902 2540 6.
1949 2495 2087 2540 Inter
2127 2503 2370 2540 aratores.
2412 2491 2543 2541 Vide
2579 2492 2644 2540 ad
2689 2492 2743 2540 h.
2772 2491 2806 2540 Ι.

1782 2575 1920 2619 Verr.
1938 2574 2034 2630 111,
2062 2574 2110 2619 8.

1856 2667 1906 2711 7.
1935 2653 2045 2698 Suoe
2081 2649 2223 2716 leges.
2252 2650 2471 2700 Subaud.
2512 2651 2806 2716 pertun-bete

1780 2739 1829 2776 et
1857 2741 2036 2794 ereptae
2052 2731 2226 2778 Siculis
2254 2742 2383 2778 sunt.
2403 2734 2505 2779 Has
2524 2731 2648 2779 duas
2667 2747 2805 2778 voces

1783 2807 1912 2856 delet
1952 2808 2155 2868 Schiitz,
2183 2810 2319 2874 qnasi
2366 2827 2690 2875 quaecumque
2732 2827 2806 2858 se-

1780 2899 2025 2952 quuntur,
2052 2889 2115 2937 sd
2148 2889 2279 2952 leges
2300 2890 2573 2938 Siculorum
2608 2890 2808 2937 violam

1781 2968 2071 3030 pertineant.
2105 2968 2201 3015 Sed
2219 2985 2370 3031 quum
2392 2981 2565 3033 postea
2588 2990 2612 3012 ι
2629 2970 2806 3017 civium

1780 3063 2129 3096 romanorum·
2155 3048 2434 3111 perturbata
2451 3050 2563 3110 jura
2583 3050 2649 3096 sit
2674 3066 2809 3097 com·

1779 3138 2132 3175 memoraturus
2145 3136 2324 3184 orator,
2339 3142 2438 3174 uon
2454 3128 2630 3176 frustra
2649 3129 2809 3191 primo

1780 3206 2048 3254 Siculorum
2075 3205 2339 3269 peculiares
2364 3206 2494 3270 leges
2529 3224 2808 3255 enumerare

1782 3284 2187 3334 videtum—Civis
2213 3300 2322 3331 eum
2351 3285 2468 3334 cive.
2504 3288 2562 3333 In
2590 3286 2668 3334 his
2694 3303 2810 3334 cou-

1788 3365 2035 3413 troversiis
2077 3380 2199 3428 ques
2244 3364 2439 3412 Siculus
2491 3382 2605 3413 cum
2642 3367 2806 3415 Siculo

1786 3444 2011 3491 habebat.
2400 3489 2407 3504 ‚

1858 3526 1906 3572 8.
1922 3522 2169 3574 Edictum.
2190 3526 2264 3572 Ex
2279 3525 2379 3573 hoc
2400 3524 2516 3573 loco
2533 3524 2804 3590 intelligen-

1785 3603 1904 3651 dum
1944 3603 2090 3652 detur
2118 3620 2221 3652 nou
2260 3604 2455 3652 licuisse
2492 3606 2801 3668 praetoribus,

1784 3698 1951 3730 eorum
1988 3698 2115 3746 quos
2147 3681 2339 3744 judices
2366 3683 2603 3732 dederant
2626 3684 2802 3744 judici·

1783 3761 2074 3810 rescindere.
2103 3764 2266 3824 Quum
2304 3764 2435 3810 enim
2465 3765 2528 3811 iis
2555 3763 2802 3827 judicandi

1781 3851 2070 3903 potestatem
2092 3841 2316 3889 fecissent
2332 3874 2349 3898 ,
2381 3843 2580 3906 ipsimet
2591 3843 2801 3904 Jndieere

1782 3919 2089 3970 videbantur.
2105 3922 2330 3970 Ceterum
2351 3920 2412 3969 de
2430 3922 2565 3970 hisce
2581 3922 2802 3970 omnibus

1781 3998 2025 4056 rebuscf.
2056 4000 2257 4049 Excurs.
2286 3999 2347 4047 de
2372 3999 2551 4050 ordine
2577 4017 2802 4050 exercen-

1781 4077 1956 4125 dorum
1979 4112 1994 4137 ,
2036 4088 2193 4126 stante
2228 4095 2330 4144 rep.
2360 4079 2695 4142 judiciorum,
2736 4080 2796 4127 sd

1782 4155 1961 4205 calcem
1989 4159 2136 4220 hujus
2156 4158 2432 4208 voluminis.
