3044 4788
586 377 682 469 94
1231 370 1328 436 Μ.
1380 369 1457 434 Τ.
1512 368 2073 453 CICERONIS

584 491 761 565 tius!
810 493 938 590 qui
971 513 1203 587 quum
1235 488 1724 585 intelligerent
1754 486 1938 556 nihil
1973 511 2126 557 esse
2160 501 2306 557 tam
2345 503 2687 560 sanctum
2710 546 2731 577 ‚

582 603 785 703 quod
817 626 968 672 non
1001 597 1393 696 aliquando
1424 597 1728 668 violaret
1769 596 2108 683 audacia,
2152 601 2588 697 supplicium
2642 605 2728 671 in

578 708 965 816 parricidas
994 710 1355 805 singulare
1389 711 2018 805 excogitaverunt3
2065 722 2188 795 ut,
2237 735 2423 806 quos
2462 726 2728 782 natura

581 832 733 925 ipsa
761 826 1070 894 retinere
1102 822 1175 888 in
1207 816 1451 889 officio
1486 842 1637 887 non
1671 820 2063 914 potuisset,
2092 820 2179 904 ii,
2209 819 2723 915 magnitudine

579 959 816 1036 poenae
838 987 857 1020 ,
890 928 1240 1001 maleficio
1268 940 1945 998 summoverentur:
1994 929 2184 996 insui
2209 928 2601 999 voluerunt
2639 933 2722 997 in

584 1039 924 1118 culeum⁶
954 1043 1190 1126 vivoS,
1229 1052 1450 1135 atque
1491 1040 1591 1107 ita
1624 1039 1697 1106 in
1727 1034 2001 1106 flumen
2033 1035 2266 1131 dejici.

678 1158 933 1225 XXVI.
995 1154 1059 1220 Ο
1109 1149 1547 1245 singularem
1595 1149 2016 1244 sapientiam
2037 1200 2056 1232 ,
2095 1146 2378 1241 judices
2406 1144 2421 1215 Ι
2466 1171 2724 1217 nonne

583 1266 924 1337 videntur
948 1261 1149 1330 hunc
1173 1259 1546 1329 hominem
1581 1281 1667 1326 ex
1700 1280 1937 1325 rerum
1967 1270 2221 1325 natura
2251 1256 2625 1327 sustulisse
2648 1272 2729 1327 et

581 1378 954 1474 eripuisse,
976 1374 1092 1441 cui
1109 1383 1407 1467 repente
1428 1367 1707 1452 caelum,
1730 1366 2284 1462 solem,aquam,
2309 1381 2725 1465 terramque

581 1487 1007 1568 ademerint3
1029 1495 1136 1566 ut,
1158 1482 1283 1576 qui
1314 1503 1482 1548 eum
1500 1490 1846 1563 necasset,
1867 1475 2063 1547 unde
2087 1480 2241 1575 ipse
2267 1492 2478 1547 natus
2508 1491 2722 1565 esset,

586 1609 861 1669 careret
893 1596 978 1663 iis
1011 1588 1230 1661 rebus
1264 1584 1649 1672 omnibus,
1673 1610 1761 1655 ex
1789 1584 2058 1681 quibus
2090 1590 2335 1656 omnia
2367 1600 2537 1656 nata
2568 1611 2724 1657 esse

582 1703 970 1779 dicuntur?
995 1701 1130 1773 Nol
1142 1711 1407 1769 uerunt
1437 1693 1606 1766 feris
1635 1717 1900 1793 corpus
1933 1693 2251 1791 objicere
2272 1706 2324 1781 ¹,
2354 1720 2447 1766 ne
2469 1694 2725 1765 bestiis

584 1840 882 1916 quoque
911 1867 930 1899 ,
983 1834 1146 1907 quae
1190 1821 1473 1877 tantum
1514 1805 1748 1875 scelus
1799 1807 2236 1901 attigissent,
2283 1808 2727 1875 immaniori-

583 1928 726 1999 bus
772 1929 1236 2004 uteremur-²3
1273 1940 1423 1986 non
1469 1917 1571 1985 sic
1598 1911 1627 1957 3
1674 1913 1910 1985 nudos
1945 1918 2019 1985 in
2059 1913 2329 1985 flumen
2374 1914 2728 2011 dejicere,

590 2062 707 2123 ne,
733 2056 964 2130 quum
993 2028 1206 2098 delati
1233 2038 1473 2095 essent
1499 2027 1574 2093 in
1607 2047 1824 2109 mare,
1853 2026 2092 2120 ipsum
2117 2024 2553 2121 polluerent,
2575 2049 2726 2121 quo

589 2159 861 2229 cetera,
889 2163 1051 2237 quae
1085 2136 1345 2206 violata
1374 2148 1548 2204 sunt
1574 2187 1594 2220 ,
1629 2135 1940 2231 expiari4
1981 2147 2354 2231 putantur.
2386 2138 2728 2231 Denique

518 2394 527 2402 .
588 2352 845 2408 iuducere,
884 2343 1022 2411 quod
1058 2342 1245 2408 slioqui
1284 2357 1390 2389 nou
1425 2340 1612 2405 cogitn-

589 2442 717 2482 rent.

660 2511 711 2558 6.
724 2510 785 2555 In
800 2505 1002 2555 culeum.
1020 2500 1335 2551 Modestinus
1359 2499 1412 2547 in
1431 2498 1467 2545 l.
1488 2514 1520 2561 9
1548 2500 1612 2546 D.

590 2590 651 2638 de
672 2584 900 2652 parricid.
914 2585 1007 2640 sit,
1025 2580 1153 2629 insui
1175 2579 1485 2626 consuevisse
1503 2593 1612 2625 eum

589 2685 737 2726 cane,
750 2663 880 2730 gsllo
898 2661 1183 2727 gallinaceo,
1202 2657 1369 2722 vipera
1388 2668 1437 2704 et
1458 2657 1616 2704 simis.

589 2749 686 2796 Sed
704 2761 809 2793 non
826 2755 1048 2806 tempore
1064 2739 1340 2794 Ciceronis3
1365 2752 1467 2783 nou
1481 2736 1615 2783 enim

589 2826 828 2875 omisisset
845 2855 862 2881 ,
893 2836 1003 2884 quae
1020 2819 1119 2865 vim
1143 2817 1413 2880 argumenti
1437 2831 1615 2878 sugere

588 2911 831 2970 potes-snt.
857 2898 1030 2961 Neque
1072 2912 1187 2944 sene
1223 2906 1333 2943 sute
1379 2897 1614 2944 Senecam

591 2991 747 3031 exstat
810 2978 1066 3043 quisquam
1081 3008 1097 3034 ,
1155 2976 1241 3039 qui
1279 2975 1420 3022 culeo
1461 2973 1614 3021 ullam

590 3060 785 3124 adjiciat
820 3056 1040 3105 bestiam.
1086 3056 1242 3102 Porro
1276 3053 1612 3112 Jusfiuianus,

590 3147 709 3191 Inst.
726 3142 816 3198 IV,
839 3139 898 3186 18
913 3169 930 3197 ‚
961 3134 1020 3192 6,
1045 3131 1150 3181 hoec
1175 3132 1337 3181 omnis
1367 3131 1615 3194 Pompeiae

589 3223 684 3286 legi
711 3216 984 3282 adscripsit.
1012 3213 1140 3262 Hinc
1163 3212 1314 3277 igitur
1331 3222 1485 3259 totam
1501 3226 1612 3274 pss-

589 3301 750 3349 ricidii
774 3314 966 3363 poensm
993 3293 1088 3356 legi
1117 3291 1361 3356 Pompeiae
1395 3290 1611 3338 tribuere

590 3380 875 3428 deberemus
887 3409 904 3437 ‚
922 3375 1014 3422 nisi
1031 3371 1188 3436 probe
1206 3370 1436 3417 sciremus
1447 3402 1462 3427 ,
1486 3369 1614 3416 eulei

590 3467 777 3524 quanto
836 3455 897 3503 sit
948 3468 1066 3501 usus
1117 3448 1367 3512 antiquior
1381 3481 1396 3505 ‚
1457 3464 1612 3511 quum

591 3551 770 3584 «more
803 3535 1041 3594 maiorum
1073 3528 1216 3578 fleri·
1244 3527 1373 3574 dicet
1410 3526 1607 3585 Cicero,

591 3618 626 3667 i.
656 3633 704 3665 e.
734 3631 797 3663 ex
821 3628 1007 3661 summ
1038 3617 1278 3658 vetustate
1301 3618 1450 3670 nque
1484 3606 1611 3669 ipss-

590 3712 699 3745 rum
722 3695 821 3741 xn
841 3691 996 3740 stb.
1018 3688 1139 3752 lege.
1176 3687 1286 3735 Nisi
1321 3686 1448 3733 forte
1476 3686 1613 3734 dixe-

591 3777 741 3825 rimus
763 3771 945 3820 bestiss
967 3786 994 3817 s
1022 3752 1355 3830 Came,‘qui
1382 3765 1444 3813 de
1465 3766 1614 3830 psi-ri-

590 3855 807 3906 cidsrum
833 3850 977 3898 bouis
1003 3846 1227 3911 quaedsm
1246 3846 1467 3908 graviora
1492 3860 1612 3891 con·

589 3935 780 3994 stituit,
815 3924 1189 3992 sequentibusve
1233 3923 1611 3987 imperatoribus

587 4018 734 4065 fuisse
751 4010 956 4060 additas.
976 4006 1199 4056 Ceterum
1218 4012 1317 4049 tam
1331 4000 1477 4048 densa
1493 3999 1610 4050 huic

585 4093 803 4145 historia
821 4087 951 4154 puni
971 4084 1131 4134 offusa
1152 4080 1311 4144 caligo
1336 4090 1438 4140 est,
1463 4092 1520 4128 ut
1541 4082 1610 4128 ui-

1701 2339 1769 2387 hil
1794 2340 2013 2402 judicare
2040 2342 2189 2391 setius
2216 2341 2453 2389 videstur.
2489 2342 2637 2392 Cous.
2664 2343 2730 2392 sd

1702 2421 1817 2467 Her.
1839 2423 1879 2478 Ι,
1905 2422 1985 2477 13,
2004 2421 2063 2469 de
2076 2424 2265 2478 1nv.11,
2283 2424 2365 2480 50,
2378 2422 2438 2469 de
2450 2422 2577 2486 lege,
2587 2425 2730 2484 cujus

1702 2516 1756 2548 es
1782 2512 1896 2548 sunt
1912 2502 2089 2550 verba:
2121 2523 2144 2543 ι
2160 2504 2245 2566 qui
2273 2513 2518 2567 parentem
2549 2520 2726 2552 necas·

1704 2580 1788 2638 sit,
1810 2581 2069 2637 necaverit,
2099 2592 2248 2645 caput
2265 2581 2522 2638 obnubito,
2554 2584 2733 2632 culeo-

1705 2676 1801 2723 que
1816 2661 2005 2707 insutus
2025 2660 2077 2707 iu
2095 2660 2413 2724 profluentem
2433 2664 2584 2725 mergi
2591 2675 2673 2710 tor
2685 2685 2731 2712 ι.

1700 2739 1832 2786 Sulla
1851 2751 2008 2787 sutem
2028 2740 2151 2787 nihil
2172 2741 2254 2788 isti
2274 2741 2368 2804 legi
2388 2741 2606 2798 eddidit,
2632 2743 2730 2790 uisi

1701 2817 1838 2882 quod
1858 2817 2121 2881 sliquando
2150 2820 2438 2883 peculiarem
2477 2819 2539 2867 de
2574 2822 2732 2885 parri-

1702 2896 1819 2944 cidii
1844 2912 1986 2945 cause
2012 2909 2271 2962 praetorem
2293 2900 2524 2963 assignari
2549 2903 2734 2964 permi-

1700 2976 1780 3024 sit.
1803 2976 1954 3039 Quod
1980 2988 2140 3026 tamen
2161 2978 2253 3026 hac
2272 2981 2325 3025 iu
2345 2995 2487 3026 causa
2507 2996 2614 3027 uon
2638 2997 2731 3028 ex-

1701 3055 1844 3104 stitit.
1864 3056 1992 3104 Vide
2019 3056 2176 3105 Iudic.
2199 3060 2394 3121 Legum.

1772 3137 1962 3182 XXVI.
2011 3152 2056 3185 1.
2099 3136 2234 3184 Petis
2273 3153 2448 3200 cor-pus
2494 3137 2724 3201 objicere.

1700 3213 1848 3276 Quod
1888 3212 2064 3262 deinde
2105 3214 2199 3262 sub
2234 3214 2505 3264 Caesaribus
2545 3217 2726 3265 factum

1698 3303 1786 3342 est.
1812 3293 1998 3356 Digest.
2024 3295 2265 3348 vam,
2301 3311 2361 3357 9,
2386 3310 2440 3356 9.

1769 3387 1820 3419 α.
1855 3375 2119 3420 Uter-emur.
2143 3372 2361 3420 Verbum
2387 3386 2496 3421 utor·
2522 3391 2726 3439 usurpe-

1699 3459 1780 3498 tur
1800 3460 1902 3499 tum
1921 3451 1976 3497 iu
1993 3451 2158 3510 bonis,
2185 3462 2289 3499 tum
2316 3455 2370 3500 iu
2394 3453 2547 3501 malis.

1771 3530 1822 3578 3.
1840 3528 1934 3576 Sic.
1962 3530 2197 3578 Abundat
2231 3531 2282 3577 h.
2311 3531 2348 3578 l.
2376 3531 2643 3595 particula,
2671 3544 2731 3580 ut

1699 3608 1831 3673 apud
1870 3611 2046 3657 Horst.
2082 3613 2155 3672 11,
2197 3624 2291 3668 ιι,
2324 3610 2567 3668 tat-mul:
2608 3611 2732 3675 pinu

1692 3690 1912 3750 jacentes
1937 3690 2005 3736 sic
2033 3699 2212 3736 temere
2231 3710 2275 3740 υ.

1772 3775 1822 3823 4.
1840 3767 2066 3832 Expae’an'.
2101 3769 2320 3832 Respicit
2348 3778 2516 3816 orstor
2545 3767 2612 3814 sd
2640 3770 2730 3816 Eu-

1699 3845 1870 3910 ripidis
1894 3863 2084 3894 versum
2111 3848 2244 3895 hune
2263 3881 2280 3907 ,
2307 3863 2365 3895 ex
2393 3846 2556 3911 Iphig.
2574 3849 2730 3896 Tsur.

1705 3926 1836 3988 1193
1881 3940 1895 3974 :
1951 3922 2188 3974 Θάλασσα
2224 3923 2377 3983 κλύζει
2411 3923 2578 3974 πάντα
2620 3922 2735 3974 τάν·

1697 4001 1893 4071 Opim-mv
1936 4001 2108 4053 mi:
2155 4006 2297 4053 Mare
2326 4004 2519 4069 proluit
2554 4004 2724 4052 omnia

1699 4081 1977 4131 mormle‘oem
2004 4084 2155 4132 mala.
