3044 4788
668 371 809 442 326
1322 375 1417 441 Μ.
1466 374 1543 438 Τ.
1599 370 2167 439 CICERONIS

664 494 981 591 pernicie
1008 494 1326 567 civitatis».
1357 490 1760 564 Deducitur
1785 490 1920 559 iste
1946 486 2037 559 ad
2065 487 2452 559 Janitorem
2472 498 2498 541 ⁷
2540 513 2846 583 quem·

662 602 829 675 dam
879 603 1277 701 hospitem;
1338 603 1781 696 comitesque
1832 599 1989 692 ejus
2044 601 2220 669 item
2262 596 2453 694 apud
2509 613 2840 669 ceteros

664 712 987 810 hospites
1012 711 1477 783 collocantur.
1505 715 1606 781 Ut
1633 732 1791 780 mos
1821 721 1972 779 erat
1988 711 2231 794 istius,
2258 720 2473 803 atque
2508 722 2599 777 ut
2627 731 2831 779 eum

665 848 808 894 suae
852 821 1189 894 libidines
1231 818 1594 916 flagitiosae
1644 818 1877 890 facere
1931 814 2491 901 admonebant⁸‚
2554 820 2828 888 statim

667 932 1039 1028 negotium
1073 930 1193 1001 d'at
1227 931 1364 1001 illis
1384 932 1531 1002 suis
1551 929 1961 1016 comitibus,
1982 930 2436 1025 nequissimis
2461 930 2826 1026 turpissi-

667 1041 948 1134 misque
981 1037 1397 1111 hominibus
1418 1095 1438 1128 ‚
1471 1042 1581 1111 uti
1613 1038 1905 1110 videant
1941 1054 2012 1109 et
2046 1039 2517 1135 investigent,
2564 1063 2823 1135 ecqua

662 1152 865 1245 virgo
885 1150 998 1238 sit,
1017 1165 1143 1220 aut
1159 1152 1417 1223 mulier
1439 1150 1679 1247 digna,
1700 1148 2178 1245 quamobrem
2195 1150 2347 1245 ipse
2361 1160 2395 1207 9
2420 1152 2820 1246 Lampsaci

665 1258 935 1330 diutius
968 1275 1454 1333 commoretur
1474 1271 1558 1329 ¹⁰.

741 1375 981 1440 ·XXV.
1003 1375 1169 1441 Erat
1187 1394 1429 1440 comes
1459 1368 1612 1462 ejus
1640 1366 1961 1439 Rubrius
1979 1365 2269 1463 quidam
2287 1366 2543 1454 ‚homo
2563 1365 2819 1437 factus

666 1478 757 1550 ad
785 1480 986 1553 istius
1014 1479 1382 1567 libidines,
1427 1480 1557 1575 qui
1590 1480 1773 1548 miro
1806 1460 2128 1566 artificio,
2163 1502 2643 1574 quocumque
2676 1501 2813 1548 ve·

667 1605 913 1678 uerat,
949 1590 1101 1662 haec
1129 1590 1554 1684 investigare
1590 1589 1834 1658 omnia
1867 1586 2162 1657 solebat.
2199 1592 2269 1657 Is
2305 1587 2394 1658 ad
2432 1611 2604 1657 eum
2646 1611 2811 1657 rem

667 1702 873 1772 istam
916 1698 1191 1770 defert:
1252 1696 1754 1770 Philodamum
1803 1721 1955 1766 esse
2001 1695 2434 1791 quemdam,
2486 1721 2814 1792 genere,

667 1810 949 1882 honore
962 1864 981 1895 ‚
1000 1811 1225 1905 copiis
1242 1863 1261 1895 ‚
1281 1806 1803 1879 existimatione
1823 1804 2029 1877 facile
2049 1806 2450 1902 principem
2471 1809 2813 1902 Lampsa·

667 1943 1061 2006 cenorum3
1094 1918 1249 2011 ejus
1287 1942 1438 1989 esse
1464 1916 1684 1988 filiam
1708 1970 1728 2003 ‚
1762 1940 1922 2013 quae
1959 1939 2122 1985 cum
2159 1928 2362 2013 patre
2399 1914 2808 2001 habitaret,

667 2043 1055 2127 propterea
1082 2027 1285 2122 quod
1312 2029 1556 2100 virum·
1572 2052 1720 2098 non
1741 2026 2042 2097 haberet
2062 2037 2114 2113 ¹,
2138 2027 2509 2097 mulierem
2540 2028 2806 2097 eximia

665 2135 1251 2235 pulchritudine;
1291 2136 1413 2207 sed
1456 2161 1613 2207 eam
1657 2160 1937 2208 summa
1978 2136 2382 2232 integritate
2422 2136 2803 2232 pudicitia-

670 2271 809 2339 que
846 2247 1255 2317 existimari.
1318 2252 1588 2334 Hom0‚
1619 2262 1703 2317 ut
1736 2246 1886 2318 haec
1927 2246 2229 2332 audivit,
2269 2247 2368 2317 sic
2410 2248 2673 2317 exarsit
2709 2247 2800 2317 ad

670 2354 779 2441 id,
833 2355 1035 2453 quod
1078 2381 1229 2429 non
1275 2355 1495 2428 modo
1542 2356 1693 2454 ipse
1747 2380 2148 2454 numquam
2182 2355 2492 2445 viderat,
2534 2355 2662 2427 sed
2706 2383 2799 2427 ne

672 2465 996 2538 audierat
1030 2467 1327 2563 quidem
1350 2467 1442 2538 ab
1471 2491 1559 2538 eo
1577 2522 1596 2555 ‚
1632 2467 1761 2563 qui
1790 2468 1944 2563 ipse
1971 2466 2300 2554 vidisset,
2324 2481 2407 2537 ut
2435 2469 2675 2538 statim
2707 2466 2792 2536 ad

670 2576 1165 2648 Philodamum
1203 2579 1508 2673 migrare
1548 2602 1622 2649 se
1660 2578 1928 2649 diceret
1957 2575 2160 2648 velle.
2200 2581 2476 2673 Hospes
2499 2577 2793 2662 Janitor‚

672 2690 802 2783 qui
844 2688 1020 2758 nihil
1052 2689 1553 2783 suspicaretur,
1590 2688 1881 2773 verituS‚
1916 2710 2009 2758 ne
2043 2684 2225 2782 quid
2263 2689 2341 2756 in
2380 2687 2541 2782 ipso
2577 2710 2652 2757 se
2691 2685 2792 2757 of-

669 2794 1155 2881 fe11deretur2,
1196 2795 1565 2867 hominem
1595 2820 1871 2866 summa
1908 2797 1979 2864 vi
2004 2799 2315 2866 retinere
2342 2797 2582 2893 coepit.
2622 2802 2789 2881 Iste,

676 2906 801 3000 qui
836 2904 1138 2999 hospitis
1168 2904 1627 3002 relinquendi
1662 2929 1943 2975 causam
1982 2907 2299 3003 reperire
2333 2930 2483 2976 non
2518 2924 2789 3004 posset,

676 3013 810 3083 alia
861 3013 995 3084 sibi
1039 3015 1315 3087 ratione
1369 3020 1558 3086 viam
1612 3012 1949 3085 munire³
2004 3014 2092 3087 ad
2147 3030 2479 3112 stuprum
2527 3020 2783 3116 coepit:

678 3122 1029 3196 Rubrium
1057 3178 1075 3208 ‚
1113 3124 1399 3196 delicias
1434 3148 1636 3212 sua5‚
1691 3125 1768 3193 in
1805 3124 2144 3194 omnibus
2186 3125 2542 3218 ejusmodi
2579 3126 2788 3198 rebus

747 3383 796 3426 7.
820 3365 1107 3413 Ianitorem.
1134 3366 1326 3413 Nomen
1344 3375 1417 3412 est
1435 3367 1690 3429 proprium
1776 3368 1949 3416 absens
1968 3366 2050 3414 ille
2067 3376 2151 3414 aut
2168 3377 2392 3417 mortuus
2411 3378 2527 3415 erat.
2544 3369 2782 3418 Mulierem

673 3444 901 3494 hominis.
1777 3449 1907 3495 enim
1925 3444 2076 3494 modo
2098 3445 2311 3509 appellat
2337 3461 2440 3494 nou
2463 3446 2708 3511 virginem.

747 3525 800 3570 8.
835 3521 965 3570 Olim
997 3521 1367 3569 admonuerant.
1403 3522 1593 3570 Emest.
1618 3523 1692 3572 in·
1850 3542 1899 3571 a.
1938 3521 2301 3588 Offinderetur.
2341 3526 2417 3574 Ne
2444 3526 2567 3588 quiri
2593 3540 2709 3576 esset
2737 3530 2784 3575 in

679 3600 914 3664 terpolata
962 3600 1296 3664 suspicabatur
1347 3599 1496 3648 verba
1554 3601 1691 3651 haee:
1778 3604 2060 3663 semetipso,
2088 3603 2225 3667 quod
2245 3604 2382 3650 Verri
2407 3604 2695 3669 displiceret.
2713 3608 2785 3655 Sic

678 3704 702 3722 a
720 3691 867 3742 atque
919 3687 976 3725 ut
1026 3694 1133 3725 eum
1156 3709 1281 3726 .....
1303 3678 1631 3728 admonebant
1650 3702 1690 3729 n.
1782 3683 1967 3730 Ernest.
2003 3699 2067 3729 ex
2103 3692 2257 3747 quatt.
2283 3683 2409 3732 Mss
2437 3685 2779 3749 interpretatur.

676 3759 835 3807 Multo
864 3755 1129 3818 elegantius
1167 3756 1332 3807 abesse
1365 3757 1458 3806 ista
1492 3758 1693 3819 conjicit
1780 3762 1909 3809 Olim
1951 3761 2185 3810 edebatur
2225 3760 2519 3826 offindeoee.
2576 3765 2782 3814 Gravius

678 3834 875 3886 Schiitz.
902 3837 1116 3881 Temere.
1779 3840 2010 3890 malebat:
2035 3857 2132 3890 une
2148 3840 2269 3905 quid
2287 3842 2339 3889 in
2360 3843 2469 3907 ipso
2486 3843 2779 3893 offenderit».

750 3935 799 3978 9.
815 3916 893 3964 Sic
912 3931 939 3960 e
959 3912 1116 3960 Guelf.
1138 3912 1273 3960 dedit
1292 3915 1565 3979 Ermvnlg.
1586 3917 1689 3966 iste.
1781 3920 1999 3968 Lambin.
2047 3942 2068 3963 ιι
2088 3921 2136 3967 in
2185 3937 2235 3967 se
2278 3921 2542 3971 offenderit
2558 3947 2583 3965 ι-
2598 3958 2613 3982 ,
2653 3941 2780 3987 quem

754 4011 829 4042 10.
854 3992 978 4050 Alii,
999 4003 1389 4039 commoraretur.
1417 3996 1465 4041 J.
1482 3997 1544 4040 V.
1569 3998 1622 4043 L.
1780 4011 2010 4064 sequutus
2037 4010 2108 4046 est
2129 3999 2326 4048 Schiitz.
2352 4001 2450 4067 Alii
2481 4003 2638 4052 aliter.

750 4075 914 4123 XXV.
959 4088 1001 4119 1.
1044 4071 1157 4118 Νοη
1204 4069 1415 4122 baberet.
1454 4074 1692 4122 Nimirum
1853 4080 1904 4126 3.
1934 4079 2073 4125 Viam
2103 4079 2304 4129 munire.
2326 4081 2430 4128 Sibi
2452 4081 2579 4130 viam
2598 4082 2777 4146 aperire.
