3044 4788
718 363 802 434 ¹6
1354 372 1448 437 M.
1503 374 1581 438 T.
1630 374 2188 450 CICERONIS

702 505 900 579 sent,
919 506 992 564 et
1011 517 1243 589 quum
1267 493 1718 591 aliquantum
1751 506 2098 600 temporis
2121 508 2195 574 in
2228 530 2310 578 ea
2338 533 2415 580 re
2444 530 2630 585 esset
2660 541 2831 587 con·

700 615 1114 702 sumptum,
1159 626 1399 699 neque
1439 604 1846 704 quidquam
1880 610 2333 707 profectum⁸
2384 636 2605 709 esset3
2638 630 2831 698 venit

700 712 795 783 ad
825 711 1325 802 vadimonium
1361 717 1665 788 NaeviuS.

796 829 917 895 VI.
972 821 1298 895 Obsecro
1333 839 1402 895 te
1424 835 1475 913 ¹,
1512 831 1591 898 C.
1613 831 1921 926 Aquilli,
1958 858 2271 932 vosque,
2302 844 2431 936 qui
2462 840 2726 915 adestis
2756 850 2826 915 in

696 933 1038 1021 consili0,
1074 948 1160 1005 ut
1196 932 1579 1031 diligenter
1607 941 2034 1051 attendatis3
2078 959 2160 1017 ut
2199 951 2560 1047 singulare
2600 977 2827 1051 genus

692 1043 965 1115 fraudis
992 1058 1064 1115 et
1089 1067 1353 1115 novam
1382 1050 1735 1121 rationem
1768 1052 2194 1126 insidiarum
2218 1083 2654 1156 cognoscere
2677 1089 2827 1163 pos·

693 1159 866 1226 sitis.
883 1156 1025 1239 Ait,
1047 1178 1125 1225 se
1150 1158 1649 1229 auctionatum
1681 1184 1835 1232 esse
1851 1165 1927 1233 in
1944 1165 2213 1253 Gallia;
2235 1169 2441 1264 quod
2463 1170 2600 1242 sibi
2626 1173 2821 1245 vide·

689 1279 911 1352 retur,
957 1287 1033 1335 se
1080 1263 1542 1354 vendidisse3
1582 1277 1879 1343 ‘curasse
1902 1327 1921 1360 ‚
1966 1299 2061 1346 ne
2101 1276 2284 1372 quid
2331 1278 2468 1350 sihi
2523 1286 2824 1355 societas

688 1373 1017 1463 deberet;
1040 1399 1116 1445 se
1136 1375 1286 1471 jam
1319 1378 1829 1473 nequevadari
1856 1385 2194 1483 amplius,
2222 1412 2462 1485 neque
2494 1391 2823 1465 vadimo-

686 1488 890 1556 nium
919 1488 1379 1583 promittere3
1407 1487 1671 1584 siquid
1693 1502 1945 1586 agere²
1978 1518 2226 1566 secum
2248 1498 2423 1569 velit
2443 1502 2823 1591 Quintius»,

686 1620 837 1665 non
870 1618 1223 1666 recusare.
1260 1595 1429 1683 Hic,
1461 1620 1694 1693 quum
1724 1624 1877 1670 rem
1905 1604 2346 1677 Gallicanam
2381 1626 2684 1708 cuperet
2717 1640 2823 1687 re·

680 1707 948 1793 visere,
994 1704 1367 1775 hominem
1410 1708 1487 1775 in
1527 1712 1911 1804 praesentia
1949 1736 2099 1782 non
2137 1714 2440 1789 vadatur
2472 1746 2488 1788 :
2526 1724 2815 1795 itasine

678 1815 1094 1887 vadimonio
1146 1813 1565 1887 disceditur.
1648 1818 1930 1892 Deinde
1977 1828 2223 1894 Romae
2267 1825 2420 1899 dies
2477 1857 2618 1902 xxx
2667 1830 2818 1906 fere

674 1930 1019 2018 Quintius
1068 1940 1564 1997 commoratur
1605 1953 1621 1996 ε
1673 1952 1843 2000 cum
1899 1937 2186 2022 ceteris,
2241 1962 2405 2034 quae
2464 1939 2816 2034 habebat,

673 2035 1088 2107 vadimonia
1124 2033 1408 2120 differt,
1444 2052 1534 2108 ut
1570 2038 1949 2136 expeditus
1992 2044 2070 2113 in
2104 2046 2408 2117 Galliam
2452 2048 2817 2146 proficisci

674 2160 946 2244 posset:
973 2142 1477 2242 proficiscitur.
1495 2151 1727 2218 Roma
1750 2150 2119 2246 egreditur
2140 2170 2309 2226 ante
2337 2154 2532 2228 diem
2554 2185 2607 2230 11
2623 2159 2767 2233 kal.
2783 2160 2813 2205 ³

671 2254 1056 2340 februarii,
1092 2256 1425 2352 Scipione
1458 2270 1534 2326 et
1561 2257 1911 2330 Norbano
1945 2286 2123 2333 coss,
2160 2267 2421 2355 Quaeso
2444 2320 2464 2354 ,
2509 2283 2594 2338 ut
2637 2293 2815 2341 eum

671 2366 915 2438 diem‘*
948 2366 1312 2436 memoriae
1350 2363 1728 2439 mandetis.
1760 2374 1837 2440 L.
1869 2369 2156 2461 Albius,
2182 2377 2339 2446 Sex.
2367 2373 2597 2466 filius,
2624 2382 2813 2471 Qui-

669 2482 828 2547 rina
845 2473 900 2564 ⁵,
932 2479 1043 2545 vir
1075 2474 1349 2564 boum,
1382 2492 1457 2548 et
1495 2502 1665 2549 cum
1706 2484 1959 2578 primis
2007 2483 2402 2574 honestu5‚
2448 2511 2596 2560 una
2632 2515 2813 2588 pro·

665 2587 897 2659 fectus
929 2600 1056 2658 est.
1087 2591 1337 2677 Quum
1364 2591 1732 2661 venissent
1756 2589 1847 2661 ad
1880 2592 2077 2663 Vada
2104 2595 2615 2669 Volaterrana⁶
2646 2625 2813 2697 quae

666 2700 1163 2782 nominantur,
1189 2694 1438 2767 vident
1459 2696 2014 2795 perfamiliarem
2030 2707 2281 2792 Naevii,
2308 2710 2436 2803 qui
2464 2733 2554 2779 ex
2577 2710 2812 2783 Gallia

662 2833 929 2907 pueros
960 2807 1251 2878 venales
1286 2810 1405 2878 isti
1439 2806 1889 2898 adducebat,
1929 2816 2006 2882 L.
2048 2813 2500 2904 Publicium3
2553 2821 2684 2915 qui
2723 2837 2813 2892 ut

661 2927 965 2991 Romam
993 2920 1227 3003 venit,
1251 2934 1493 2989 narrat
1516 2923 1787 3008 Naevio,
1816 2946 1969 3018 quo
1997 2926 2074 2992 in
2110 2924 2269 2994 loco
2290 2923 2554 2997 viderit
2571 2930 2811 3018 Quin·

663 3033 879 3100 tium:
904 3025 1109 3125 quod
1133 3030 1269 3098 nisi
1294 3053 1382 3099 ex
1404 3026 1732 3101 Publicio
1755 3046 2125 3102 narratum
2140 3037 2386 3107 Naevio
2403 3051 2620 3139 esset,
2645 3062 2806 3110 non

660 3191 769 3240 duae
786 3190 1092 3255 spondebam
1119 3199 1281 3253 paneg
1317 3204 1368 3236 ω
1394 3188 1472 3237 die
1500 3192 1690 3254 prami-
1849 3184 1903 3234 3.
1929 3186 1990 3232 11
2010 3185 2203 3233 kalend.
2229 3186 2263 3235 i.
2287 3203 2330 3234 e.
2350 3187 2509 3251 pridie
2524 3188 2625 3237 kal.
2646 3201 2704 3237 ut
2726 3204 2806 3239 est

660 3284 763 3321 tuta
786 3271 850 3319 ad
870 3269 1092 3337 praetoris
1122 3269 1337 3317 tribunal
1362 3270 1531 3318 itum.
1562 3272 1686 3331 Quoe
1775 3263 1864 3313 inf.
1899 3266 1978 3312 18.
2006 3265 2086 3313 Sic
2115 3267 2383 3316 Hotoman.
2410 3267 2580 3316 Lamb.
2607 3269 2802 3320 Rmeet.

654 3353 856 3416 sponsio
882 3348 1226 3397 vadimonium
1251 3349 1537 3398 vocabatur.
1568 3349 1682 3397 Vid.
1773 3342 1937 3406 Vulgo
1951 3347 1981 3390 I
1986 3346 2034 3390 V
2040 3343 2235 3392 kalend.
2250 3369 2323 3381 -
2340 3347 2491 3394 Anno
2508 3346 2632 3397 Urb.
2651 3349 2775 3410 670.

657 3432 720 3479 ad
739 3430 919 3478 calcem
943 3428 1090 3487 hujus
1113 3426 1213 3473 vol.
1231 3426 1467 3491 Append.
1490 3427 1552 3475 de
1572 3427 1679 3476 ord.
1845 3432 1894 3478 4.
1923 3424 2050 3470 Eum
2069 3423 2212 3472 diem.
2237 3423 2366 3485 Quia
2387 3424 2569 3473 factum
2593 3426 2802 3475 Navius

653 3525 816 3558 exerc.
834 3507 942 3570 iud.
960 3506 992 3571 S
1016 3505 1076 3553 de
1104 3503 1394 3570 sponsione.
1583 3559 1588 3563 .
1769 3501 2100 3550 vadimonium
2121 3501 2316 3551 dicebat
2331 3501 2483 3553 fuisse
2506 3505 2649 3553 nonis
2666 3505 2798 3555 febr.

728 3591 781 3637 8.
808 3587 944 3634 Olim
954 3582 1240 3649 perfectum.
1262 3583 1489 3632 Correxit
1508 3586 1677 3634 Graev.
1767 3580 1888 3630 Vid.
1915 3597 2023 3645 cap.
2057 3582 2140 3630 18.

653 3686 682 3717 e
708 3666 856 3715 codd.
883 3666 935 3714 J.
954 3664 1019 3709 V.
1047 3664 1103 3711 L.
1839 3660 1892 3708 5.
1930 3659 2152 3723 Quirina.
2179 3660 2394 3712 Snbaud.
2423 3678 2490 3710 ex
2526 3662 2671 3711 ιη’ὂιι.
2701 3666 2800 3714 Lo-

720 3750 812 3795 VI.
845 3761 892 3793 1.
912 3741 1155 3791 Addimus
1185 3751 1233 3789 ce
1258 3752 1371 3805 post
1389 3741 1637 3792 olivetum
1656 3778 1672 3803 ‚
1767 3739 1902 3787 cutio
1925 3740 2171 3812 *jactibus
2197 3741 2465 3790 familiaris.

647 3827 736 3893 qui
754 3843 781 3874 e
804 3824 931 3873 MSS
951 3821 1221 3870 addiderat.
1235 3822 1267 3869 J
1271 3823 1353 3870 .V.
1370 3822 1426 3868 1..
1832 3819 1882 3867 6.
1910 3819 2057 3867 Vada
2091 3820 2416 3869 Volaterrana
2446 3822 2499 3869 in
2523 3822 2601 3870 via
2626 3823 2797 3871 Aure-

720 3922 769 3954 2.
795 3902 849 3951 Sa·
872 3901 998 3967 quid
1016 3915 1192 3964 agere.
1226 3899 1281 3945 Si
1317 3899 1443 3946 hanc
1471 3915 1607 3947 suam
1642 3917 1671 3948 ι
1758 3897 1850 3955 lia,
1876 3913 1902 3944 a
1926 3897 2146 3947 Liburno
2166 3901 2339 3948 xvm
2368 3899 2588 3948 millibus
2607 3901 2799 3950 distan-

643 3988 730 4036 lite
756 3982 1097 4032 discessionem
1127 3976 1365 4038 Quinum
1390 3978 1509 4025 velit
1531 3978 1669 4037 judi·
1760 3976 1843 4023 tie.
1863 3977 2208 4027 Volaterrana:
2226 3995 2341 4044 ager
2358 3980 2411 4026 in
2430 3981 2651 4042 Etruria,
2664 3982 2792 4028 mari

641 4071 714 4115 cis
743 4060 978 4113 sententia
1017 4054 1319 4115 confirmari,
1358 4066 1576 4122 paratum
1615 4074 1666 4107 se
1757 4054 1954 4106 minime
1977 4057 2253 4123 profundo,
2291 4059 2343 4106 in
2369 4058 2479 4106 vadi
2505 4075 2692 4109 morem
2725 4060 2792 4108 al·

638 4164 760 4196 esse.
1754 4133 1920 4182 luitur.
