3044 4788
683 484 830 578 534·
1429 495 1991 563 EXCURSUS

673 639 811 681 rem
875 615 1114 682 militiae
1139 665 1157 696 ,
1221 614 1759 704 disciplinamque
1835 616 2156 695 majorum
2191 637 2209 694 ;
2272 611 2435 700 quid
2500 613 2828 678 adversus

672 722 914 786 summi
952 722 1204 810 imperii
1245 722 1641 801 majestatem
1672 721 1811 785 ausi
1842 721 1980 785 sitis
2004 752 2049 784 ι».
2100 721 2333 806 Itaque
2370 740 2493 782 nec
2527 721 2824 809 impera·

673 828 832 891 toris
867 848 1146 907 nomen,
1191 848 1313 889 nec
1343 826 1763 914 supplicatio,
1811 846 1931 889 nec
1972 824 2347 912 triumphus
2388 823 2679 888 dabatur
2713 843 2824 889 aut

672 933 916 1023 legato,
940 948 1053 997 aut
1076 932 1188 994 ulli
1212 931 1319 994 alii
1347 932 1666 996 exercitus
1692 933 2040 1020 praesecto3
2075 952 2159 993 ne
2188 931 2241 993 si
2272 952 2506 993 eorum
2542 930 2817 1017 quidem

670 1058 900 1126 opera,
933 1054 1128 1124 atque
1150 1036 1391 1100 virtute
1420 1037 1775 1126 imperator
1796 1036 2030 1101 absens
2047 1083 2066 1117 ,
2097 1051 2213 1099 aut
2241 1044 2527 1123 aegrotus
2547 1083 2569 1114 ,
2607 1037 2818 1099 victo·

670 1143 830 1205 riam
879 1141 1152 1229 adeptus
1193 1158 1397 1223 esset3
1451 1142 1636 1231 quod
1685 1164 1819 1205 non
1865 1164 2097 1205 eorum
2139 1141 2442 1228 auspiciis
2494 1163 2603 1204 res
2650 1156 2817 1205 esset

669 1265 884 1335 gesta,
926 1246 1041 1311 sed
1091 1249 1295 1336 ipsius
1339 1249 1770 1337 imperatoris
1817 1249 2041 1337 Sigon.
2092 1246 2176 1312 de
2222 1248 2421 1335 antiq.
2454 1247 2593 1327 jur.
2631 1266 2811 1334 prov.

674 1352 784 1416 lib.
817 1355 916 1435 II,
949 1376 1088 1442 cap.
1125 1355 1187 1419 6.

759 1459 1220 1547 Auspiciorum
1245 1482 1404 1524 voce
1433 1459 1802 1542 denotatur,
1833 1444 1910 1523 ut
1938 1458 2068 1523 dixi
2096 1458 2221 1522 alio
2242 1459 2389 1523 loco
2411 1504 2432 1539 ,
2475 1458 2577 1521 vis
2612 1458 2808 1545 ipsius

672 1584 944 1627 summae
972 1566 1339 1652 potestatis,
1374 1581 1440 1628 et
1469 1564 1759 1628 eminens
1793 1562 2087 1652 quaedam
2125 1585 2344 1626 rerum
2373 1561 2808 1651 gerendarum

672 1672 1020 1736 auctoritas
1047 1694 1123 1735 ac
1159 1669 1439 1735 efficacia
1465 1670 1776 1766 divinitus
1809 1669 2276 1758 imperantibus
2305 1691 2639 1733 concessa.

759 1777 1062 1865 Auspicia
1095 1777 1163 1840 in
1207 1776 1426 1840 castris
1462 1775 1597 1841 duo
1632 1775 2130 1840 adhibebantur.
2176 1776 2440 1855 Unum,
2474 1790 2810 1854 coactum3

671 1882 983 1963 alterum,
1044 1886 1138 1945 ex'
1178 1881 1610 1968 acuminibus.
1653 1883 1967 1945 Coactum
2012 1880 2375 1967 auspicium
2422 1878 2587 1942 illud
2638 1896 2811 1958 erat,

673 1985 855 2074 quod
884 1987 1220 2075 petebatur
1243 2011 1322 2051 ex
1347 1987 1573 2075 pullis,
1611 2010 1776 2075 quos
1813 1988 1982 2050 fame
2010 2003 2200 2050 antea
2227 1984 2513 2049 domitos
2546 2007 2583 2047 e
2624 2008 2811 2049 mve-

666 2093 978 2180 pullarius
1007 2093 1324 2170 objectam
1367 2093 1449 2155 ad
1485 2094 1685 2158 offam
1722 2093 2087 2157 emittebat:
2134 2092 2190 2155 si
2225 2088 2473 2178 aliquid
2519 2113 2557 2153 e
2594 2091 2811 2179 pullo-

673 2219 824 2259 rum
863 2196 1263 2284 pascentium
1291 2219 1406 2260 ore
1436 2198 1505 2260 in
1550 2214 1790 2262 terram
1835 2198 2205 2278 cecidisset,
2255 2195 2625 2285 tripudium
2661 2198 2809 2261 soli·

673 2301 940 2365 stimum
986 2299 1351 2383 dicebatur,
1400 2325 1475 2366 ac
1522 2326 1910 2392 prosperum
1954 2302 2353 2367 habebatur:
2402 2302 2502 2366 sin
2558 2304 2808 2383 minus,

669 2407 1050 2471 infaustum.
1084 2409 1396 2472 Coactum
1430 2426 1650 2474 autem
1684 2408 2041 2490 dicebatur,
2069 2410 2257 2496 quia,
2279 2425 2357 2473 ut
2390 2424 2607 2472 ratum
2650 2425 2811 2474 esset

674 2513 1034 2601 auspicium
1053 2563 1070 2595 ‚
1123 2531 1203 2578 ut
1259 2533 1338 2578 ex
1381 2515 1513 2578 offa
1565 2514 1823 2579 caderet
1876 2513 2121 2601 aliquid
2169 2514 2533 2602 oportebat.
2582 2516 2809 2580 Cicero

674 2618 759 2683 de
817 2620 1097 2684 Divinat.
1151 2620 1261 2684 lib.
1310 2622 1411 2701 11,
1467 2642 1606 2709 cap.
1645 2619 1750 2684 33.
1794 2618 1965 2683 Illud
2013 2636 2235 2683 autem
2288 2619 2809 2702 observandum,

676 2724 859 2812 quod
906 2727 1314 2815 magistra-tus
1366 2724 1633 2813 quidem
1658 2772 1676 2806 ,
1721 2723 1835 2812 qui
1882 2724 1951 2787 in
2009 2726 2354 2788 consulatu
2412 2741 2480 2789 et
2529 2743 2809 2813 praetura

671 2829 1070 2916 provinciam
1102 2830 1561 2912 obtinuissent,
1586 2853 1752 2911 non,
1787 2829 1912 2892 nisi
1939 2828 2389 2894 addicentibus
2408 2830 2641 2918 pullis,
2675 2853 2809 2895 ren

621 3007 624 3010 Α
674 2934 873 2997 ullam
906 2933 1167 3023 aggredi
1207 2936 1428 3000 solitos
1471 2936 1707 3000 fuisse:
1761 2936 2186 3022 proconsules
2217 2957 2407 3017 vero,
2437 2950 2502 2999 et
2526 2959 2813 3024 propre·

667 3055 877 3118 tores,
922 3056 997 3103 ut
1042 3041 1156 3127 qui
1202 3041 1343 3105 sine
1374 3043 1754 3132 magistratu
1789 3058 2039 3122 essent,
2092 3064 2169 3105 ea
2227 3064 2358 3105 non
2407 3041 2807 3105 observasse.

669 3144 882 3228 Quod
914 3147 1056 3212 elici
1085 3170 1278 3236 posse
1305 3148 1567 3212 videtur
1585 3170 1673 3210 ex
1698 3146 1911 3211 verbis
1950 3147 2301 3212 Ciceronis,
2338 3145 2505 3211 Ibid.
2532 3169 2679 3234 cap.
2710 3147 2809 3211 36.

765 3253 1146 3341 Auspicium
1182 3276 1258 3317 ex
1291 3253 1704 3317 acuminibus
1742 3253 2017 3316 militare
2064 3253 2223 3334 fuit,
2280 3251 2394 3317 sed
2438 3250 2810 3331 cujusmodi

671 3358 876 3422 fuerit
908 3357 1143 3422 eruditi
1177 3375 1463 3441 certant,
1509 3375 1577 3421 et
1598 3357 1820 3422 adhuc
1850 3359 1971 3422 sub
2004 3357 2222 3438 judice
2256 3357 2333 3421 lis
2367 3373 2483 3421 est.
2510 3357 2811 3421 Meminit

669 3461 911 3526 Cicero
951 3463 1108 3529 ibid.
1143 3486 1280 3553 cap.
1318 3464 1422 3546 36,
1463 3481 1531 3528 et
1564 3462 1645 3527 de
1681 3464 1830 3528 Nat.
1858 3466 2057 3528 Deor.
2090 3464 2188 3544 11,
2224 3486 2361 3550 cap.
2393 3460 2454 3525 3.
2490 3464 2633 3551 Ego
2661 3486 2810 3527 aeu—

679 3568 853 3630 mina
888 3569 1294 3658 interpretari
1327 3591 1517 3657 posse
1553 3591 1702 3633 reor
1738 3569 1921 3656 quasi
1959 3570 2330 3652 cacum-ina,
2369 3569 2511 3633 loca
2543 3569 2807 3633 collium

681 3670 1071 3755 editissima,
1107 3676 1226 3738 ubi
1258 3676 1450 3738 colles
1480 3672 1832 3757 deficiunt3
1868 3673 2044 3739 unde
2078 3674 2239 3764 quid
2274 3675 2434 3740 boni
2462 3674 2808 3764 portende·

678 3792 778 3840 ret
807 3776 1024 3840 avium
1057 3779 1308 3843 volatus
1331 3779 1856 3848 observabatur&

760 3995 806 4026 1.
832 3979 964 4028 Toto
986 3979 1107 4028 calo
1133 3979 1270 4044 quod
1295 3979 1357 4028 ad
1373 3980 1478 4029 boc
1497 3984 1704 4048 auspicii
1788 3985 2106 4049 phaenomena
2130 3984 2353 4049 quadam
2380 3984 2605 4032 eleouica
2638 3985 2806 4039 fuine.

682 4074 838 4126 genus
880 4059 1118 4122 pertinet,
1159 4059 1340 4108 fallitur
1381 4062 1663 4127 Desjardins
1683 4082 1701 4111 .·
1789 4082 1817 4112 e
1842 4081 1944 4128 quo
1983 4081 2156 4129 genere
2200 4076 2272 4113 est
2306 4063 2429 4112 illud
2465 4063 2605 4127 quod
2646 4064 2805 4113 Livius

681 4148 881 4202 apparet
918 4141 1077 4197 enim,
1133 4151 1186 4187 ut
1239 4140 1421 4203 optime
1464 4140 1703 4206 explicuit
1788 4155 1951 4192 narrat
1973 4144 2101 4192 nist.
2123 4145 2297 4205 xxa,
2318 4158 2370 4191 1:
2392 4143 2805 4207 «Augebantmae-

679 4219 998 4282 nottingum
1037 4220 1099 4267 ad
1125 4221 1254 4269 *loca
1296 4233 1439 4287 supra
1476 4221 1666 4269 laudata
1685 4256 1700 4282 ,
1789 4234 1893 4270 tum
1920 4222 2142 4287 prodigia
2167 4233 2232 4270 ex
2254 4222 2480 4287 pini-ibus
2509 4222 2655 4269 simul
2686 4221 2806 4269 loeis
