3044 4788
644 453 782 550 37²
1296 453 1393 520 M.
1444 452 1520 518 T.
1575 450 2136 520 CICERONIS

739 578 919 647 LIII.
974 579 1273 661 Vereor,
1312 598 1403 644 ne
1440 574 1605 671 quis
1644 570 1830 644 forte
1879 570 1971 643 de
2021 572 2299 670 populo
2323 626 2342 659 ,
2382 573 2515 670 qui
2553 575 2803 672 priori

641 689 929 760 actione
955 710 1106 755 non
1132 681 1376 772 affuit,
1408 682 1562 755 haec
1579 737 1598 770 ,
1625 686 1796 781 quia
1831 698 2135 783 propter
2160 683 2515 780 insignem
2548 689 2804 783 turpi·

643 793 971 868 tudinem
987 790 1650 881 suntincredibilia,
1670 791 1847 889 fingi
1874 818 1913 865 a
1947 818 2067 865 me
2092 792 2502 865 arbitretur.
2522 798 2628 865 Ea
2655 820 2803 867 vos

642 924 852 979 antea
871 960 890 993 ,
912 902 1199 1001 judices
1220 956 1241 987 ,
1286 906 1748 999 cognovistis.
1782 904 1983 975 Dixit
2010 904 2293 1000 juratus
2326 908 2398 976 P.
2430 906 2748 977 Potitius
2772 962 2798 995 ,

643 1031 842 1087 tutor
866 1011 1120 1111 pupilli
1153 1012 1348 1083 Junii
1382 1041 1397 1083 :
1431 1011 1617 1084 dixit
1648 1016 1746 1083 M.
1777 1018 2036 1085 Junius
2073 1028 2277 1086 tutor
2312 1028 2386 1085 et
2427 1028 2735 1112 patruus
2768 1046 2789 1087 :

522 1192 535 1203 ,
637 1124 948 1197 Mustius
981 1120 1316 1209 dixisset,
1354 1124 1409 1192 si
1450 1117 1757 1210 v'iveret3
1807 1122 1937 1194 sed
1971 1147 2109 1220 pro
2143 1126 2454 1211 Mustio,
2498 1127 2792 1196 recenti

632 1259 717 1306 -re
759 1233 848 1305 de
892 1234 1162 1304 Mustio
1202 1230 1533 1302 auditum
1556 1241 1575 1275 ¹
1621 1230 1802 1302 dixit
1831 1236 1909 1303 L.
1933 1235 2318 1303 Domitius.
2365 1233 2510 1321 Qui
2541 1258 2786 1330 quum

635 1349 886 1430 sciret,
918 1366 1035 1414 me
1071 1365 1161 1412 ex
1192 1342 1460 1411 Mustio
1493 1342 1656 1410 vivo
1689 1338 2009 1429 audisse,
2044 1340 2249 1438 quod
2284 1366 2374 1413 eo
2407 1367 2571 1413 sum
2597 1368 2788 1415 usus

635 1440 1033 1552 plurimuin
1060 1450 1381 1545 (etenim
1416 1447 1492 1518 id
1516 1446 1872 1543 judicium
1893 1504 1912 1537 ,
1947 1449 2151 1548 quod
2179 1474 2410 1549 prope
2440 1455 2784 1523 omnium

635 1565 1089 1636 fortunarum
1116 1583 1412 1632 suarum
1438 1562 1519 1629 G.
1548 1563 1857 1632 Mustius
1881 1559 2172 1649 habuit,
2201 1586 2319 1637 me
2348 1586 2499 1633 uno
2528 1562 2785 1635 defen·

636 1676 857 1747 dente
882 1672 1137 1767 vicit),
1166 1694 1398 1767 quum
1435 1668 1620 1757 hoc,
1654 1683 1742 1740 ut
1779 1667 1946 1739 dico
1969 1722 1988 1755 ,
2025 1669 2237 1739 sciret
2274 1672 2353 1739 L.
2372 1671 2780 1759 DomitiuS,

633 1812 753 1858 me
793 1786 1010 1870 scire,
1075 1781 1169 1851 ad
1211 1804 1381 1851 eum
1435 1804 1551 1851 res
1597 1803 1852 1850 omnes
1887 1780 2238 1850 Mustium
2274 1778 2569 1850 solitum
2617 1804 2780 1852 esse

635 1891 951 1978 deferre;
993 1906 1235 1962 tamen
1272 1887 1364 1960 de
1405 1888 1807 1961 Chelidone
1846 1887 2168 1974 reticuit,
2204 1887 2449 1988 quoad
2483 1892 2774 1988 potuit:

632 2006 773 2077 alio
826 2000 1376 2099 responsionem
1430 2022 1635 2073 suam
1700 1997 2070 2070 derivavit.
2137 2001 2409 2069 Tantus
2465 2004 2542 2069 in
2593 1999 2771 2071 ado-

628 2116 944 2186 lescente
976 2107 1370 2179 clarissimo
1395 2132 1477 2178 ac
1498 2109 1831 2206 principe
1851 2108 2296 2203 juventutis²
2328 2108 2569 2205 pudor
2595 2109 2770 2199 fuit,

630 2234 716 2293 ut
744 2214 1169 2314 aliquandiu
1187 2269 1208 2304 ,
1244 2239 1474 2312 quum
1503 2241 1545 2287 a
1576 2242 1694 2288 me
1737 2232 2214 2315 premeretur,
2240 2222 2490 2291 omnia
2520 2225 2770 2318 potius

625 2326 1136 2427 responderet,
1163 2324 1384 2425 quam
1416 2326 1892 2399 Chelidonem
1916 2329 2342 2401 nominaret.
2370 2332 2613 2403 Primo
2639 2358 2770 2407 ne-

625 2442 968 2515 cessarios
1004 2440 1207 2510 istius
1232 2436 1323 2510 ad
1346 2434 1557 2510 eum³
1593 2438 1932 2536 allegatos
1969 2464 2124 2512 esse
2159 2439 2465 2529 dicebat,
2499 2441 2765 2518 deinde

624 2551 1014 2650 aliquando
1048 2564 1337 2622 coactus
1360 2548 1834 2621 Chelidonem
1867 2552 2284 2622 nominavit.
2326 2555 2489 2623 Non
2531 2568 2602 2625 te
2633 2580 2765 2653 pu-

624 2664 747 2738 det
764 2720 782 2752 ,
804 2669 1095 2750 VerreS,
1116 2661 1275 2757 ejus
1297 2660 1621 2732 mulieris
1644 2659 1996 2730 arbitratu
2015 2663 2310 2762 gessisse
2339 2678 2723 2760 praeturam
2740 2721 2761 2753 ,

624 2799 847 2874 quam
869 2779 949 2845 L.
978 2772 1339 2843 Domitius
1373 2769 1464 2841 ab
1490 2794 1574 2842 se
1603 2771 1966 2840 nominari
1990 2819 2010 2855 ,
2049 2772 2167 2841 vix
2196 2769 2334 2843 sibi
2369 2771 2761 2846 honestum

621 2908 776 2956 esse
810 2880 1337 2953 arbitrabatur?

721 2995 900 3065 LIV.
928 2992 1202 3087 Rejecti
1230 3016 1272 3064 a
1301 2991 1700 3063 Chelidone
1722 3039 1742 3078 ,
1776 2993 2074 3090 capiunt
2103 2993 2482 3064 consilium
2519 3019 2760 3067 neces-

623 3104 890 3176 sarium
916 3157 936 3190 ,
988 3116 1069 3173 ut
1107 3104 1508 3201 suscipiant
1560 3101 1697 3199 ipsi
1737 3105 2114 3199 negotium
2157 3129 2175 3171 ε
2215 3127 2383 3175 cum
2425 3103 2759 3177 Rabonio

625 3236 864 3292 tutore
885 3229 937 3303 ¹,
989 3215 1190 3314 quod
1252 3228 1407 3286 erat
1461 3213 1584 3282 vix
1637 3218 1787 3285 H·S
1839 3211 2353 3310 quadraginta²
2411 3214 2757 3302 millium,

626 3332 1028 3427 transigunt
1060 3330 1206 3396 H·S
1232 3323 1563 3408 ducentis
1595 3323 1932 3397 millibus,
1957 3322 2204 3396 Refert
2228 3324 2320 3395 ad
2356 3330 2576 3398 istum
2603 3352 2758 3400 rem

689 3538 818 3584 LIII.
843 3551 889 3585 1.
921 3533 1177 3583 Auditum.
1205 3530 1333 3580 Nam
1356 3529 1490 3594 apud
1516 3530 1643 3578 anti·
1801 3532 1855 3578 3.
1881 3529 1967 3578 Ad
1994 3545 2119 3606 eum.
2156 3532 2239 3581 Ad
2265 3535 2465 3582 Verrem
2481 3570 2497 3595 ,
2529 3537 2614 3600 qui
2639 3553 2759 3603 age.

620 3631 745 3680 quos
778 3615 922 3661 etiam
950 3612 1011 3661 de
1034 3608 1287 3660 auditione
1312 3608 1644 3657 testimonium
1731 3619 1842 3657 rent
1867 3624 1979 3656 eum
2008 3625 2069 3658 eo
2095 3609 2156 3658 de
2178 3627 2229 3659 re
2257 3614 2579 3677 transigenda.

620 3693 886 3744 dicebatur.
914 3691 1043 3738 'Vide
1070 3705 1162 3754 pro
1188 3690 1340 3737 Rosc.
1367 3688 1505 3737 Com.
1534 3704 1643 3753 cap.
1803 3689 1931 3737 LIV.
1969 3705 2015 3737 1.
2053 3691 2243 3738 Tutore.
2281 3693 2536 3756 Emphasis
2570 3693 2623 3742 in
2656 3696 2757 3744 hoc

629 3784 707 3831 ¹4·
751 3798 821 3809 -
869 3773 927 3819 L.
966 3766 1224 3816 Domitius.
1258 3765 1642 3829 Ahenobarbus,
1729 3764 1909 3824 verbo,
1944 3768 2083 3830 quasi
2115 3767 2247 3817 dicat
2276 3786 2390 3818 cum
2424 3788 2486 3819 eo
2523 3772 2754 3833 homine,

621 3853 709 3918 qui
728 3860 898 3915 postea
921 3846 1094 3895 consul
1116 3845 1209 3892 fuit
1230 3848 1296 3894 A.
1318 3846 1380 3895 U.
1400 3847 1521 3909 699.
1726 3844 1808 3892 cui
1833 3846 2041 3894 maxime
2067 3863 2159 3911 pro
2180 3847 2373 3913 pupillo
2399 3862 2502 3899 erat
2535 3868 2754 3917 pagum-

695 3948 745 3979 ι.
793 3925 1014 3989 Principe
1040 3923 1319 3990 juventutis.
1363 3925 1487 3987 Quae
1531 3924 1638 3973 laus
1726 3925 1866 3974 durn-

616 4010 817 4062 sttribui
851 4007 975 4056 solet
1011 4002 1401 4054 adolescentibus
1437 4002 1640 4052 nobilis·
1800 4020 1850 4053 π.
1874 4007 1982 4054 H·S
2002 4006 2359 4074 quadraginta.
2391 4012 2519 4062 Circ.
2538 4014 2692 4071 8,aoo
2710 4014 2747 4063 s.

617 4092 749 4140 simis
766 4125 780 4148 ,
812 4090 899 4152 qui
923 4095 1064 4134 etate
1089 4081 1477 4132 excludebantur
1504 4101 1531 4131 a
1559 4099 1638 4130 ca·
1727 4087 1788 4132 Et
1819 4086 1986 4150 paullo
2007 4086 2159 4146 infra,
2191 4109 2216 4130 ιι
2234 4090 2334 4138 H·S
2355 4089 2578 4142 ducentis
2599 4093 2753 4140 milli-

615 4168 861 4238 posseudis
888 4163 1261 4229 magistratibus.
1727 4162 1853 4209 bus·-
1869 4199 1885 4224 ,
1914 4161 2028 4214 circ.
2045 4173 2071 4220 ⁴
2087 4180 2229 4223 1‚ooo
2255 4168 2290 4216 f.
