3044 4788
591 676 1058 784 ALIUD
1145 675 2285 781 ARGUMENTUM.

369 924 541 982 Caius
583 923 888 982 Cornelius
916 926 1129 981 Verres
1169 921 1296 981 Caii
1350 921 1532 993 filius,
1587 920 1806 980 familia
1850 920 2034 980 nobili
2087 934 2282 995 ortus,
2320 942 2499 1000 quum

446 1033 582 1098 post
633 1033 925 1098 peractam
976 1018 1345 1097 juventutem
1402 1017 1790 1096 turpissimam
1849 1018 2466 1098 flagitiosissimamque
2485 1065 2504 1092 ‚

447 1116 520 1176 ad
575 1116 995 1196 rempublicam
1043 1116 1372 1175 accessisset
1393 1159 1410 1187 ,
1465 1114 1697 1173 tandem
1736 1115 1947 1176 siciliae
1987 1129 2233 1195 praetor,
2294 1117 2356 1175 in
2396 1118 2505 1176 hac

447 1215 754 1293 provincia
797 1234 1003 1287 avare,
1050 1234 1118 1272 ac
1158 1212 1469 1272 libidinose
1503 1226 1794 1285 versatus,
1854 1232 1962 1291 per
2000 1214 2314 1273 triennium
2361 1234 2508 1293 pro-

446 1325 650 1391 rogato
675 1327 919 1391 propter
949 1312 1296 1372 successoris
1322 1311 1481 1372 Arrii
1518 1324 1769 1370 mortem
1805 1311 2088 1391 imperio,
2127 1313 2347 1371 nullam
2385 1316 2505 1372 sere

445 1409 650 1468 horam
673 1411 789 1488 egit
811 1430 1052 1469 vacuam
1081 1430 1115 1468 a
1142 1410 1300 1467 furto
1319 1452 1337 1482 ,
1365 1409 1583 1467 scelere
1601 1451 1617 1476 ‚
1643 1408 1862 1485 flagitio
1899 1422 1957 1467 et
1998 1408 2359 1469 crudelitate.
2387 1415 2502 1470 Tot

448 1507 625 1584 igitur
649 1509 932 1586 tantisque
953 1507 1178 1585 injuriis
1205 1506 1402 1565 afflicti
1427 1520 1484 1565 et
1511 1506 1778 1564 exhausti
1808 1505 2021 1579 Siculi,
2064 1520 2200 1585 post
2230 1507 2353 1585 ejus
2380 1507 2506 1566 dis-

449 1622 672 1662 cessum
700 1623 761 1662 se
792 1603 862 1662 ad
892 1609 974 1662 M.
990 1603 1245 1663 Tullium
1266 1604 1604 1661 Ciceronem
1634 1603 2029 1674 contulerunt,
2046 1603 2149 1680 qui
2180 1603 2239 1661 in
2265 1623 2333 1661 ea
2360 1622 2505 1681 pro—

449 1698 640 1757 vincia
684 1713 1032 1777 quaesturam
1068 1713 1344 1777 gesserat,
1386 1718 1563 1776 seque
1612 1697 2013 1757 moderatione
2066 1711 2127 1756 et
2174 1698 2505 1777 integritate

448 1796 896 1875 provincialibus
931 1795 1310 1876 probaverat,
1351 1815 1602 1874 eumque
1642 1814 1812 1854 orare
1852 1814 1968 1852 non
2021 1794 2393 1870 destiterunt,
2441 1809 2507 1854 ut

445 1899 686 1954 Verrem
722 1894 1178 1972 repetundarum
1231 1893 1573 1971 postularet.
1630 1893 1865 1964 Cicero,
1922 1890 2182 1969 quamvis
2231 1891 2305 1950 ad
2355 1892 2506 1951 hanc

442 1989 597 2050 diem
623 1989 1054 2049 defensionibus
1082 2003 1303 2048 tantum
1333 1991 1652 2048 amicorum
1695 1988 2015 2061 floruisset,
2047 1988 2401 2067 omninoque
2429 1989 2503 2048 ab

444 2086 905 2146 accusationibus
929 2086 1302 2160 abhorreret,
1340 2086 1454 2145 hoc
1490 2104 1681 2145 tamen
1710 2097 1799 2142 tot
1826 2085 2129 2143 hominum
2161 2085 2504 2145 honestissi-

442 2205 671 2244 morum
684 2186 890 2263 suique
914 2184 1231 2243 amantium
1259 2183 1453 2242 studio
1484 2197 1544 2241 et
1564 2182 1905 2261 flagitationi
1938 2181 2173 2256 tribuit,
2218 2196 2287 2241 ut
2307 2185 2505 2243 Verris

441 2282 676 2341 nomine
710 2282 936 2358 delate,
975 2301 1036 2340 se
1073 2281 1401 2342 Siculorum
1444 2281 1705 2338 futurum
1746 2294 2060 2358 patronum
2108 2281 2499 2359 profiteretur.

441 2379 594 2439 Illud
627 2391 909 2458 praeterea
927 2378 1264 2437 Ciceronem
1291 2398 1410 2436 non
1439 2377 1675 2436 minime
1703 2374 2089 2450 accendebat,
2121 2377 2282 2455 quod
2308 2376 2420 2436 hac
2443 2379 2505 2437 in

444 2496 618 2535 causa
651 2496 879 2536 summo
908 2496 1040 2534 cum
1068 2489 1303 2534 oratore
1330 2474 1648 2533 Hortensio
1681 2473 1756 2531 de
1791 2473 2057 2531 maximis
2098 2474 2272 2533 rebus
2315 2475 2504 2533 collu-

443 2586 719 2646 ctat-etur,
756 2584 816 2632 et
840 2591 1103 2651 magnam
1135 2570 1246 2629 sibi
1278 2571 1484 2648 populi
1508 2570 1753 2648 gratiam
1791 2569 2089 2627 conciliari
2132 2582 2421 2642 cerneret,
2454 2571 2502 2629 si

442 2677 684 2730 Verrem
731 2668 906 2729 totius
949 2668 1270 2727 nobilitatis
1320 2667 1595 2727 insolenti
1628 2666 1900 2745 praesidio
1940 2665 2292 2740 subnixum,
2341 2667 2503 2727 nulla

445 2786 564 2826 non
610 2766 816 2826 fraude
866 2766 941 2824 ad
979 2766 1410 2845 corrumpenda
1452 2764 1674 2843 judicia
1706 2764 2084 2838 abutentem,
2126 2763 2502 2823 nihilominus

443 2874 852 2942 prosterneret.
893 2862 1008 2923 Sed
1057 2863 1372 2942 derepente
1412 2861 1630 2921 exstitit
1670 2860 1924 2933 Quintus
1965 2861 2202 2939 quidam
2242 2860 2502 2921 Caecilius

442 2960 640 3039 Niger,
660 2961 800 3019 civis
821 2964 1134 3027 Romanus,
1158 2959 1337 3019 homo
1357 2959 1604 3030 Siculus,
1636 2957 1916 3036 religione
1938 2962 1972 3016 J
1976 2955 2173 3016 udaeus
2192 2962 2217 3031 ,’
2252 2972 2506 3036 quator

443 3058 646 3117 Verris
666 3057 1087 3135 Lilybaetanus,
1118 3068 1178 3114 et
1201 3055 1493 3133 ejusdem,
1516 3066 1583 3112 ut
1613 3053 1738 3133 ipse
1769 3053 1981 3127 aiebat,
2007 3054 2294 3128 inimicus,
2313 3055 2415 3133 qui
2440 3074 2503 3114 se

446 3154 642 3234 potius
699 3167 1090 3213 accusatorem
1147 3153 1423 3213 constitui
1477 3163 1755 3230 oportere
1816 3151 2212 3210 contenderet.
2267 3151 2502 3212 Scilicet

445 3252 552 3310 iste
573 3252 770 3312 Verris
801 3253 1081 3312 scelerum
1124 3250 1357 3329 adjutor
1392 3263 1451 3308 et
1490 3249 1815 3328 particeps,
1857 3248 2009 3306 hanc
2045 3247 2467 3307 accusationem
2486 3291 2504 3323 ,

445 3349 673 3408 favente
689 3350 1028 3421 Hortensio,
1054 3369 1090 3407 a
1110 3346 1408 3426 judicibus
1431 3344 1768 3426 postulabat
1783 3389 1799 3418 ‚
1822 3359 1888 3405 ut
1910 3344 2061 3403 hanc
2087 3344 2197 3403 sibi
2225 3345 2503 3404 commis-

443 3465 562 3505 sam
586 3446 946 3525 provinciam
968 3445 1247 3525 proderet
1260 3489 1277 3515 ,
1291 3448 1653 3522 Verremque
1674 3443 2003 3522 turpissima
2020 3441 2499 3521 praevaricatione

441 3543 857 3603 absolvendum
883 3557 1131 3603 curaret,

514 3642 675 3700 Inter
691 3641 864 3718 istum
887 3640 1065 3719 igitur
1086 3654 1145 3699 et
1160 3640 1500 3700 Ciceronem
1526 3659 1707 3718 quum
1726 3638 2160 3704 decernendum
2178 3649 2348 3707 esset,
2368 3648 2502 3694 uter

438 3736 862 3795 accusationem
901 3736 1262 3808 institueret,
1309 3735 1512 3795 habita
1539 3748 1626 3796 est
1652 3735 1846 3793 oratio
1876 3737 2029 3806 haec,
2059 3752 2189 3812 quae
2215 3734 2503 3790 Divinatio

439 3831 796 3892 inscribitur.
820 3833 1105 3890 Divinatio
1133 3846 1325 3891 autem
1356 3846 1444 3892 est
1463 3831 1771 3911 judicium,
1800 3850 1918 3910 quo
1942 3829 2084 3902 duo,
2107 3830 2380 3908 pluresve
2399 3828 2501 3905 qui

437 3949 497 3987 se
515 3929 769 4007 proponi
793 3929 852 3987 in
873 3928 1220 3999 accusando,
1247 3930 1364 3987 sive
1393 3929 1467 3988 de
1488 3929 1734 4003 ambitu,
1764 3929 1882 3987 sive
1906 3927 1981 3987 de
2005 3924 2368 4005 repetundis,
2395 3944 2496 3982 seu

439 4024 515 4083 de
544 4026 752 4104 quovis
778 4025 894 4084 alio
920 4026 1161 4084 crimine
1182 4024 1441 4103 publicu,
1463 4026 1689 4099 volunt,
1714 4025 1788 4084 de
1812 4025 2181 4084 accusatione
2206 4020 2316 4081 sibi
2342 4019 2503 4077 defe-

441 4121 621 4180 renda
673 4121 1050 4182 contendunt.
1096 4127 1241 4183 Nam
1263 4165 1280 4196 ‚
1323 4142 1502 4200 quum
1548 4122 1739 4182 omnia
1785 4121 2008 4199 judicia
2061 4120 2136 4179 de
2186 4113 2500 4197 praeteritis
