3044 4788
772 463 1229 530 NICOLAI
1290 462 1976 530 DESJARDINS.
2221 463 2430 556 xxxiij

316 582 528 652 literis
552 580 1056 677 doctrinisque
1073 582 1467 678 pei-politos
1489 636 1509 668 ,
1539 580 1629 651 ab
1666 581 2279 677 ignotissimorum
2309 583 2435 653 ho-

309 695 589 762 minum
628 690 1004 761 calumniis
1041 690 1562 762 nobilissimum
1602 706 1958 761 oratorem
2012 695 2436 763 auctoritate

310 828 435 871 sua
460 799 961 871 vindicabant:
1000 799 1171 871 dum
1202 803 1374 873 istos
1409 807 1501 871 M.
1536 787 1851 886 Tullius,
1883 804 2187 871 oratoris
2215 798 2437 887 filius»,

310 937 461 981 non
481 912 923 1006 argumentis
946 966 965 999 ,
1002 910 1125 981 sed
1154 911 1445 1010 flagellis
1482 910 1872 995 refutabat3
1896 927 1967 981 et
1993 914 2274 1009 parenti
2300 937 2432 984 suo

310 1021 398 1092 de
429 1021 623 1091 illius
658 1018 1225 1091 obtrectatorum
1261 1051 1293 1086 «
1322 1023 1520 1093 corio
1547 1033 1567 1063 ¹
1600 1019 2139 1092 satisfaciebat».

390 1120 546 1201 'Sed
581 1131 860 1199 omissis
899 1146 970 1200 et
1014 1133 1257 1228 Largis
1300 1146 1371 1201 et
1414 1132 1700 1217 CestiiS,
1737 1134 1951 1200 venio
1989 1130 2078 1200 ad
2116 1130 2432 1202 celeber-

308 1244 601 1326 rimum,
621 1238 796 1309 dum
821 1241 1114 1328 viveret,
1132 1241 1407 1310 romani
1444 1239 1585 1310 fori
1611 1244 1980 1336 ingenium
2003 1267 2021 1327 ;
2052 1256 2123 1311 et
2147 1243 2431 1313 Cicero-

304 1351 420 1419 nis
450 1352 884 1445 eloquentiae
920 1352 1409 1447 castigatorem
1446 1353 1968 1447 gravissimum,
1991 1354 2088 1419 M.
2126 1355 2427 1448 Aprum.

306 1463 376 1529 Is
428 1485 515 1531 ea
556 1462 888 1531 Ciceroni
939 1457 1228 1554 objicit,
1270 1485 1429 1556 quae
1486 1463 1544 1529 si
1590 1483 1757 1529 vera
1811 1462 1988 1544 sint,
2046 1484 2260 1530 nemo
2297 1462 2433 1529 erit

312 1575 631 1670 quicum
659 1579 961 1645 oratoris
991 1577 1285 1645 nomine
1316 1575 1459 1668 jam
1495 1573 1840 1670 appellari
1868 1571 2055 1643 velit.
2096 1602 2129 1637 (ι
2156 1576 2429 1645 Lentus

312 1699 456 1766 est,
511 1684 771 1781 inquit,
827 1688 900 1754 in
945 1685 1353 1781 principiis;
1410 1684 1667 1780 longus
1724 1687 1799 1752 in
1850 1681 2427 1765 narrationibus3

308 1795 583 1862 otiosus
637 1799 820 1863 circa
864 1818 1239 1864 excessus:
1280 1793 1478 1864 tarde
1521 1806 2058 1877 commovetur3
2104 1817 2268 1862 raro
2314 1794 2425 1862 in-

306 1901 633 1988 calescit;
667 1906 875 1999 pauci
905 1927 1156 1973 sensus
1192 1905 1500 1999 optime,
1534 1917 1606 1973 et
1634 1927 1797 1974 cum
1824 1900 2139 1998 quodam
2161 1902 2432 1972 lumine

305 2012 837 2081 terminantur:
894 2012 1074 2082 nihil
1111 2036 1534 2110 excerpere,
1593 2011 1770 2081 nihil
1813 2009 2080 2082 referre
2126 2013 2429 2107 possis.»

301 2120 461 2190 Vid.
492 2121 677 2191 Dial.
720 2122 809 2191 de
847 2127 1044 2192 Orat.
1085 2148 1240 2218 cap.
1276 2148 1387 2191 22.

393 2233 555 2299 Jam
619 2233 932 2329 primum
976 2232 1301 2301 omnium
1344 2235 1510 2301 satis
1547 2244 1862 2319 constat,
1904 2256 2054 2327 quo
2097 2245 2425 2327 tempore

298 2341 476 2409 vixit
510 2345 743 2437 Aper,
776 2341 1259 2439 eloquentiam
1289 2341 1378 2412 de
1417 2366 1544 2412 sua
1581 2340 1921 2438 dignitate
1957 2342 2263 2412 multum
2296 2339 2420 2412 de·-

301 2449 719 2547 perdidisse.
763 2455 1094 2522 Senserat
1142 2455 1423 2540 Cicer0,
1480 2476 1676 2538 eam,
1711 2477 1935 2548 quum
1981 2452 2289 2522 venisset
2332 2451 2420 2520 ad

300 2565 711 2646 summum,
751 2592 782 2625 a
803 2562 952 2655 jam
994 2586 1434 2632 senescere».
1475 2562 1759 2632 Tuscul.
1808 2557 2093 2658 Dispu‘t.
2135 2561 2261 2630 lib.
2305 2566 2374 2630 II
2404 2614 2423 2644 ,

300 2692 455 2765 cap.
515 2668 582 2741 5.
634 2674 724 2740 At
767 2695 996 2766 quum
1038 2674 1277 2741 omnia
1314 2675 1388 2741 in
1439 2675 1653 2742 unius
1690 2671 1982 2742 fuerunt
2036 2684 2420 2769 potestate,

298 2804 544 2849 rerum
602 2783 1146 2850 conversionem
1181 2780 1538 2851 scribendi
1572 2782 1754 2851 ratio
1805 2796 1911 2851 est
1952 2778 2417 2875 subsequuta.

304 2892 774 2960 Ciceroniana
818 2889 1103 2960 dicendi
1148 2896 1327 2961 ratio
1367 2895 1735 2961 communi
1790 2889 2105 2986 quodam
2160 2893 2233 2958 in
2287 2912 2426 2957 usu

307 3013 517 3095 atque
547 2999 933 3070 hominum
958 3025 1156 3070 more
1176 3005 1439 3071 versari
1470 3001 1698 3072 desiit.
1725 3006 2196 3071 Ornamenta²
2230 3012 2422 3068 recta

310 3120 380 3175 et
411 3109 684 3178 sincera
729 3133 885 3204 quae
919 3125 1082 3180 ante
1131 3109 1315 3180 bella
1378 3109 1916 3209 probabantur,
1973 3124 2220 3207 postea
2265 3134 2417 3178 non

307 3219 474 3286 satis
506 3217 770 3288 idonea
806 3243 959 3289 esse
1007 3225 1155 3289 visa
1185 3235 1371 3290 sunt.
1417 3222 1779 3291 Orationis
1820 3226 2129 3318 copiosae
2170 3235 2243 3289 et
2273 3218 2419 3288 ele-

304 3328 536 3422 gantis
567 3342 863 3398 ornatus
893 3329 1252 3425 repudiari
1293 3345 1712 3426 coeperunt:
1743 3328 1968 3399 forma
2010 3330 2202 3424 ipsa,
2242 3350 2420 3396 con-

304 3436 752 3532 cinnitasque
810 3436 1196 3508 verborum
1250 3453 1321 3508 et
1376 3439 1895 3509 sententiarum
1949 3438 2229 3508 laudata
2284 3451 2423 3522 est,

300 3570 455 3615 non
501 3570 587 3616 ea
619 3571 773 3642 quae
809 3561 1066 3643 sponte
1099 3572 1173 3618 se
1211 3545 1464 3634 offert,
1504 3547 1629 3619 sed
1661 3573 1819 3644 quae
1870 3547 2186 3618 studiose
2239 3572 2412 3617 con-

302 3657 636 3753 quiritur.
681 3656 873 3729 Nihil
897 3657 1162 3754 placuit
1198 3659 1335 3727 nisi
1372 3673 1616 3753 argute
1650 3658 1955 3736 dictum,
1993 3655 2244 3726 callide
2289 3680 2413 3726 ex-

304 3768 734 3862 cogitatum3
763 3767 862 3836 nil
886 3769 1038 3837 sine
1067 3768 1451 3864 pigmentis
1473 3820 1493 3853 ,
1526 3765 1702 3835 nihil
1742 3766 1893 3835 sine
1923 3764 2090 3835 fuco
2117 3764 2415 3861 puerili:

377 4044 421 4072 ι.
450 4027 601 4090 Quod
630 4027 693 4074 de
717 4029 882 4078 Cestio
909 4029 1056 4078 tradit
1082 4031 1192 4079 Seu.
1219 4032 1351 4078 Sans.
1371 4032 1481 4078 vn.

371 4150 420 4180 2.
454 4134 529 4180 cl.
551 4133 703 4180 abbas
724 4134 942 4193 Gedqrn,
961 4136 1086 4201 1²&ss
1102 4136 1164 4183 de
1190 4153 1245 4184 sa
1274 4137 1407 4186 trad.
1430 4138 1489 4185 de
1511 4137 1710 4200 Quintil.
1743 4135 1937 4192 Fabius,
1959 4137 2054 4193 lx,
2078 4134 2106 4179 5
2114 4170 2127 4183 .
2149 4135 2342 4181 Petron.
2368 4147 2409 4178 1.

304 4221 587 4286 Hiemnym.
609 4223 750 4286 epist.
772 4222 834 4271 ad
861 4225 1039 4272 Pamm.
1063 4237 1112 4273 et
1140 4226 1396 4289 Nepotem.
