3044 4788
526 214 621 307 xij
1306 213 1847 280 PRAEFATIO

525 337 731 431 vim,
756 331 1264 434 Verburgius,
1292 331 1837 409 Lallemandus
1858 391 1877 426 ,
1918 326 2399 406 Facciolatus
2422 386 2440 421 ,
2485 323 2634 401 Ga-

528 458 918 551 ratonius‚
948 455 1316 531 Ernestus
1352 454 1820 559 praesertim,
1860 479 2093 559 quem
2135 450 2270 557 qui
2310 445 2636 524 laudan-

526 578 714 657 dum
772 575 1233 680 susciperet,
1285 575 1352 651 is
1400 574 1838 680 legentibus
1898 572 2268 678 injuriam
2324 568 2631 645 faceret.

527 699 897 778 Profuere
923 714 1002 775 et
1033 696 1351 802 plurimi
1384 697 1510 773 alii
1541 758 1560 793 ,
1602 703 1938 804 quorum
1967 694 2291 771 nomina
2317 692 2639 769 circum-

533 823 916 916 feruntur,
948 820 1450 924 interpreteS,
1498 847 1540 896 e
1571 818 1858 926 quibus
1891 846 1978 894 ea
2016 816 2423 920 selegimus
2463 841 2638 920 quae

528 945 628 1023 ad
670 940 1217 1020 illustrandum
1250 940 1705 1020 Ciceronem
1729 1002 1748 1037 ,
1789 958 1925 1018 aut
1963 937 2504 1045 explicandam
2541 935 2640 1012 la-'

530 1067 675 1145 tini
708 1065 1087 1144 sermonis
1116 1064 1624 1143 subtilitatem
1651 1083 1884 1171 atque
1910 1062 2374 1168 elegantiam
2418 1060 2639 1137 facie·

531 1189 765 1285 bant,
820 1188 1126 1266 omissis
1178 1187 1310 1284 iis,
1368 1216 1542 1295 quae
1596 1189 1679 1263 in
1736 1203 1952 1263 tanta
2009 1186 2413 1263 literarum
2470 1182 2643 1259 luce

531 1310 759 1389 edere
792 1337 1310 1416 supervacuus
1351 1307 1576 1387 labor
1607 1306 2025 1386 videretur.
2080 1309 2172 1384 In
2209 1305 2644 1384 recentissi-

535 1435 679 1511 mis
734 1449 993 1510 autem
1045 1431 1418 1511 Schiitzio
1473 1448 1588 1527 et,
1639 1429 1855 1539 quod
1908 1429 2008 1507 ad
2046 1429 2421 1506 Verrinas
2478 1455 2645 1503 ora-

533 1557 784 1634 tiones
812 1555 1186 1660 pertinet,
1224 1554 1582 1631 Harlesio
1610 1580 1756 1631 nos
1786 1553 2164 1630 maximas
2194 1551 2483 1656 gratias
2515 1551 2644 1628 ha-

532 1678 717 1756 bere
758 1677 1262 1783 profitemur3
1309 1678 1600 1782 prioris
1630 1677 1924 1754 notulis
1957 1675 2057 1753 ad
2085 1674 2417 1753 obscura
2447 1702 2647 1781 quae-

535 1801 717 1879 dam
744 1797 1238 1904 explicanda,
1279 1798 1603 1877 feliciter
1623 1800 1739 1877 usi
1762 1861 1781 1897 ,
1817 1800 1968 1876 hoc
2003 1827 2246 1875 unum
2277 1795 2646 1875 desiderii

538 1921 984 2016 habuimus,
1009 1917 1224 2027 quod
1251 1921 1514 2026 paullo
1548 1922 1632 1999 in
1656 1919 2034 1999 mutando
2063 1949 2151 1998 ac
2175 1917 2645 2024 corrigendo

506 2042 934 2139 audacior,
973 2043 1272 2119 auctori
1316 2043 1597 2148 saepius
1633 2044 2051 2149 proprium
2090 2043 2492 2146 ingenium
2531 2040 2646 2117 af-

541 2165 878 2243 finxerit.
2587 2159 2596 2168 ⁴

644 2291 761 2367 Ne
798 2289 1024 2396 plura
1072 2308 1327 2368 autem
1370 2293 1759 2369 extraneis
1795 2309 2108 2398 accepta
2152 2290 2648 2384 haberemus,

545 2432 852 2493 vetuere
883 2413 1354 2493 doctissimae
1386 2416 1427 2492 J
1431 2443 1541 2493 os,
1565 2417 1769 2495 Vict.
1803 2419 1919 2494 LE
1958 2416 2213 2496 Cum:
2246 2414 2652 2495 elucubra-

547 2538 835 2634 tiones,
869 2539 1007 2644 qui
1050 2537 1237 2615 dum
1282 2555 1536 2615 totum
1569 2539 2029 2617 Ciceronem
2055 2536 2472 2615 vernaculo
2505 2564 2653 2613 ser-

546 2686 775 2736 mone
833 2658 1291 2737 donandum
1353 2662 1734 2766 suscepit,
1792 2660 2378 2766 praeclarissime
2424 2659 2649 2737 simul

546 2800 626 2860 et
654 2780 753 2860 de
780 2781 1080 2859 civibus
1114 2800 1191 2860 et
1224 2781 1321 2861 de
1349 2784 1802 2889 alienigenis
1834 2802 1950 2862 est
1978 2784 2332 2879 meritus;
2358 2784 2654 2889 quippe

546 2904 767 3010 cujus
795 2931 1035 3010 opera
1067 2933 1229 2983 non
1266 2907 1525 2983 minus
1560 2900 1798 2984 latine
1828 2935 2062 3014 quam
2092 2906 2360 3011 gallice
2405 2922 2656 2982 tersus

452 3132 459 3138 ἡ
549 3056 637 3105 ac
675 3027 965 3133 politus
994 3028 1327 3134 prodeat
1355 3029 1635 3107 Cicero
1659 3091 1677 3126 ,
1721 3030 1974 3135 etjam
1994 3029 2278 3107 futuris
2304 3029 2387 3103 in
2408 3046 2658 3133 poste·

547 3179 721 3227 rum
774 3150 1181 3232 laboribus
1212 3213 1231 3248 ‚
1281 3151 1503 3258 quasi
1565 3150 2160 3229 fundamentum
2225 3150 2389 3227 haec
2450 3150 2656 3227 illius

548 3271 793 3378 editio
853 3273 955 3350 sit
1014 3270 1555 3379 supponenda.
1609 3265 2120 3351 Immemoris²
2148 3289 2404 3349 autem
2462 3290 2658 3351 esset

550 3393 789 3471 animi
854 3421 1010 3471 non
1078 3394 1142 3470 J.
1198 3396 1286 3471 L.
1332 3395 1694 3475 BuRNour
1747 3423 2035 3473 nomen
2092 3394 2276 3472 huic
2325 3397 2656 3500 conjun-

552 3541 729 3618 gere
752 3575 769 3610 ‚
828 3517 964 3621 qui
1027 3533 1444 3622 postquam
1508 3521 1670 3604 suis
1728 3520 1809 3596 in
1839 3518 2318 3597 Sallustium
2374 3516 2659 3622 vigiliis

549 3653 840 3712 tantam
906 3637 1161 3715 literis
1224 3666 1550 3745 operam
1624 3643 1974 3738 navavit,
2046 3670 2210 3720 non
2278 3643 2659 3719 minorem

542 3756 931 3838 Ciceronis
971 3757 1430 3854 Quintianae
1471 3767 1877 3891 Orationi,
1933 3783 2020 3845 ut
2052 3783 2301 3844 cetera
2346 3765 2659 3841 omitta-

528 3904 693 3953 mus
726 3895 802 3954 et
838 3881 934 3958 de
964 3879 1133 3953 hOC
1166 3896 1479 4008 tantum
1513 3889 1935 4054 x’Ollflnine
1969 3888 2377 3992 loquamur
2402 3948 2420 3981 ‚
2463 3913 2660 3992 prae-
