3044 4788
719 379 1168 450 NICOLAI
1218 378 1865 448 DESJARDINS.
2160 383 2371 451 xxxix

248 502 398 572 fusa
439 525 571 598 per
608 516 898 598 gentem
929 499 1307 569 .literatam
1352 500 1680 569 omnium
1726 498 1877 572 fere
1925 505 2201 573 animos
2242 529 2367 574 oc-

245 613 549 708 cupavit.
599 611 1045 680 Exstiterunt
1076 608 1408 679 homines
1443 607 1579 679 illis
1619 609 2101 706 temporibus,
2145 636 2374 708 quum

237 721 462 792 literae
501 718 806 791 feliciter
839 732 1219 816 coeperunt
1257 720 1564 806 renasci,
1606 721 1735 816 qui
1778 718 1938 789 orbi
1979 722 2201 792 veluti
2247 748 2376 793 no·

234 856 401 902 vam
469 845 741 902 sectam
803 830 1227 899 molirentur
1292 827 1631 898 invehere
1661 881 1681 914 ‚
1741 842 1811 899 et
1877 833 2375 903 Ciceronianus

235 964 399 1011 sese
435 952 820 1024 vocarent,
851 940 1177 1007 omnium
1198 938 1465 1033 ‘scripta
1501 937 1940 1031 rejicientes,
1979 965 2136 1036 quae
2169 942 2377 1013 Cice-

238 1051 446 1120 ronis
476 1051 911 1120 lineamenta
955 1072 1104 1118 non
1137 1045 1530 1132 referrent;
1575 1049 1851 1143 quique
1889 1049 2379 1124 adolescentes

236 1183 281 1229 a
309 1174 724 1230 ceterorum
758 1158 1193 1254 scriptorum
1230 1156 1540 1227 lectione
1581 1155 1961 1228 deterritos
1984 1213 2002 1247 ‚
2039 1159 2128 1231 ad
2160 1162 2378 1231 unius

240 1272 622 1340 Ciceronis
662 1269 1135 1339 imitationem
1180 1281 1622 1338 revocarent.
1668 1270 1853 1339 Huic
1888 1270 2174 1367 ineptiae
2213 1277 2381 1354 viri,

243 1382 375 1475 qui
441 1392 622 1448 tunc
673 1392 913 1461 erant,
958 1379 1316 1474 sapientes
1367 1377 1714 1448 adversati
1754 1392 1924 1449 sunt
1963 1405 1979 1448 ε
2020 1383 2093 1449 in
2134 1381 2385 1477 primis

244 1493 628 1574 Erasmus,
682 1487 889 1582 cujus
943 1486 1264 1583 dialogus
1306 1499 1415 1557 est
1471 1489 1993 1572 Ciceronianus,
2031 1487 2120 1558 ad
2166 1490 2238 1559 id
2290 1487 2384 1559 ab

252 1622 346 1668 eo
381 1599 725 1695 scriptus,
761 1612 844 1667 ut
879 1597 1177 1667 doceret
1211 1594 1446 1667 bonos
1468 1600 1855 1693 scriptores
1881 1595 2060 1667 alios
2082 1650 2101 1680 ‚
2131 1613 2388 1694 praeter

255 1708 728 1793 M.Tullium‚
760 1722 833 1777 et
869 1704 1212 1804 legendos
1247 1730 1424 1791 esse,
1459 1719 1532 1776 et
1574 1703 1956 1775 imitandos
1989 1731 2005 1774 z
2040 1706 2239 1802 quod
2290 1706 2386 1778 ob

254 1818 594 1886 meritum
636 1814 1026 1886 maledictis
1063 1814 1154 1887 de
1190 1817 1399 1886 trivio
1438 1817 1740 1912 arreptis
1785 1840 1949 1885 eum
1989 1816 2218 1886 Julius
2244 1822 2385 1889 Cae-

255 1950 371 1995 sar
414 1924 535 1995 ille
586 1924 894 2021 Scaliger
943 1927 1338 1996 oneravit¹.
1401 1928 1569 2015 Quo
1625 1924 1803 2023 quid
1853 1925 1994 1996 dici
2043 1941 2167 1995 aut
2217 1924 2388 2022 fingi

256 2049 502 2131 potest
540 2035 906 2104 insanius?
947 2039 1094 2106 Nos
1140 2058 1313 2104 vero
1352 2035 1777 2105 Ciceronem
1815 2036 2215 2123 imitemur,
2264 2034 2392 2106 sed

258 2148 352 2214 ita
374 2157 457 2213 ut
486 2141 583 2212 ab
617 2143 922 2213 aliorum
950 2156 1327 2213 auctorum
1358 2142 1548 2214 bene
1579 2144 1966 2214 latinorum
1997 2146 2391 2216 imitatione

259 2278 413 2323 non
454 2250 896 2323 recedamus.
945 2256 1093 2321 Hos
1130 2276 1295 2321 cum
1336 2251 1460 2322 illo
1505 2252 1951 2347 copulemus.
1998 2258 2138 2323 Eos
2182 2254 2393 2347 juve-

260 2390 442 2436 num
496 2363 585 2435 ad
642 2367 913 2463 optima
960 2362 1412 2435 tendentium
1457 2364 1873 2453 aemuletur,
1926 2390 2008 2436 ac
2049 2382 2394 2463 sequatur

266 2478 639 2547 industria.
704 2479 973 2546 Verum
1027 2475 1389 2545 Ciceronis
1437 2475 1793 2545 aemulatio
1848 2500 1995 2545 non
2043 2475 2260 2548 debet
2315 2481 2390 2548 in

262 2586 416 2656 sola
450 2584 844 2656 verborum
879 2585 1316 2680 proprietate
1353 2585 1713 2655 concludi.
1738 2587 2022 2655 Etenim
2055 2588 2217 2682 quis
2246 2584 2393 2657 fru-

265 2711 422 2765 ctus
472 2695 777 2780 labori5‚
821 2707 1220 2764 mutuatam
1259 2718 1299 2763 a
1344 2698 1693 2766 Cicerone
1729 2720 1948 2766 unam
1993 2711 2064 2766 et
2100 2696 2394 2788 alteram

264 2804 529 2896 jactare
567 2803 1005 2874 clausulam?
1046 2803 1241 2892 Quid
1279 2804 1604 2900 proderit
1644 2804 1913 2875 flumen
1956 2807 2396 2902 gravissimo-

272 2939 432 2984 rum
462 2929 536 2985 et
561 2914 1006 3010 optimorum
1036 2912 1424 2982 verborum
1451 2912 1543 2983 ab
1577 2916 1734 3010 ipso
1762 2913 1996 2985 Tullio
2044 2915 2400 3000 defluen5‚

274 3025 338 3092 si
371 3024 715 3093 orationis
746 3038 853 3093 est
886 3024 1207 3093 siccitas?
1243 3021 1682 3119 Effingendae
1714 3039 1882 3094 sunt
1923 3051 2102 3122 quas
2146 3027 2399 3098 extulit

271 3132 547 3203 Tullius
611 3137 929 3203 virtutes.
970 3132 1452 3229 Exprimenda
1506 3150 1676 3203 sunt
1736 3135 1924 3205 illius
1982 3161 2127 3207 non
2183 3135 2399 3207 verba

274 3242 549 3328 solum,
584 3241 710 3312 sed
746 3242 1403 3338 repraesentandum
1440 3258 1547 3313 est
1579 3245 1946 3341 ingenium
1985 3270 1999 3310 :
2034 3270 2182 3314 non
2217 3269 2396 3341 quo-

273 3350 506 3420 modo
562 3353 839 3447 pictura
903 3353 1169 3447 primas
1228 3375 1471 3422 rerum
1536 3353 1911 3447 imagines»,
1971 3353 2116 3423 oris
2178 3351 2396 3423 linea-

274 3474 529 3530 menta
573 3473 640 3528 et
680 3458 957 3529 colores
997 3459 1334 3547 exhihet3
1382 3459 1506 3531 sed
1551 3462 1764 3531 sicuti
1817 3459 2032 3531 refert
2089 3477 2398 3559 patrem,

274 3570 354 3636 in
393 3566 604 3661 cujus
640 3569 799 3661 jura
839 3581 911 3638 et
948 3566 1141 3639 bona
1184 3571 1407 3653 venit,
1450 3568 1661 3640 filius.

358 3810 401 3840 ι.
437 3797 558 3841 Istas
594 3793 827 3857 scaligeri
852 3795 1123 3853 orationes,
1148 3812 1285 3859 quae,
1312 3797 1605 3861 conquisitis
1638 3797 1992 3861 exemplaribus
2026 3809 2075 3847 et
2101 3805 2368 3865 suppressis
2385 3839 2401 3863 ,

275 3884 439 3930 minus
463 3892 603 3929 erant
624 3881 814 3940 obvie,
834 3882 1055 3939 Tolosa,
1081 3899 1213 3931 anuo
1239 3885 1331 3931 162
1348 3901 1391 3943 t,
1415 3886 1698 3933 Maussacus
1724 3885 2021 3934 recudendas
2041 3888 2254 3947 curavit,
2292 3907 2402 3939 cum

277 3970 462 4017 &ami
486 3968 809 4017 Ciceroniana
823 4004 838 4026 ,
855 3981 912 4016 ut
935 3970 1085 4018 lector
1107 3972 1283 4019 intueri
1311 3972 1451 4020 simtu
1478 3984 1645 4037 posset
1670 3984 1719 4020 et
1740 3974 1925 4032 scelus,
1955 3983 2004 4020 et
2032 3990 2220 4038 poenam
2237 3977 2409 4025 sceleri

276 4062 573 4120 irrogatam:
599 4067 749 4120 atque
773 4073 868 4104 una
894 4057 1180 4121 intelligeret
1206 4075 1307 4122 quo
1327 4059 1516 4120 judicio
1553 4061 1778 4108 nonnulli
1814 4061 2058 4110 interdum
2084 4074 2330 4112 versentur
2355 4065 2408 4112 iu

280 4146 341 4193 iis
364 4145 539 4194 studiis
561 4160 675 4209 qua
697 4144 760 4193 ab
783 4146 1077 4195 humanitate
1100 4145 1193 4195 sibi
1220 4163 1401 4197 nomeu
1429 4148 1764 4197 adsciverunt.
