3044 4788
704 366 816 437 IN
864 366 1303 436 VERREM
1354 365 1665 433 ACTIO
1716 363 2063 433 PRIMA.
2149 427 2158 439 ,
2313 364 2439 435 251

318 503 568 589 erepto
595 487 926 588 praesidio
947 541 966 574 ,
1015 503 1100 559 ut
1142 488 1413 560 nullam
1458 485 1600 558 sibi
1640 511 1794 557 rem
1836 486 2260 583 adjumento
2298 486 2452 561 fore

319 601 811 674 arbitraretur.

414 718 535 784 IV.
575 713 862 784 Etenim
905 708 1109 808 quod
1132 724 1242 782 est
1269 710 1646 805 ingenium
1680 709 2013 781 tantum?
2058 734 2219 807 quae
2259 724 2457 782 tanta

311 819 611 893 facultas
652 818 939 894 dicendi
981 835 1056 891 et
1090 820 1335 918 copia,
1379 844 1543 917 quae
1576 820 1795 892 istius.
1821 822 2077 908 vitam,
2124 837 2234 894 tot
2266 826 2458 896 vitiis

313 931 744 1029 flagitiisque
763 931 1164 1002 convictam
1184 940 1235 1016 ¹,
1264 930 1414 1024 jam
1435 928 1719 1026 pridem
1739 930 2069 1000 omnium
2088 932 2455 1006 voluntate

304 1041 730 1138 judicioque
768 1040 1179 1112 damnatam
1196 1051 1252 1125 ²,
1286 1038 1528 1137 aliqua
1566 1063 1655 1110 ex
1689 1053 1894 1136 parte
1939 1041 2165 1137 possit
2201 1039 2457 1114 defen-

313 1151 534 1226 dere?
577 1153 801 1246 Cujus
850 1166 934 1223 ut
976 1150 1477 1223 adolescentiae
1515 1148 1830 1220 maculas
1881 1151 2458 1252 ignominiasque

316 1279 778 1362 praeteream3
815 1275 1217 1361 quaestura,
1269 1265 1549 1360 primus
1586 1258 1852 1356 gradus
1896 1260 2236 1348 honori3‚
2278 1263 2457 1360 quid

316 1372 510 1443 aliud
560 1372 781 1444 habet
831 1375 909 1442 in
954 1396 1068 1462 se,
1119 1373 1257 1442 nisi
1306 1375 1440 1441 Cn.
1485 1368 1945 1441 Carbonem³
1985 1373 2372 1468 spoliatum
2416 1401 2457 1445 a

315 1496 675 1578 quaestore
695 1507 826 1553 suo
852 1486 1160 1582 pecunia
1177 1480 1512 1580 publica?
1543 1479 1902 1551 nudatum
1922 1484 1953 1531 4
1979 1497 2052 1553 et
2081 1484 2455 1580 proditum

317 1592 730 1664 consulem?
752 1591 1121 1665 desertum
1146 1591 1587 1663 exercitum?
1610 1591 1933 1662 relictam
1964 1594 2406 1690 provinciam
2430 1597 2459 1666 Ρ

319 1698 573 1774 sortis⁵
598 1699 1204 1776 necessitudinem
1232 1702 1804 1799 religionemque
1823 1702 2202 1774 violatam?
2250 1705 2456 1800 cujus

319 1811 920 1908 leigatio⁶exitium
953 1812 1090 1884 fuit
1119 1817 1295 1884 Asiae
1328 1814 1551 1884 totius
1581 1826 1654 1883 et
1671 1813 2149 1910 Pamphyliae:
2181 1815 2454 1911 quibus

315 1925 394 1993 in
422 1924 805 2020 provinciis
858 1925 1117 1995 multas
1167 1922 1461 2011 domm,
1500 1921 1845 2020 plurimas
1880 1922 2164 2010 urbes⁷‚
2209 1929 2457 1997 omnia

316 2031 479 2104 fana
504 2032 973 2130 depeculatus
1001 2048 1139 2120 est,
1170 2058 1399 2130 quum
1432 2037 1502 2102 in
1532 2037 1666 2103 Cn.
1697 2029 2153 2102 Dolabellam
2178 2030 2454 2105 seelus⁸

316 2168 527 2215 suum
556 2142 731 2214 illud
764 2146 1150 2241 pristinum
1186 2144 1559 2214 renovavit
1588 2158 1662 2213 et
1697 2144 2121 2213 instauravit
2153 2158 2457 2239 quaesto-

315 2260 553 2342 rium3
588 2281 820 2352 quum
850 2279 1051 2338 eum,
1084 2254 1203 2325 cui
1234 2252 1509 2347 legatus
1541 2268 1613 2323 et
1639 2277 1774 2349 pro
1798 2267 2151 2349 quaestore
2175 2251 2455 2339 fuisset,

316 2379 390 2438 et
426 2368 505 2438 in
540 2365 882 2438 invidiam
923 2367 1070 2439 suis
1104 2360 1470 2437 maleficiis
1508 2362 1848 2449 adduxit,
1893 2377 1965 2434 et
2008 2367 2083 2434 in
2116 2365 2289 2462 ipsis
2326 2390 2456 2463 pe-

314 2475 560 2546 riculis
591 2496 744 2545 non
780 2476 1017 2546 solum
1052 2474 1412 2562 deseruit,
1450 2472 1577 2544 sed
1614 2475 1833 2545 etiam
1877 2478 2330 2571 oppugnavit
2366 2502 2450 2546 ac

316 2668 625 2730 rejiciebatur
645 2683 659 2716 :
679 2670 855 2717 'Verres
876 2671 1088 2735 optimos
1119 2686 1340 2735 quosque

316 2750 568 2810 rejecerat,
591 2765 719 2812 quos
747 2749 890 2796 nullo
914 2750 1066 2798 modo
1093 2751 1341 2813 corrumpi

315 2843 461 2893 posse
523 2827 870 2876 arbitrabatur.
911 2828 1040 2877 Vide
1092 2830 1219 2878 infra
1278 2829 1342 2877 ad

317 2923 425 2970 cap.
454 2909 487 2956 6
503 2940 518 2965 ,
554 2917 659 2954 not.
685 2925 732 2968 7.

388 2988 480 3034 tv.
507 3001 552 3034 ι.
587 2974 886 3034 Οοπνίεεᾰηι.
922 2988 1046 3050 Quoe
1070 2997 1144 3036 tot
1172 3004 1347 3036 monu-

319 3065 497 3113 mentis
517 3065 747 3114 vitiorum
778 3076 830 3114 et
863 3064 1060 3114 indiciis
1095 3068 1346 3115 convinci-

318 3155 419 3194 tur.
450 3145 642 3193 Gradus
671 3156 744 3193 est
768 3146 832 3194 ad
866 3147 1180 3205 damatam,
1208 3148 1345 3212 quod

317 3225 555 3287 sequitur.
593 3231 785 3274 Frustra
827 3237 989 3275 autem
1026 3228 1252 3276 Lambin.
1283 3243 1346 3275 ex

319 3303 470 3361 MSS,
486 3304 573 3367 qui
599 3305 908 3369 conjunctam
931 3306 1196 3368 habebant,
1224 3321 1346 3355 con·

314 3383 435 3443 jecit
459 3381 844 3447 coae'nquinaeam.

392 3477 443 3510 a.
482 3463 800 3511 Damnatam.
837 3467 996 3528 Quam
1037 3479 1208 3512 omnes
1245 3466 1346 3526 iam

317 3539 592 3588 damuatam
610 3542 808 3603 vellent,
829 3554 880 3591 et
899 3542 1223 3592 damnandam
1241 3560 1346 3592 esse

311 3618 550 3680 iudicant.

389 3700 438 3746 3.
491 3699 580 3749 Cn.
626 3700 915 3751 Carbonem.
957 3702 1138 3751 Eadem
1189 3703 1346 3750 fusius

319 3789 580 3825 narrantur
606 3779 695 3828 inf.
719 3796 829 3844 cap.
858 3783 937 3829 13.

390 3863 439 3911 4.
459 3857 731 3907 Nudamm.
762 3859 1086 3907 Vehementer
1118 3876 1219 3907 rem
1256 3861 1344 3909 ite·

318 3935 473 3985 tando
503 3947 646 4000 auget
681 3951 868 3997 orator,
898 3940 1035 4003 quasi
1065 3956 1236 4003 parum
1259 3957 1343 3988 an-

317 4025 393 4063 tea
443 4015 613 4065 fuisset
657 4017 859 4065 dietum.
906 4022 1045 4067 Hauc
1088 4020 1344 4084 periodum

316 4092 484 4143 laudat
515 4095 806 4158 Diomedes,
840 4096 959 4146 edit.
979 4098 1183 4148 Putacb.
1206 4098 1307 4155 463
1327 4134 1343 4159 ,

1428 2686 1573 2733 «quae
1613 2669 1971 2734 compositione
2012 2669 2136 2717 adeo
2179 2671 2455 2729 decoratur,

1429 2760 1516 2811 ut,
1545 2749 1584 2796 si
1613 2749 1733 2812 quid
1759 2747 1949 2797 solvere
1978 2742 2028 2797 e‘t
2053 2760 2350 2799 commutare
2369 2771 2459 2800 vo·

1430 2831 1594 2888 luetis,
1615 2840 1779 2894 pereat
1806 2830 1967 2877 omnis
1994 2847 2155 2879 rerum
2183 2843 2330 2896 atque
2351 2849 2460 2881 ver-

1433 2901 1610 2956 borum
1651 2919 1699 2955 et
1743 2910 1953 2972 dignitas
1993 2921 2137 2975 atque
2172 2926 2389 2976 potestas
2416 2937 2458 2961 1·-

1434 2990 1660 3038 Ceterum
1676 2988 1760 3036 ille
1786 2988 1931 3037 verba
1962 2990 2186 3053 quaedam
2211 2993 2326 3042 loco
2351 3010 2456 3042 ruu-

1434 3078 1529 3127 tat‚
1562 3084 1737 3131 nempe
1761 3068 1900 3131 quod
1922 3085 1949 3116 e
1969 3074 2196 3118 memoria
2215 3076 2454 3121 recitaret.

1507 3150 1557 3198 5.
1580 3148 1750 3197 Sortis.
1770 3148 1898 3196 Vide
1916 3150 2081 3199 Divin.
2105 3165 2212 3215 cap.
2234 3168 2314 3213 19.

1504 3229 1554 3274 6.
1580 3228 1806 3293 Legatio.
1820 3230 1937 3276 Post
1956 3241 2251 3292 quaesturam
2274 3231 2461 3296 legatus

1433 3308 1528 3355 fnit
1572 3310 1750 3356 Verres
1812 3307 2084 3357 Dolabellae
2099 3343 2113 3366 ,
2168 3311 2250 3358 cui
2290 3311 2462 3359 Cilicia

1434 3386 1687 3451 provincia
1728 3389 1995 3436 constituta
2039 3389 2212 3437 fuerat.
2234 3393 2375 3439 Verr.
2406 3393 2460 3449 1,

1435 3481 1547 3530 cap.
1578 3482 1656 3527 ¹7·

1509 3563 1556 3607 7.
1605 3546 1832 3595 Lambin.
1877 3547 2013 3593 malit
2059 3569 2085 3590 α
2106 3548 2337 3612 plurimas
2375 3550 2463 3598 do·

1434 3639 1569 3683 mos,
1614 3624 1788 3672 multas
1835 3625 1981 3672 urbes
1998 3648 2041 3674 υ.
2086 3628 2237 3689 Quod
2284 3630 2464 3693 probat

1436 3705 1684 3762 Gravius,
1706 3707 1746 3752 si
1771 3703 1883 3752 libri
1911 3706 2289 3757 subscriberent.

1507 3785 1558 3832 8.
1578 3784 1738 3831 Scelus
1755 3800 1915 3834 suum.
1937 3786 2006 3833 Ut
2024 3787 2153 3833 enim
2171 3788 2263 3836 Cn.
2280 3788 2463 3836 Carbo-

1432 3881 1543 3912 nem
1565 3898 1580 3923 ,
1619 3865 1736 3912 dum
1764 3877 1980 3929 quaestor
2006 3866 2109 3930 ejus
2146 3878 2269 3914 esset
2286 3902 2299 3925 ‚
2344 3884 2461 3931 spo-

1433 3944 1604 4003 liavit3
1643 3945 1713 3991 sic
1748 3945 2051 3993 Dolabellam
2087 3947 2277 3994 insidiis
2304 3962 2462 4009 oppu-

1434 4023 1602 4085 gnavit
1628 4034 1677 4072 et
1701 4036 1977 4073 accusatum
1998 4010 2239 4090 prodidit.
2255 4027 2399 4072 Verr.
2424 4027 2466 4083 1,

1442 4103 1526 4162 15,
1554 4104 1633 4150 38.

1582 4294 1682 4331 kls*
