3044 4788
643 418 748 487 IN
799 415 1237 486 VERREM
1284 415 1504 483 AcT.
1560 416 1899 500 11,.L113.
1957 415 2010 481 1.
2245 413 2381 514 317

258 566 411 615 sem
439 539 529 613 ad
559 538 820 612 Delum
850 537 1332 636 appulissent,
1356 534 1760 632 quidquam
1795 550 2232 608 conarentur
2267 556 2392 612 aut

257 652 549 740 violare,
569 665 696 722 aut
718 652 1086 747 attingere.
1103 656 1257 721 Hoc
1277 664 1358 720 tu
1377 645 1627 719 fanum
1645 646 2070 748 depopulari
2083 646 2141 740 ⁸,
2167 652 2394 724 homo

260 760 794 860 improbissime
836 773 1053 856 atque
1098 759 1625 845 amentissime,
1672 757 2039 831 audebas?
2080 759 2216 833 fuit
2246 764 2396 834 ulla

261 871 617 971 cupiditas
642 882 843 941 tanta
862 925 881 959 ,
910 893 1072 965 quae
1106 883 1376 940 tautam
1406 870 1895 967 exstingueret
1929 871 2398 968 religionem?

262 998 372 1069 et,
423 986 483 1053 si
531 996 689 1053 tum
731 980 884 1051 haec
919 1005 1072 1050 non
1105 977 1509 1077 cogitabaS,
1563 1003 1656 1051 ne
1705 1005 1904 1054 nunc
1945 981 2242 1078 quidem
2278 1009 2395 1055 re·

262 1093 578 1164 cordaris
598 1146 617 1176 ‚
651 1090 936 1161 nullum
972 1114 1125 1162 esse
1161 1103 1444 1160 tantum
1482 1089 1756 1160 malum
1781 1144 1802 1179 ,
1851 1091 2054 1188 quod
2084 1118 2238 1165 non
2267 1093 2399 1166 tibi

264 1228 401 1302 pro
437 1200 831 1274 sceleribus
869 1203 1010 1272 tuis
1027 1198 1308 1295 jamdiu
1339 1198 1740 1271 debeatur?

362 1317 554 1383 XIX.
619 1316 706 1382 In
768 1311 1006 1381 Asiam
1029 1320 1048 1353 ¹
1104 1335 1282 1382 vero
1327 1324 1721 1408 postquam
1761 1312 1994 1393 venit,
2040 1312 2220 1410 quid
2264 1339 2400 1413 ego

266 1422 666 1494 adventus²
711 1420 915 1491 istius
960 1419 1296 1517 prandia,
1343 1444 1627 1509 coenaS,
1676 1446 1907 1519 equos
1955 1447 2403 1523 muneraque

270 1554 828 1605 commemorem
847 1531 876 1601 Ρ
895 1529 1088 1600 Nihil
1126 1554 1291 1601 cum
1308 1531 1535 1601 Verre
1565 1529 1656 1601 de
1684 1530 2126 1628 quotidianis
2165 1536 2406 1605 crimi-

270 1645 490 1716 nibus
534 1657 823 1716 acturus
865 1664 1048 1713 sum.
1092 1641 1275 1712 Chio
1319 1665 1451 1739 per
1491 1628 1639 1711 vim
1673 1642 1875 1739 signa
1919 1642 2407 1741 pulcherrima

270 1754 436 1827 dico
473 1753 883 1841 abstulisse3
910 1754 1087 1824 item
1118 1751 1441 1849 Erythris
1470 1766 1544 1823 et
1570 1751 2095 1825 Halicarnasso.
2113 1755 2406 1827 Tenedo

270 1873 670 1964 (praetereo
710 1866 1092 1963 pecuniam
1113 1917 1133 1952 ‚
1170 1887 1394 1961 quam
1428 1862 1734 1960 eripuit)
1766 1868 2034 1934 Tenem
2054 1861 2083 1908 ³
2125 1866 2405 1964 ipsum,

273 1981 399 2075 qui
426 1975 620 2074 apud
646 1974 1003 2046 Tenedios
1024 1975 1512 2045 sanctissimus
1547 1971 1729 2044 deus
1761 1972 2095 2062 habetur,
2127 1977 2256 2072 qui
2288 2002 2407 2047 ur·

269 2086 439 2158 bem
469 2086 664 2157 illam
700 2085 966 2156 dicitur
1000 2082 1437 2167 condidisse,
1486 2083 1695 2177 cujus
1731 2107 1821 2154 ex
1853 2087 2151 2157 nomine
2176 2090 2408 2158 Tene-

272 2180 410 2269 dus
459 2197 918 2282 nominatur;
954 2194 1154 2266 bunc
1197 2195 1477 2291 ipsum,
1517 2195 1819 2290 inquam
1844 2249 1865 2282 ,
1900 2198 2205 2284 Tenem,
2244 2196 2410 2295 pul-

272 2307 626 2380 cherrime
646 2301 918 2376 factum
940 2357 961 2392 ,
982 2328 1204 2402 quem
1226 2302 1603 2401 quondam
1633 2305 1709 2373 in
1731 2305 2027 2376 comitio
2049 2308 2077 2356 ⁴
2103 2306 2411 2398 vidistis,

275 2415 573 2489 abstulit
606 2439 870 2512 magno
913 2439 1081 2486 cum
1125 2415 1398 2511 gemitu
1436 2414 1759 2485 civitatis.
1807 2414 1936 2485 Illa
1971 2441 2146 2488 vero
2180 2442 2412 2516 expu-

277 2530 524 2625 gnatio
546 2524 695 2596 fani
713 2526 1191 2623 antiquissimi
1219 2539 1291 2596 et
1315 2522 1745 2596 nobilissimi
1770 2530 1808 2596 J
1813 2523 2107 2598 unonis⁵
2127 2530 2375 2599 Samiae
2394 2583 2414 2617 ,

277 2660 499 2735 quam
557 2634 885 2709 luctuosa
928 2636 1178 2707 Samiis
1220 2633 1405 2705 fuit?
1439 2659 1663 2731 quam
1708 2634 1964 2706 acerba
2019 2638 2152 2708 toti
2190 2640 2415 2709 Asiae?

279 2771 502 2844 quam
528 2744 717 2816 clara
746 2743 943 2842 apud
972 2768 1225 2816 omnes
1245 2744 1275 2813 ἱ)
1297 2769 1516 2842 quam
1548 2745 1821 2816 nemini
1855 2760 2174 2817 vestrum
2210 2749 2416 2819 inau-

281 2858 474 2929 dita?
496 2854 586 2928 de
613 2881 758 2954 qua
787 2856 1317 2953 expugnatione
1345 2880 1577 2953 quum
1602 2855 1814 2954 legati
1833 2856 1922 2928 ad
1946 2860 2022 2928 C.
2050 2861 2414 2931 Neronem

280 3039 466 3090 tundoe
489 3054 517 3086 a
541 3038 705 3086 Tullio
730 3051 985 3097 numeros,
1007 3035 1125 3083 dum
1144 3047 1307 3085 orato-
1393 3039 1554 3102 primo
1573 3036 1820 3096 inviseret,
1837 3035 1923 3084 ubi
1944 3036 2123 3085 Achaia
2141 3050 2191 3088 et
2207 3039 2417 3104 Sicyon,

280 3136 385 3168 rem
412 3118 540 3182 egit,
567 3116 732 3165 amari.
1393 3127 1563 3181 postea
1590 3116 1839 3175 Athenas,
1863 3115 2056 3172 Delum,
2089 3118 2283 3179 Chium,
2301 3121 2422 3184 Ery-

357 3200 410 3246 8.
432 3195 691 3243 Lambinus
725 3195 896 3243 maluit
928 3192 1245 3259 «depeculari
1261 3215 1305 3241 o.
1395 3194 1545 3251 three,
1571 3197 1792 3251 Samum,
1809 3194 2088 3252 Tenedum,
2108 3212 2217 3259 quae
2231 3198 2386 3245 insula
2402 3232 2417 3255 ,

277 3281 333 3328 J.
352 3280 420 3325 V.
444 3278 501 3323 1..
1394 3285 1533 3322 extr·
1580 3273 1951 3336 Hellespontum
1972 3306 1988 3332 ,
2023 3273 2223 3322 adversa
2258 3278 2419 3340 Sigaeo

354 3356 505 3403 m.
531 3369 577 3401 1.
603 3354 662 3400 In
695 3351 888 3403 Asiam.
921 3353 1167 3401 Minorem
1185 3388 1201 3413 ,
1226 3353 1307 3402 cui
1392 3353 1528 3401 litori
1539 3352 1742 3413 adjacet.
1758 3352 2232 3417 Plin.xxxl.virg.
2246 3356 2415 3415 11,21.

282 3438 342 3486 C.
367 3434 504 3482 Nero
527 3441 746 3496 praerat.
1466 3442 1514 3487 4.
1543 3434 1606 3478 Ιιι
1629 3431 1841 3481 comitio.
1872 3434 1933 3479 In
1962 3431 2102 3491 foro,
2141 3434 2278 3494 cujus
2307 3451 2421 3498 pare

348 3530 407 3563 α.
464 3511 649 3560 Coelim
691 3508 1000 3574 Rhodiginue
1039 3512 1176 3572 coni.
1210 3510 1307 3558 ad·
1396 3523 1499 3560 erat
1516 3512 1795 3570 comitium
1821 3527 1973 3575 quum
1998 3511 2060 3559 ab
2087 3510 2312 3561 edilibus
2339 3514 2419 3562 lu-

284 3605 459 3648 veneu,
498 3590 636 3656 quod
659 3599 787 3638 recte
810 3589 1055 3655 improbet
1082 3590 1310 3640 Gulielm.
1401 3590 1577 3639 dorum
1602 3606 1745 3638 cauea
1772 3601 2042 3638 ornaretur.
2075 3593 2230 3639 Porro
2260 3592 2426 3642 aedilee

284 3677 335 3724 J.
351 3677 419 3722 V.
448 3676 506 3721 L.
1400 3669 1539 3733 sigua
1589 3668 1773 3717 nobilia
1818 3685 1881 3716 ex
1932 3669 2135 3717 urbibus
2175 3670 2423 3720 sociorum

360 3753 407 3803 3.
438 3755 626 3800 Tenem.
646 3749 805 3815 Cycni
826 3747 1001 3811 filium,
1018 3749 1081 3797 ab
1099 3748 1315 3807 Achille,
1400 3747 1775 3806 mutuabantur,
1804 3764 1914 3812 quae
1937 3759 2105 3812 postea
2132 3750 2426 3814 reportanda

288 3833 491 3906 perinde
510 3843 564 3881 ut
579 3833 735 3881 fueret
746 3839 899 3894 pater,
918 3829 1160 3877 occisum:
1177 3827 1313 3876 ideo-
1401 3826 1654 3877 curabant.
1676 3828 1750 3875 De
1775 3826 1978 3875 comitio
2000 3827 2112 3877 vide
2142 3828 2233 3878 inf.
2259 3845 2304 3879 c.
2329 3845 2392 3877 υ
2409 3863 2428 3888 ,

287 3930 384 3977 que
403 3913 677 3961 institutum
704 3923 804 3971 est,
827 3922 885 3959 ut
920 3908 971 3956 in
1000 3909 1103 3969 ejus
1128 3907 1313 3972 templo
1403 3917 1508 3956 not.
1532 3922 1580 3955 a.

291 4008 553 4055 numquam
590 3991 841 4039 audiretur
872 3986 1079 4038 Achillis
1118 4002 1314 4034 nomen.
1474 3986 1525 4034 5.
1560 3985 1768 4034 lunonis
1801 3985 2001 4036 Samioe.
2045 3989 2103 4034 In
2145 3985 2237 4034 hac
2275 3985 2432 4033 insula

293 4072 417 4119 Plut.
437 4073 537 4133 Qu.
550 4087 621 4134 gr.
643 4074 791 4118 Hunc
813 4070 902 4116 viae
920 4081 1115 4115 cursum
1137 4080 1315 4128 sequu-
1402 4067 1434 4115 J
1436 4079 1538 4112 uno
1579 4065 1826 4129 praecipue
1864 4063 2132 4113 colebatur.
2155 4065 2293 4128 Virg.
2323 4065 2438 4110 AEu.

287 4161 368 4198 tus
421 4161 522 4199 erat
562 4150 770 4210 Verres,
816 4159 873 4196 ut
921 4146 1318 4209 Peloponnesum
1410 4146 1460 4203 1,
1491 4145 1574 4192 16.
