3044 4788
594 455 722 525 152
1238 459 1333 525 M.
1382 460 1457 525 T.
1515 458 2085 530 CICERONIS

578 601 670 647 an
688 600 848 673 quae
880 601 967 648 ex
991 574 1414 646 liberalitate
1434 575 1654 671 hujus
1680 579 2032 674 promissa
2057 581 2152 648 sit
2175 592 2250 648 et
2266 593 2622 652 ostentata
2645 593 2665 626 ¹
2687 584 2718 653 ?

582 711 898 784 quorum
945 686 1252 757 alterum
1295 700 1405 757 est
1444 689 1731 781 gravius
1763 701 1836 757 et
1867 686 2223 775 odiosius3
2261 689 2566 760 alterum
2608 690 2717 761 le-

575 801 737 867 vius
765 793 1160 866 et‘faciliuS.
1185 797 1362 884 Qua:
1390 819 1478 866 ex
1506 797 1846 866 societate
1875 794 2314 867 debeatur2?
2337 797 2533 887 Quid
2562 801 2665 868 ais
2684 801 2718 869 Ξ)

574 912 731 978 Hoc
764 901 958 1002 jam³
1012 929 1250 1001 neque
1284 905 1535 998 leviter
1566 902 1947 975 ferendum
1988 920 2135 994 est,
2189 930 2431 1002 neque
2481 906 2716 1002 negli-

576 1030 831 1115 genter
855 1013 1417 1087 defendendum.
1450 1017 1519 1086 Si
1548 1039 1694 1111 qua
1715 1018 1908 1086 enim
1934 1030 2105 1085 sunt
2135 1019 2413 1113 privata
2438 1015 2715 1112 judicia

573 1151 873 1199 summae
913 1128 1456 1198 existimationis
1480 1127 1539 1214 ⁴,
1582 1140 1657 1196 et
1693 1150 1898 1222 paene
1944 1124 2177 1196 dicam
2225 1129 2477 1223 capitis
2502 1180 2521 1214 ,
2576 1130 2715 1197 tria

571 1235 726 1306 haec
756 1249 929 1306 sunt
949 1289 967 1321 ,
992 1233 1298 1322 fiduciae,
1327 1233 1599 1323 tutelae,
1631 1237 2011 1306 societatis.
2054 1240 2281 1332 AEque
2311 1239 2507 1306 enim
2540 1260 2714 1334 per-

574 1343 915 1417 fidiosum
941 1359 1016 1416 et
1046 1343 1402 1416 nefarium
1434 1359 1543 1414 est
1563 1396 1583 1431 ,
1608 1341 1827 1415 fidem
1851 1340 1881 1386 ⁵
1910 1342 2239 1440 frangere
2260 1398 2279 1431 ,
2322 1369 2484 1441 quae
2527 1369 2712 1415 con·

580 1451 795 1526 tinet⁶
821 1457 1077 1542 vitam3
1110 1469 1184 1525 et
1207 1453 1569 1551 pupillum
1601 1449 2091 1550 fraudare,qui
2117 1456 2192 1522 in
2228 1454 2526 1524 tutelam
2553 1478 2716 1551 per-

578 1569 817 1653 venit;
850 1579 923 1635 et
951 1568 1230 1635 socium
1262 1562 1503 1634 fallere
1526 1616 1545 1650 ,
1573 1565 1698 1659 qui
1736 1587 1810 1634 se
1837 1566 1910 1633 in
1947 1566 2239 1659 negotio
2269 1565 2710 1659 conjunxit7.

582 1677 760 1764 Quae
807 1699 1038 1771 quum
1074 1675 1174 1743 ita
1209 1677 1386 1757 sint,
1435 1674 1564 1767 qui
1609 1675 1740 1757 sit,
1786 1674 1913 1767 qui
1958 1675 2236 1742 socium
2265 1671 2610 1745 fraudarit
2642 1690 2716 1746 et

584 1780 950 1869 fefellerit,
977 1780 1517 1852 consideremus
1548 1806 1564 1848 ε
1605 1779 1806 1851 dabit
1843 1783 2038 1850 enirn
2073 1780 2285 1852 nobis
2316 1783 2714 1878 jamtacite

582 1894 738 1964 vita¹
767 1907 929 1965 acta-
967 1895 1042 1960 in
1079 1891 1496 1961 alterutram
1528 1902 1804 1987 partem
1836 1887 2129 1959 firmum
2163 1906 2236 1961 et
2267 1915 2476 1987 grave
2513 1897 2710 1964 testi-

583 2005 935 2071 monium.
974 2004 1062 2090 Q.
1096 1996 1489 2070 Roscius⁸P
1540 1999 1721 2096 quid
1759 1999 1906 2070 ais?
1947 2003 2248 2090 Nonne,
2282 2016 2365 2071 ut
2406 2006 2587 2099 ignis
2629 2008 2707 2074 in

583 2133 849 2207 aquam
897 2110 1265 2204 conjectus
1315 2112 1666 2180 continuo
1709 2113 2185 2206 restinguitur
2229 2125 2302 2182 et
2347 2111 2715 2209 refrigera-

588 2234 744 2305 tur;
782 2222 885 2288 sic
934 2217 1342 2289 refervens9
1381 2217 1639 2291 falsum
1691 2222 1964 2290 crimen
2019 2224 2096 2290 in
2137 2224 2590 2318 purissimam
2641 2238 2717 2293 et

588 2329 1056 2400 castissimam
1094 2330 1311 2399 vitam
1347 2328 1686 2399 collatum
1723 2334 1961 2401 statim
1999 2330 2319 2402 concidit
2352 2346 2425 2403 et
2454 2336 2718 2404 exstin-

589 2438 879 2536 guitur?
902 2442 1201 2516 Roscius
1242 2442 1520 2516 socium
1559 2437 1963 2511 fraudavit?
2006 2447 2247 2512 Potest
2273 2442 2411 2513 hoc
2436 2443 2710 2514 homini

589 2550 762 2620 huic
810 2549 1079 2622 haerere
1127 2551 1552 2648 peccatum?
1599 2553 1729 2647 qui
1762 2550 2044 2621 medius
2084 2549 2300 2622 fidius
2331 2551 2717 2648 (audacter

593 2659 758 2731 dico
781 2660 885 2756 ¹⁰)
914 2661 1078 2759 plus
1110 2658 1323 2748 fidei,
1375 2682 1594 2757 quam
1638 2663 1843 2748 artiS‚
1894 2661 2060 2758 plus
2104 2664 2451 2749 veritatiS,
2493 2687 2715 2758 quam

590 2769 987 2869 disciplina·-
1015 2770 1336 2869 possidet
1364 2775 1437 2840 in
1466 2795 1579 2857 se;
1611 2794 1830 2867 quem
1859 2771 2174 2869 populus
2202 2796 2541 2842 romanus
2572 2796 2718 2842 me-

590 2881 845 2950 liorem
882 2883 1158 2968 virum,
1200 2905 1421 2977 quam
1465 2880 1892 2973 histrionem
1925 2904 2077 2951 esse
2102 2880 2534 2968 arbitratur,
2585 2885 2715 2978 qui

589 2995 691 3061 ita
719 2985 1180 3094 dignissimus
1207 3005 1314 3062 est
1340 3015 1554 3062 scena
1579 3005 1876 3098 propter
1901 2987 2310 3079 artificium,
2336 3005 2422 3061 ut
2451 2990 2718 3087 dignis—

660 3217 750 3269 VI.
780 3230 824 3263 1.
852 3216 1126 3267 Ostentum.
1147 3215 1266 3275 Ejus
1286 3230 1395 3278 spes
1423 3213 1603 3266 oblata.

662 3309 711 3342 a.
735 3291 914 3341 Schiitz
941 3293 1079 3356 legit,
1101 3314 1127 3338 α
1142 3293 1264 3354 Quae
1293 3308 1355 3342 ex
1374 3292 1606 3340 societate

591 3372 794 3421 debetur
807 3395 856 3430 ι,
882 3382 933 3420 et
949 3372 1142 3434 signum
1161 3369 1491 3432 interrogandi
1518 3386 1608 3417 ex-

587 3451 763 3515 pungit
779 3484 796 3511 ,
823 3450 962 3513 quasi
985 3450 1051 3496 sit
1074 3450 1180 3512 ipsa
1203 3448 1462 3511 responsio
1487 3452 1606 3501 Fan-

585 3529 674 3575 nii.
699 3529 827 3576 J.V.
850 3530 904 3575 1..

659 3606 708 3655 3.
755 3608 862 3653 Hoc
886 3605 1018 3667 jam.
1066 3605 1289 3652 Oratoria
1342 3604 1605 3653 calliditate

581 3685 765 3733 crimen
786 3694 1068 3745 exaggerat,
1095 3698 1196 3746 quo
1213 3684 1372 3731 minus
1399 3686 1462 3731 sit
1486 3700 1603 3749 pro-.

585 3764 747 3813 babile
781 3780 808 3813 a
844 3763 955 3809 viro
986 3762 1122 3810 bono
1151 3764 1426 3811 admissum.

651 3851 700 3898 4.
720 3843 928 3895 Summoe
944 3842 1333 3891 existimationis.
1346 3846 1406 3891 In
1428 3842 1604 3907 quibus

579 3924 736 3986 agitur
749 3921 967 3969 existima
974 3921 1060 3981 tio,
1069 3932 1117 3969 et
1129 3922 1343 3970 damnati
1358 3917 1603 3970 infamiam

581 4000 810 4050 subeunt.

648 4082 696 4129 5.
753 4082 894 4134 Unus
928 4097 954 4126 e
1005 4075 1157 4128 codd.
1199 4073 1604 4130 oxoniensibus,

577 4160 835 4225 fiduciam.
861 4161 984 4209 mv,
1015 4160 1066 4207 1..

1765 3216 1814 3263 6.
1847 3214 2084 3263 Continet.
2102 3214 2216 3262 Sine
2235 3229 2331 3277 qua
2350 3213 2483 3261 nulla
2504 3213 2602 3261 vita
2623 3224 2714 3263 est.

1767 3310 1814 3352 ⁰7.
1845 3296 1907 3340 In
1946 3292 2143 3358 negotio
2178 3292 2456 3357 conjunxit.
2494 3290 2714 3342 Societa-

1695 3381 1792 3420 tem
1810 3371 1920 3419 iniit
1937 3371 2280 3437 negotiationis
2294 3372 2526 3420 faciendae
2547 3388 2709 3422 causa.

1765 3452 1815 3498 8.
1832 3451 1889 3512 Q.
1905 3449 2119 3500 Roscius.
2140 3450 2356 3499 Subaud.
2375 3452 2563 3499 socium
2583 3450 2715 3498 frau-

1694 3528 1849 3580 davit.
1893 3531 1968 3578 De
2017 3528 2248 3578 societate
2290 3528 2392 3579 vid.
2432 3545 2565 3594 supr.
2618 3544 2714 3592 pro

1693 3608 1916 3670 Quintio.

1764 3701 1813 3747 9.
1823 3684 2086 3748 Refer-vens.
2102 3685 2183 3733 Ab
2200 3701 2322 3749 aqua
2343 3685 2546 3733 ferventi
2564 3696 2712 3732 meta·

1692 3763 1898 3828 phoram
1922 3763 1986 3819 ad
2005 3765 2188 3812 crimen
2221 3763 2361 3826 quasi
2385 3763 2715 3827 improbitatis

1694 3844 1806 3906 igne
1823 3858 2079 3897 accensum
2102 3843 2329 3890 transfert
2356 3854 2537 3890 orator.
2764 3893 2769 3896 ,

1773 3936 1848 3969 10.
1871 3920 2123 3968 Audacter
2144 3921 2275 3969 dico.
2300 3918 2615 3968 confidenter
2635 3919 2717 3965 lo·

1692 4015 1834 4063 quor.
1869 4001 1949 4047 Sic
1977 4000 2134 4055 ptam.
2162 3999 2383 4063 Amphit.
2427 4020 2447 4040 ι
2474 4014 2584 4062 qua!
2612 4015 2715 4046 non

1696 4078 1927 4142 deliquit,
1967 4078 2106 4126 decet
2134 4078 2363 4126 audacem
2391 4095 2496 4127 esse
2520 4090 2571 4127 et
2591 4093 2719 4126 con-

1692 4156 1921 4205 fidentem
1948 4173 2041 4221 pro
2066 4174 2170 4204 seu.
