3044 4788
622 470 760 546 362
1261 470 1360 542 Μ.
1410 472 1488 539 Τ.
1544 468 2113 541 CICERONIS

616 597 693 666 in
730 592 1002 691 quibus
1037 595 1136 663 ita
1177 593 1581 663 intercessit
1600 586 1653 679 ⁵,
1706 588 1907 687 quod
1948 584 2090 661 iste'
2140 584 2370 674 aliter,
2409 600 2640 687 atque
2682 604 2782 663 ut

611 706 965 793 edixerat,
1008 703 1457 776 decrevisset.
1520 699 1745 793 Quod
1785 724 1915 772 vos
1950 698 2224 772 oblitos
2258 723 2410 770 esse
2447 724 2603 771 non
2651 725 2779 772 ar·

610 815 870 904 bitror,
913 839 1076 912 quae
1122 809 1586 899 multitudo⁶‚
1632 815 1762 908 qui
1806 808 1990 882 ordo
2047 809 2142 881 ad
2183 812 2462 881 Pisonis
2504 809 2772 881 sellam

606 929 748 997 isto
786 938 1091 1023 praetore
1126 921 1380 994 solitus
1403 924 1499 993 sit
1533 924 1961 994 convenire:
1990 944 2213 1018 quem
2242 923 2375 992 iste
2407 919 2765 1018 collegam

606 1041 748 1110 nisi
785 1035 1193 1123 habuisset,
1221 1032 1582 1132 lapidibus
1609 1046 1999 1131 coopertus
2039 1045 2226 1104 esset
2270 1033 2348 1101 in
2387 1028 2573 1102 foro.
2609 1029 2765 1103 Sed

606 1171 698 1217 eo
739 1145 1043 1216 leviores
1093 1146 1300 1216 istius
1340 1145 1621 1240 injuriae
1677 1140 2114 1214 videbantur
2134 1193 2153 1229 ‚
2209 1138 2415 1237 quod
2465 1155 2618 1212 erat
2679 1144 2759 1212 in

604 1257 942 1351 aequitatc
994 1252 1525 1352 prudentiaque
1577 1256 1858 1325 Pisonis
1907 1254 2445 1350 paratissimum
2500 1249 2760 1349 persu-

605 1367 846 1463 gium‚
886 1390 1036 1463 quo
1071 1367 1224 1437 sine
1263 1364 1512 1436 labore
1534 1417 1555 1450 ‚
1590 1366 1746 1434 sine
1785 1363 2153 1448 molestia,
2188 1363 2344 1433 sine
2388 1363 2760 1459 impensa,

608 1478 827 1547 etiam
864 1479 1020 1548 sine
1059 1490 1377 1575 patrono
1406 1474 1740 1545 homines
1776 1486 2176 1544 uterentur.
2207 1473 2430 1556 Nam,
2472 1493 2758 1567 quaeso,

611 1584 881 1658 redite⁷
911 1588 988 1657 in
1011 1588 1469 1674 memoriam,
1492 1582 1968 1681 judice3‚quae
2001 1580 2228 1654 libido
2258 1585 2466 1653 istius
2492 1584 2568 1651 in
2590 1582 2762 1676 jure

611 1692 933 1768 dicundo
967 1690 1220 1782 fuerit,
1255 1718 1417 1792 quae
1454 1697 1758 1765 varietas
1800 1691 2261 1765 decretorum
2286 1746 2306 1780 ‚
2351 1716 2516 1789 quae
2555 1714 2760 1762 mm-

604 1804 923 1894 dinatiO,
962 1830 1182 1904 quam
1215 1808 1467 1876 inanes
1494 1802 1757 1877 domus
1790 1827 2047 1874 eorum
2078 1805 2452 1889 omnium,
2489 1804 2620 1898 qui
2663 1800 2760 1872 de

598 1917 762 2011 jure
808 1915 999 1990 civili
1051 1913 1333 1986 consuli
1377 1914 1649 2001 solent,
1699 1936 1919 2011 quam
1964 1914 2179 2012 plena
2221 1927 2440 2008 atque
2490 1909 2760 1982 referta

604 2026 1027 2099 Chelidonis
1062 2051 1079 2094 ε
1126 2048 1169 2096 a
1212 2049 1359 2122 qua
1410 2026 1716 2096 muliere
1760 2049 1989 2123 quum
2031 2037 2188 2095 erat
2236 2020 2329 2094 ad
2371 2047 2540 2093 eum
2581 2046 2762 2091 ven-

603 2150 798 2223 tum,
834 2148 909 2206 et
950 2138 1028 2204 in
1061 2157 1308 2205 aurem
1334 2135 1502 2230 ejus
1539 2136 2111 2234 insusurratum,
2157 2133 2329 2205 alias
2369 2130 2756 2204 revocabat

603 2265 769 2328 coc,
818 2240 1010 2313 inter
1050 2264 1238 2340 quos
1274 2243 1422 2340 jam
1460 2243 1916 2333 decreverat,
1953 2243 2473 2341 decretumque
2510 2256 2753 2313 muta-

602 2350 770 2440 bat;
826 2352 999 2425 alias
1047 2357 1239 2427 inter
1282 2354 1463 2428 alios
1515 2360 1958 2429 contrarium
1997 2356 2153 2428 sine
2202 2354 2353 2428 ulla
2395 2355 2753 2451 religione

605 2461 1067 2555 decernebat,
1090 2489 1175 2539 ac
1212 2471 1565 2596 proximis
1600 2468 1848 2567 paullo
1882 2481 2051 2538 ante
2084 2463 2522 2540 decreverat.
2567 2467 2754 2536 Hinc

601 2573 705 2646 illi
749 2574 1085 2650 homines
1120 2593 1365 2668 erant,
1397 2582 1526 2677 qui
1566 2580 1782 2650 etiam
1816 2571 2152 2649 ridiculi⁸
2193 2573 2754 2646 inveniebantur

602 2710 695 2757 ex
723 2684 1018 2759 dolore.
1049 2712 1371 2785 quorum
1398 2690 1552 2779 alii,
1588 2704 1674 2763 ut
1698 2686 2065 2774 audistise,
2092 2685 2454 2785 negabant
2477 2686 2751 2754 miran-

601 2795 779 2868 dum
807 2821 959 2868 esse
975 2798 1136 2893 ‚jus
1155 2813 1302 2870 tam
1326 2807 1727 2897 nequam¹⁰
1746 2819 1899 2869 esse
1935 2799 2355 2869 verrinum.
2385 2793 2505 2864 alii
2532 2795 2749 2863 etiam

606 2904 1016 3003 frigidiores
1051 2923 1293 2998 erant3
1336 2909 1462 2982 sed
1484 2964 1504 2999 ,
1552 2912 1725 3010 quia
1761 2906 2425 2993 stomachabantur,
2461 2901 2748 2977 ridiculi

680 3127 730 3176 5.
751 3126 1042 3177 Intervenit.
1062 3128 1233 3178 Verris
1264 3129 1458 3179 decreta
1487 3130 1632 3178 resci-
1729 3126 1870 3177 distis
1882 3149 1933 3192 a,
1966 3126 2105 3194 quod
2139 3128 2364 3176 Muretus
2397 3123 2633 3191 probavit
2651 3158 2668 3185 ,
2703 3135 2755 3174 et

603 3205 695 3257 dit.
728 3208 922 3256 Etenim
959 3216 1142 3273 praetor
1182 3209 1386 3275 pretori
1403 3244 1417 3269 ,
1460 3207 1633 3256 consul

599 3286 816 3342 consuli.
848 3296 898 3334 et
928 3302 1018 3350 per
1053 3285 1267 3350 denique
1300 3288 1462 3335 omnis
1491 3296 1633 3350 pote·

601 3378 701 3416 stes
725 3367 831 3431 peri
847 3400 864 3426 ‚
896 3365 1014 3414 item
1040 3376 1098 3413 ut
1127 3364 1352 3430 superior
1383 3365 1632 3427 inferiori,

601 3445 954 3494 intercedebat.
1001 3445 1104 3495 Cic.
1154 3444 1216 3492 de
1259 3446 1375 3508 Leg.
1426 3445 1500 3491 111
1515 3477 1532 3503 ‚
1581 3452 1630 3501 4.

603 3525 729 3573 Caes.
747 3524 810 3572 de
833 3524 956 3573 Bell.
977 3525 1073 3572 civ.
1093 3526 1198 3584 111,
1224 3538 1308 3571 ao.

674 3600 724 3651 6.
745 3602 1029 3653 Multitudo.
1052 3603 1288 3654 Homines
1313 3618 1341 3650 e
1377 3600 1538 3667 plebe.
1558 3605 1629 3640 '—

608 3681 758 3729 Ordo.
784 3682 1038 3744 Equester,
1064 3693 1147 3730 ant
1165 3681 1429 3746 generatim
1445 3681 1630 3746 potius,

605 3760 861 3808 bominum
895 3759 1040 3808 turbe
1062 3761 1252 3820 omnis,
1290 3777 1347 3809 ec
1368 3761 1513 3809 etiam
1537 3776 1627 3809 no·

601 3838 796 3888 bilium.

674 3932 729 3984 7.
744 3916 1049 3978 Priscianus,
1075 3934 1127 3983 p.
1153 3935 1171 3965 1
1188 3917 1311 3977 154,
1331 3918 1412 3967 ed.
1431 3919 1631 3968 Putscb.

604 3997 839 4048 reducite.
856 4000 888 4046 J
896 4033 907 4045 .
920 3998 989 4044 V.
1003 3998 1061 4046 L.

674 4078 725 4125 8.
766 4075 992 4126 Ridicule.
1032 4077 1197 4126 Fecsti
1231 4092 1288 4125 ac
1329 4076 1481 4126 risum
1527 4092 1634 4126 mo-

604 4167 790 4207 ventes.

672 4252 724 4300 9.
744 4234 870 4288 Cod.
892 4235 1055 4285 Ursini
1071 4270 1087 4297 ,
1112 4235 1201 4284 «id
1230 4234 1368 4302 quod
1394 4251 1526 4301 saepe
1544 4252 1629 4284 au-

1718 3210 1904 3275 recepit
1921 3209 2202 3256 Lambinus.
2229 3209 2356 3257 LV.
2381 3206 2441 3255 L.

1796 3305 1877 3337 xo.
1899 3292 1988 3336 Ius
2010 3299 2114 3335 tam
2134 3303 2364 3351 nequam.
2395 3286 2488 3334 nis
2511 3284 2677 3333 verbis
2701 3297 2752 3333 et

1721 3368 1926 3416 Verrinn
1952 3366 2264 3428 jurisdictio,
2297 3352 2347 3414 et
2372 3365 2540 3429 liquor
2568 3363 2653 3412 ille
2678 3364 2754 3411 in-

1718 3446 1906 3509 suavis,
1939 3446 1994 3492 in
2029 3461 2130 3509 quo
2151 3445 2359 3493 Verrina
2395 3460 2512 3492 caro
2545 3444 2750 3492 decocta

1718 3537 1816 3583 est,
1858 3523 2069 3588 intelligi
2106 3534 2283 3590 potest.
2307 3526 2487 3571 Verres
2533 3522 2667 3572 euim
2700 3532 2752 3569 et

1716 3604 1930 3653 hominis
1963 3618 2174 3662 nomeu,
2213 3613 2262 3652 et
2297 3619 2482 3668 porcus
2524 3618 2628 3649 non
2667 3616 2750 3649 ex·

1718 3694 1893 3732 sectus.
1920 3683 2115 3732 Auctor
2139 3682 2260 3731 dial.
2282 3682 2343 3731 de
2361 3684 2500 3732 Orat.
2523 3678 2609 3740 23,
2632 3681 2749 3743 hoc,

1718 3762 1858 3828 quasi
1894 3762 2119 3827 frigidius
2133 3798 2149 3824 ,
2185 3763 2374 3811 dictum
2404 3760 2747 3827 reprehendit,

1721 3851 1963 3906 tamquam
1991 3858 2054 3891 ex
2075 3843 2308 3891 Cicerone
2333 3841 2416 3890 sit.
2432 3840 2638 3905 AEquior
2660 3837 2748 3887 Ci-

1721 3921 1890 3969 ceroni
1914 3920 2250 3986 Quintilianus
2268 3955 2284 3981 ,
2310 3923 2399 3986 qui
2425 3923 2518 3979 VI,
2540 3922 2567 3968 3
2583 3953 2599 3978 ‚
2617 3919 2747 3967 Cice-

1719 4015 1890 4050 ronem
1914 4010 2142 4059 excuset,
2177 4000 2316 4065 quod
2336 4002 2389 4047 in
2408 3999 2621 4047 eliorum
2637 4013 2746 4062 per·

1720 4094 1839 4127 eona
1866 4079 1963 4127 boc
1990 4070 2201 4128 dicatur.
2226 4081 2287 4127 Et
2309 4080 2415 4143 ipsa
2446 4094 2536 4142 per
2561 4093 2612 4125 se
2630 4075 2748 4124 satis

1719 4158 1940 4206 indicant
1969 4175 2081 4223 quae
2110 4170 2413 4223 sequuntur,
2457 4157 2746 4206 Ciceronem

1721 4235 1783 4284 de
1804 4236 1903 4295 his,
1923 4248 1980 4286 nt
2005 4237 2223 4302 frigidis,
2245 4236 2488 4297 iudicium
2508 4235 2693 4286 unisse.
