3044 4788
659 489 768 557 IN
820 487 1256 556 VERREM
1306 487 1522 555 ACT.
1577 489 1686 572 II,
1738 490 1926 557 LIB.
1980 491 2075 557 II.
2293 492 2425 575 [401

308 634 437 681 vos
488 611 737 681 vestris
791 606 1070 705 praediis
1123 608 1431 677 maxime
1477 604 1963 695 delectamini;
2013 610 2112 679 sic
2156 604 2436 709 'populo

307 743 608 790 romano
638 717 961 813 jucunda
999 714 1508 788 suburbanitas
1538 731 1647 787 est
1683 708 1983 812 hujusce
2023 720 2432 815 provinciae.

305 836 461 900 Jam
506 853 675 900 vero
721 826 1102 898 hominum
1147 827 1512 924 ipsorum,
1561 825 1880 921 judices,
1931 852 2026 897 ea.
2059 826 2437 924 patientia,

305 942 531 1010 virtus
548 993 566 1022 ,
597 936 1105 1034 frugalitasque
1131 929 1277 1022 est,
1308 949 1391 1006 ut
1420 937 1748 1034 proxime
1776 935 1866 1006 ad
1891 951 2207 1007 nostram
2233 936 2437 1009 disci·

305 1048 578 1146 plinam
609 1047 798 1117 illam
826 1060 1139 1117 veterem
1158 1099 1177 1132 ,
1195 1070 1344 1115 non
1373 1045 1464 1116 ad
1493 1045 1717 1133 hanc,
1750 1071 1910 1143 quae
1938 1072 2136 1119 110110
2155 1052 2186 1100 4
2219 1050 2442 1120 incre-

302 1158 532 1246 bruit,
558 1157 940 1228 videantur
960 1153 1321 1227 accedere.
1340 1154 1539 1227 Nihil
1566 1169 1974 1225 ceterorum
2003 1157 2232 1228 simile
2254 1163 2441 1229 Grae-

265 1291 558 1338 ·corum
591 1293 608 1335 z
648 1265 844 1336 nulla
880 1264 1181 1353 desidia,
1226 1263 1428 1336 nulla
1467 1263 1782 1352 luxuria;
1813 1280 2067 1363 contra
2114 1293 2442 1339 summus

307 1376 513 1448 labor
545 1378 617 1446 in
656 1374 965 1474 publicis
1000 1376 1439 1473 privatisque
1474 1372 1721 1460 rebus,
1770 1398 2047 1445 summa
2081 1378 2442 1473 parcimo-

308 1488 448 1572 nia,
472 1510 751 1555 summa
784 1482 1172 1582 diligentia.
1196 1485 1310 1555 Sic
1345 1508 1569 1580 porro
1597 1498 1883 1555 nostros
1922 1483 2249 1557 homines
2282 1487 2442 1558 dili-

308 1612 512 1693 gunt,
530 1611 609 1667 ut
632 1596 740 1667 his
766 1588 934 1666 solis
964 1620 1204 1692 neque
1231 1590 1724 1692 publicanus⁵‚
1748 1590 2021 1690 neque⁶
2039 1599 2446 1690 negotiator

310 1704 481 1774 odio
521 1706 628 1775 sit.
668 1706 1217 1804 Magistratuum
1265 1719 1506 1775 autem
1554 1718 1973 1774 nostrorum
2014 1705 2310 1799 injurias
2351 1711 2448 1780 ita

309 1813 700 1886 multorum
751 1815 1114 1902 tulerunt,
1164 1830 1247 1885 ut
1292 1838 1694 1910 numquam
1739 1828 1907 1884 ante
1958 1813 2099 1883 hoc
2160 1829 2448 1913 tempus

308 1925 395 1996 ad
429 1951 622 1996 aram
652 1926 891 2023 legum
911 1939 964 2014 7,
990 1925 1551 2023 praesidiumque
1575 1940 1904 1995 ‘vestrum
1939 1922 2233 2022 publico
2273 1952 2449 1999 con-

308 2035 467 2106 silio
505 2036 1011 2132 confugerint:
1052 2039 1336 2107 tametsi
1381 2050 1453 2107 et
1499 2032 1749 2105 illum⁸
1802 2059 2075 2105 annum
2124 2037 2447 2134 pertule-

306 2161 507 2233 rant,
543 2149 670 2243 qui
699 2148 797 2217 sic
835 2171 959 2218 eos
986 2146 1363 2232 afflixerat,
1400 2160 1484 2216 ut
1514 2145 1685 2216 salvi
1723 2170 1878 2215 esse
1920 2170 2069 2215 nou
2106 2163 2445 2243 possent,

310 2258 443 2326 nisi
482 2262 560 2328 C.
586 2257 970 2329 Marcellus
1006 2259 1214 2354 quasi
1242 2256 1488 2353 aliquo
1527 2253 1675 2326 fato
1705 2257 2047 2342 venisset,
2087 2270 2168 2327 ut
2197 2254 2310 2328 bis
2356 2283 2446 2328 ex

310 2366 557 2439 eadem
612 2366 873 2439 familia
925 2367 1116 2439 salus
1157 2367 1410 2438 Siciliae
1455 2356 2045 2452 constitueretur,
2111 2380 2184 2436 et
2245 2381 2446 2464 post-

311 2502 394 2548 ea
436 2482 534 2548 M.
576 2476 1335 2578 Antonii9'infinitum
1388 2474 1568 2547 illud
1617 2476 2003 2573 imperium
2049 2492 2445 2549 senserant.

311 2692 545 2740 00011510
562 2692 736 2740 ceteris
751 2693 1040 2757 provinciis,
1063 2693 1325 2759 praesertim

311 2772 536 2819 Asiaticis
559 2773 625 2818 ita
660 2771 934 2833 eveniebat,
960 2783 1016 2820 ut
1047 2784 1216 2837 postea
1232 2772 1328 2819 Ju-

308 2851 405 2899 lius
422 2853 581 2902 Caesar
596 2852 869 2900 necessario
888 2851 1083 2901 duxerit
1101 2853 1217 2899 istas
1242 2868 1327 2916 pe-

307 2931 654 2995 regrinationes
688 2946 933 2989 coercere,
970 2941 1060 2979 «ut
1081 2931 1328 2979 exhaustae

309 3010 435 3058 Urbi
459 3010 723 3074 frequentia
750 3021 1028 3076 suppeteret
1048 3033 1091 3059 ιο.
1125 3013 1327 3059 Suetou.

308 3091 363 3137 in
381 3093 413 3139 J
416 3090 479 3138 01.
498 3099 521 3146 4
534 3106 585 3138 a.

383 3180 436 3226 4.
480 3170 600 3232 Quae
636 3186 783 3217 nune.
817 3172 941 3233 Quae
984 3182 1149 3215 50νο15
1184 3167 1327 3224 olim,

311 3265 440 3296 0000
487 3249 722 3299 dissoluta
767 3259 1047 3313 usurpatur.
1104 3250 1330 3313 Ceterum

310 3344 419 3390 que
444 3327 496 3376 h.
527 3327 562 3375 l.
590 3328 653 3376 de
676 3329 851 3378 Siculis
883 3327 1157 3384 traduntur,
1179 3326 1332 3373 ambi·

311 3409 433 3454 tiose
474 3408 625 3471 015815
671 3424 728 3454 ac
772 3408 1004 3465 oratorie,
1042 3422 1189 3470 quam
1222 3421 1331 3454 vere

312 3485 439 3532 dicta
483 3501 584 3532 0550
620 3486 863 3536 videntur.
905 3488 1189 3548 Reti-agatur
1227 3485 1332 3548 ipse

311 3563 402 3609 sibi
426 3563 530 3611 Cic.
549 3566 696 3611 Tusc.
714 3567 898 3627 Quaest.
918 3566 984 3623 V,
1011 3560 1107 3624 353
1139 3564 1198 3611 de
1220 3563 1328 3610 Fin.

313 3641 432 3690 bon.
456 3652 505 3689 et
530 3642 642 3690 mal.
665 3644 743 3700 11,
771 3645 854 3691 28.
883 3645 944 3692 Et
968 3654 1101 3708 patet
1126 3659 1188 3690 ex
1214 3642 1332 3707 ipsis

311 3720 460 3777 locis,
490 3719 575 3768 ubi
615 3733 957 3770 enumerantur
1002 3738 1077 3769 res
1115 3738 1143 3769 a
1179 3725 1332 3769 Verre

311 3798 511 3860 ablatae,
538 3811 718 3863 quanta
744 3800 890 3849 fuerit
907 3816 1074 3849 001001
1093 3800 1301 3848 luxuria.

385 3879 435 3927 5.
462 3879 769 3928 Publicanos.
791 3881 900 3927 Hoc
927 3879 1147 3938 nomine,
1169 3891 1218 3927 et
1245 3896 1334 3944 pe·

310 3959 526 4007 00511101
540 3958 805 4021 portitores
820 3959 1174 4022 intelliguntur.
1185 3960 1333 4006 Erant

312 4037 363 4084 bi
390 4054 583 4097 omnes,
624 4049 827 4103 propter
851 4037 1156 4101 vectigalium
1184 4038 1332 4085 ratio·

313 4135 448 4177 0010,
476 4116 704 4166 omnibus
728 4118 848 4165 odio
868 4116 1163 4165 nationibus.

387 4200 437 4246 6.
468 4199 638 4262 Neque
660 4215 770 4264 neg.
792 4197 956 4245 Veluti
983 4207 1224 4260 aratores,
1260 4215 1335 4247 ar·

510 4287 565 4353 1.
623 4303 711 4349 cic.
728 4316 841 4363 pars
861 4298 1073 4347 secunda.

1415 2690 1645 2754 8011151ὶί,
1684 2690 1864 2754 quibus
1891 2688 2056 2737 libem
2083 2689 2350 2752 legationes
2383 2692 2448 2739 ad

1415 2770 1610 2834 negotia
1635 2769 1860 2817 obeunda
1888 2769 2233 2817 decernuntur.

1491 2869 1538 2913 7.
1579 2851 1736 2896 Aram
1775 2849 1949 2913 Iegmn.
1992 2849 2219 2896 Praetoris
2261 2849 2447 2899 scilicet

1416 2928 1632 2977 tribuual
1661 2944 1716 2975 50
1744 2927 1968 2984 5011501115
1991 2926 2232 2988 judicum.

1491 3010 1541 3056 8.
1574 3008 1722 3056 Illnm
1743 3023 1929 3054 annum
1947 3007 2049 3066 673
2080 3022 2181 3069 quo
2209 3008 2280 3054 M.
2305 3007 2448 3070 Lepi-

1418 3087 1509 3135 dus
1529 3086 1739 3133 Siciliam
1753 3121 1767 3145 ,
1785 3101 1930 3149 quam
1955 3096 2138 3150 pretor
2160 3084 2415 3133 obtinebat
2429 3121 2444 3143 ,

1414 3181 1558 3214 avare
1574 3178 1622 3213 et
1640 3165 1903 3213 crudeliter
1921 3165 2291 3212 administravit.
2317 3166 2447 3213 Huic

1416 3245 1651 3295 successit
1667 3246 1724 3295 C.
1743 3244 2006 3293 Marcellus
2033 3247 2097 3291 A.
2118 3244 2180 3291 U.
2203 3245 2268 3304 67
2279 3245 2324 3291 5.
2346 3246 2448 3291 lte-

1417 3323 1745 3390 petunda-um
1775 3339 1886 3371 reus
1928 3323 2084 3370 sactus
2117 3332 2192 3369 est
2229 3322 2443 3385 Lepidus

1408 3420 1549 3452 5000
1576 3406 1706 3463 674,
1729 3400 2070 3451 accusantibus
2105 3401 2300 3449 duobus
2333 3403 2442 3449 Me-

1419 3485 1546 3533 tellis
1583 3484 1750 3533 Celere
1784 3495 1833 3533 et
1859 3485 2055 3550 Nepote
2074 3517 2091 3543 ,
2133 3483 2219 3546 qui
2253 3495 2412 3531 tamen
2430 3516 2444 3540 ,

1417 3566 1539 3614 victi
1575 3566 1680 3626 eius
1717 3564 1851 3629 apud
1888 3562 2129 3630 populum
2151 3564 2333 3628 gratia,
2362 3562 2446 3609 de·

1418 3645 1664 3693 stiterunt.

1490 3739 1541 3785 9.
1558 3724 1630 3770 M.
1653 3721 1873 3770 Antonii.
1898 3723 1998 3786 Qui
2021 3738 2153 3770 5000
2173 3723 2277 3785 679
2293 3722 2454 3787 impe-

1418 3803 1545 3851 rium
1570 3813 1744 3850 050105
1768 3801 2044 3854 faventibus
2074 3803 2219 3850 Cotta
2244 3800 2446 3860 consule

1419 3892 1467 3930 et
1511 3881 1728 3946 Cethego
1764 3880 1817 3927 iu
1849 3897 2016 3929 omnes
2042 3880 2306 3929 maritimas
2339 3895 2450 3928 oras

1419 3973 1466 4008 et
1493 3970 1780 4024 potestatem
1807 3961 2147 4024 proconsulari
2173 3976 2359 4023 aequam
2394 3960 2448 4006 in

1420 4040 1648 4088 omnibus
1668 4040 1936 4104 provinciis
1953 4056 2106 4104 usque
2126 4039 2188 4086 ad
2211 4041 2450 4103 quinqua·

1423 4120 1656 4183 gesimam
1687 4117 1966 4166 milliarium
1998 4135 2024 4166 a
2060 4117 2206 4175 mari,
2236 4117 2450 4166 Siciliam

1427 4197 1774 4263 depopulatus.
1798 4196 1915 4244 vid.
1943 4196 2112 4244 Diviu.
2134 4211 2213 4255 17.

1619 4315 1656 4352 5
2180 4278 2271 4349 26
