3044 4788
579 343 722 445 374
1224 347 1322 417 M.
1372 346 1448 411 T.
1505 344 2073 412 CICERONIS

577 464 1036 564 praedibusw,
1053 462 1489 563 praediisque
1501 460 1938 550 vendundiS‚
1949 463 2281 537 omnium
2310 463 2740 549 consulum,

580 601 968 658 censorum
984 629 1004 663 ‚
1023 588 1411 672 praetorum
1436 626 1455 660 ,
1477 587 1922 669 quaestorum
1944 569 2264 668 denique
2284 623 2304 656 ,
2332 585 2413 643 ut
2440 574 2738 668 optima

578 686 1001 784 conditione
1026 684 1120 756 sit
1146 683 1235 771 is,
1278 682 1441 779 cuja
1473 706 1589 755 res
1624 684 1748 766 sit,
1796 681 2046 776 cujum
2084 680 2536 779 periculum?
2578 686 2732 753 Ex-

577 795 806 880 cludit
848 817 1016 866 eum
1054 790 1334 878 solum,
1371 792 1490 862 cui
1534 814 1767 894 prope
1818 790 2054 863 dicam
2103 791 2240 862 soli
2284 805 2730 888 potestatem

584 904 841 979 factam
912 927 1065 978 esse
1140 899 1551 1000 oportebat.
1629 900 1823 999 Quid
1900 906 2096 973 enim
2159 902 2552 999 quisquam
2632 901 2726 977 ad

484 1014 487 1017 ’
584 1038 821 1091 meam
857 1009 1350 1110 pecuniam¹³‚
1386 1036 1503 1084 me
1528 1012 1781 1101 invito,
1800 1011 2158 1110 adspirat?
2189 1010 2370 1109 quid
2407 1011 2731 1083 accedit?

579 1129 893 1195 Locatur
920 1145 1105 1220 opus
1135 1119 1210 1191 id
1228 1176 1248 1211 ,
1274 1120 1468 1218 quod
1495 1146 1585 1193 ex
1619 1146 1781 1192 mea
1807 1122 2116 1219 pecunia
2148 1118 2551 1193 reficiatur:
2586 1145 2729 1217 ego

582 1260 698 1306 me
738 1231 1187 1305 refecturum
1236 1257 1389 1305 esse
1434 1232 1601 1304 dico
1646 1260 1661 1305 z
1702 1231 2044 1330 probatio
2095 1230 2344 1307 futura
2393 1246 2502 1303 est
2559 1245 2729 1317 tua,

581 1345 710 1446 qui
765 1342 961 1421 locas
1003 1369 1020 1417 ε
1059 1342 1424 1442 praedibus
1471 1358 1545 1413 et
1590 1341 1874 1440 praediis
1915 1341 2195 1440 populo
2248 1355 2543 1412 cautum
2590 1355 2725 1415 est.

578 1458 704 1537 Et,
736 1455 864 1523 si¹⁴
912 1478 1066 1524 non
1108 1467 1321 1552 putas
1359 1467 1690 1543 cautum,
1728 1452 2001 1523 scilicet
2034 1466 2117 1523 tu
2151 1464 2417 1550 praetor
2449 1453 2524 1520 in
2565 1475 2731 1522 mea

579 1562 816 1652 bona,
877 1588 1065 1664 quos
1104 1565 1343 1652 voleS,
1386 1564 1773 1635 immittes?
1835 1586 1953 1645 me
1994 1561 2086 1637 ad
2144 1554 2337 1637 meas
2396 1558 2733 1632 fortunas

580 1670 1076 1749 defendendas
1112 1672 1454 1745 accedere
1490 1698 1644 1745 non
1688 1674 1934 1744 sines?

679 1787 826 1855 LV.
871 1788 1129 1882 Operae
1156 1788 1472 1883 pretium
1512 1799 1622 1861 est
1644 1839 1663 1872 ‚
1708 1786 1937 1882 ipsam
1973 1783 2207 1879 legem
2244 1805 2731 1879 cognoscere:

585 1894 872 1982 dicetis,
908 1893 1249 1976 eumdem
1286 1895 1832 1993 conscripsisse,
1878 1895 2007 1991 qui
2047 1892 2230 1967 illud
2272 1893 2590 1963 edictum
2632 1893 2731 1964 de

583 2003 1019 2077 hereditate:
1052 2009 1203 2075 Lm:
1235 2030 1445 2077 ormu
1466 2017 1485 2048 ¹
1524 2030 1891 2081 ncnnvno
1926 2029 2089 2091 QUAE
2122 2014 2442 2076 PUPILL1²
2462 2008 2726 2075 Imm...

579 2184 838 2250 operibus,
882 2183 1141 2235 locationis
1182 2186 1474 2250 obligetioni
1505 2204 1611 2237 non

580 2264 979 2328 responderunt?
1004 2266 1188 2317 Curare
1212 2268 1372 2316 solent
1393 2279 1452 2316 ut
1478 2270 1609 2333 opti·

586 2358 664 2391 ms
689 2342 973 2392 conditione
998 2347 1061 2393 sit
1075 2382 1091 2408 ,
1127 2347 1160 2398 i.
1195 2363 1241 2394 e.
1278 2356 1336 2394 ut
1373 2348 1433 2394 iis
1448 2384 1464 2410 ‚
1501 2363 1611 2412 quae

584 2421 843 2480 redimenti
870 2425 1171 2486 tribuuntur,
1202 2427 1476 2476 commodis
1506 2444 1611 2475 ma·

583 2502 711 2549 xime
741 2513 921 2562 utetur,
948 2503 1030 2552 ille
1070 2504 1176 2568 ipse
1212 2507 1354 2567 cujus
1396 2524 1472 2555 res
1509 2517 1582 2554 est
1596 2542 1612 2566 ,

582 2582 621 2631 i.
642 2598 687 2631 e.
717 2584 855 2644 cujus
877 2583 1009 2632 bons
1038 2595 1156 2632 snut
1175 2601 1229 2632 ea
1256 2602 1367 2650 quoe
1391 2586 1615 2636 vendun-

580 2674 681 2724 tur,
701 2674 749 2712 et
775 2667 861 2727 qui
887 2665 1109 2729 periculo
1136 2681 1254 2724 suo,
1280 2682 1407 2732 opus
1433 2667 1614 2714 facien-

585 2740 704 2789 dum
765 2743 989 2793 redemit.
1040 2747 1112 2793 At
1156 2748 1335 2793 Verres
1395 2746 1615 2794 excludit

586 2836 700 2873 m
709 2857 724 2876 9
738 2832 832 2872 etc.

662 2915 743 2946 ια.
771 2900 923 2954 Bonis
933 2917 1019 2964 pr.
1043 2903 1234 2951 Ernest-
1248 2904 1452 2956 verbum
1476 2904 1612 2961 bonis

580 2977 787 3042 glossam
796 2977 943 3026 hebet
951 2980 1088 3043 quod
1100 2981 1268 3045 paullo
1281 2995 1411 3047 post,
1423 2994 1471 3031 et
1478 2983 1614 3047 apud

585 3057 727 3119 slim,
743 3068 800 3105 ut
813 3058 919 3106 Liv.
932 3059 1103 3118 1111,
1120 3061 1203 3119 60,
1222 3077 1412 3127 semper
1425 3072 1613 3109 tantum

582 3137 832 3202 praedibus
856 3137 1161 3205 pra-diisque
1198 3139 1393 3188 dicitur.
1434 3139 1613 3190 schiitz

586 3215 719 3266 bonis
739 3217 1042 3268 submmive
1059 3217 1238 3283 accipit
1260 3231 1309 3266 et
1328 3218 1612 3284 distinguit:

587 3319 612 3338 -
627 3296 804 3360 bonis,
840 3297 1089 3362 pudibus
1108 3314 1186 3362 pr.
1206 3319 1233 3338 n
1257 3298 1485 3348 Ceterum
1512 3315 1613 3350 vox

585 3377 722 3426 bonis
744 3376 983 3439 adjectiva
1001 3388 1097 3435 est,
1120 3386 1170 3428 et
1197 3376 1407 3440 pertinet
1429 3387 1528 3426 tem
1548 3378 1613 3426 ad

579 3454 772 3517 proedes
798 3472 945 3519 quam
966 3455 1029 3519 sd
1043 3454 1245 3519 proedia
1256 3489 1273 3514 ‚
1294 3471 1405 3504 cum
1432 3456 1613 3520 quihus¹

587 3533 850 3593 conjuncta
888 3551 1017 3598 sepe
1058 3534 1262 3598 legitur:
1299 3534 1612 3600 «boni-pra·

587 3612 673 3661 des
689 3648 706 3675 ,
740 3611 870 3664 bona
883 3637 902 3650 ·
916 3612 1099 3677 pradia
1112 3648 1127 3671 ,
1172 3613 1308 3661 bono
1324 3639 1341 3649 ·
1352 3612 1539 3677 predis
1565 3637 1610 3664 ιι.

580 3690 778 3738 Pnoedes
801 3705 907 3744 non
931 3706 1024 3755 pro
1041 3690 1408 3753 fidejussoribus
1427 3703 1614 3760 tentum

584 3770 844 3835 accipitur,
864 3768 949 3817 sed
978 3770 1122 3818 etiam
1142 3786 1236 3834 pro
1262 3770 1507 3828 bonorum
1529 3771 1614 3823 illa

581 3859 720 3914 parte
751 3863 863 3912 quae
899 3849 1083 3896 moveri
1117 3847 1232 3896 loco
1266 3859 1433 3912 potest
1473 3850 1610 3915 (gall.

583 3930 651 3982 les
673 3928 807 3978 biens
830 3922 1086 3990 menbles);
1109 3942 1220 4000 qua
1242 3924 1501 3990 fideiussor
1525 3944 1624 3993 op·

580 4006 870 4073 pignerabst
890 4008 1014 4071 reip.
1036 4022 1148 4066 cum
1176 4006 1372 4072 praediis
1386 4042 1402 4068 ,
1430 4024 1518 4062 seu
1541 4025 1611 4057 re-

578 4088 669 4140 bus
695 4087 788 4142 soli
824 4086 957 4153 (gall.
983 4087 1049 4136 les
1076 4087 1389 4154 immeeebles).
1420 4087 1611 4150 Prode:

1699 2189 1915 2238 vendere
1951 2200 2025 2237 est
2059 2188 2187 2235 bona
2229 2202 2426 2246 eorum,
2462 2187 2637 2250 quibus
2679 2204 2731 2234 se

1698 2269 1902 2334 publico
1940 2269 2244 2332 oblignmnt,
2284 2268 2326 2314 si
2371 2282 2500 2330 opus
2533 2264 2732 2314 redun-

1699 2359 1865 2414 ptum,
1889 2348 1964 2398 vel
1990 2359 2115 2399 sarta
2148 2357 2274 2397 tecta
2311 2345 2491 2396 rationi
2512 2344 2730 2411 publiea!

1700 2444 1800 2476 non
1829 2428 2199 2493 responderint,
2226 2425 2457 2474 vendere.

1778 2511 1860 2559 13.
1897 2507 1985 2558 Ad
2008 2525 2169 2556 meam
2189 2507 2473 2572 pecuniam.
2511 2504 2592 2552 Ad
2620 2520 2727 2551 earn

1700 2587 1996 2636 locationem
2016 2621 2032 2648 ,
2072 2603 2183 2651 quae
2227 2586 2462 2634 solvenda
2495 2585 2584 2636 erit
2619 2600 2729 2632 men

1702 2668 1907 2730 pecunia
1924 2702 1938 2725 ‚
1982 2668 2025 2715 si
2051 2667 2323 2732 mancipem
2350 2665 2415 2713 ad
2443 2665 2592 2712 alium
2618 2680 2729 2728 per-

1700 2747 1880 2794 veniat.
1908 2748 1997 2794 11ae
2029 2758 2144 2794 sunt
2178 2746 2356 2811 pupilli
2391 2744 2728 2808 querimoniae.

1700 2852 1773 2863 —
1792 2825 1927 2887 Quid
1950 2825 2156 2874 accedit.
2180 2824 2396 2874 Subaud.
2423 2823 2487 2872 ad
2516 2823 2730 2878 hastam,

1701 2903 1762 2956 ad
1784 2905 2079 2953 auctionem.

1780 2991 1859 3038 14.
1881 2984 1976 3039 Et,
2015 2983 2070 3031 si.
2115 2983 2177 3030 Et
2204 2993 2287 3038 tu,
2329 2981 2374 3028 si
2395 2980 2509 3028 satis
2529 2989 2729 3028 cautum

1701 3076 1804 3107 non
1831 3072 1974 3126 putas
1991 3095 2009 3120 ‚
2046 3060 2231 3124 poteris
2265 3059 2474 3106 aliorum
2500 3058 2728 3105 licitatio·

1702 3156 1788 3191 nes
1809 3141 2067 3190 admittere
2092 3142 2146 3188 in
2167 3154 2340 3203 opere,
2355 3137 2493 3202 quod
2507 3152 2597 3200 ego
2620 3152 2728 3190 mes

1701 3222 1908 3286 pecunia
1933 3220 2184 3268 soluturus
2205 3234 2337 3276 sum,
2359 3229 2506 3282 atque
2531 3217 2599 3266 its
2637 3217 2730 3264 im-

1702 3299 1863 3349 mittes
1879 3301 1933 3347 in
1951 3314 2056 3347 mes
2075 3297 2232 3355 bons,
2261 3308 2358 3346 etc.

1770 3379 1877 3436 Lv.
1923 3393 1972 3434 t.
2016 3376 2152 3425 Olim
2198 3391 2264 3425 ea:
2315 3390 2477 3439 opere.
2529 3373 2730 3437 Optime

1700 3457 1976 3508 emendavit
1994 3459 2118 3506 Ant.
2143 3455 2465 3526 Augustinus.
2489 3456 2538 3503 J.
2554 3456 2617 3502 V.
2637 3455 2692 3501 1..

1773 3553 1826 3590 2.
1850 3537 1968 3585 Ant.
1988 3535 2297 3600 Augustinus
2318 3533 2402 3582 hic
2420 3530 2729 3593 conjiciebat,

1708 3637 1731 3658 ιι
1755 3630 1959 3670 rut-tut
2000 3615 2175 3663 Juntt.
2223 3601 2382 3676 Quaei'
2421 3611 2502 3661 dic
2525 3644 2542 3671 ,
2587 3621 2680 3658 etc.
2703 3633 2730 3650 ›-

1700 3694 1952 3748 Manutius
1983 3709 2100 3742 vero
2126 3703 2177 3743 et
2201 3691 2453 3739 Victorius
2472 3726 2488 3752 ,
2525 3711 2550 3732 ιι
2570 3689 2730 3751 Qua?

1701 3788 1907 3822 rurant
1939 3776 2094 3823 Jmtn
2115 3794 2160 3824 υ.
2186 3773 2312 3821 MSS
2330 3770 2455 3818 nihil
2475 3768 2727 3830 adiuvant.

1701 3854 1733 3901 J
1737 3854 1824 3900 .V.
1846 3855 1901 3900 L.
1920 3878 1988 3888 --
2007 3850 2103 3902 Sed
2123 3851 2246 3899 nihil
2268 3847 2731 3911 mutandurmquum

1702 3930 1972 3980 nesciamus
1989 3930 2113 3994 quid
2130 3930 2183 3977 in
2210 3946 2267 3977 es
2297 3930 2404 3993 lege
2430 3939 2732 3992 sequeretur,

1699 4019 1747 4058 et
1771 4009 1835 4062 sd
1861 4011 2112 4076 sequentis
2131 4010 2294 4073 aliqu·
2323 4023 2496 4060 vocem
2510 4013 2637 4072 'qaoe
2657 4023 2731 4054 re-

1701 4089 1814 4139 ferri
1838 4106 2034 4154 equum
2062 4091 2125 4139 sit
2149 4088 2361 4138 credere.
