3044 4788
649 398 786 472 568
1415 399 1979 469 EXCURSUS

637 525 745 603 sit,
801 522 983 610 quod
1018 544 1245 611 garum
1281 522 1605 585 sociorum
1631 568 1652 601 ,
1695 522 1845 608 quia
1879 520 2212 584 societates
2260 519 2780 606 publicanorum

639 629 748 691 illo
789 629 858 690 in
897 628 1120 715 primis
1158 625 1657 707 delectarentur,
1698 643 1813 687 κατ’
1842 634 2009 702 εξοχῆν
2056 623 2498 711 appellabatur
2552 625 2784 711 liquor

639 736 777 814 ille,
817 756 933 798 seu
971 735 1176 799 sanies
1213 733 1517 822 pretiosa,
1558 748 1636 796 ut
1675 731 1973 795 Manilius
2008 747 2225 812 vocat,
2278 746 2624 817 tantopere
2674 753 2781 793 oe·-

638 840 879 904 lebrata
908 840 1264 919 veteribus3
1289 860 1433 924 quae
1463 838 1598 926 gari
1617 885 1636 919 ,
1663 853 1774 901 aut
1796 837 2078 900 scombri
2110 836 2303 923 piscis
2338 858 2416 898 ex
2446 835 2778 898 intestinis

640 944 1100 1010 conficiebatur
1159 943 1320 1006 tanti
1375 941 1596 1030 pretii,
1644 960 1722 1006 ut
1767 942 2035 1030 singulis
2082 940 2365 1004 millibus
2417 962 2774 1003 nummum

642 1052 869 1137 (circit.
904 1053 1027 1125 ²04
1070 1049 1145 1111 fr.
1193 1045 1276 1111 50
1322 1048 1589 1133 centes.)
1633 1063 2156 1135 permutarentur
2187 1046 2402 1133 congii
2436 1046 2579 1109 fere
2611 1047 2773 1111 bini.

642 1157 808 1220 Plin.
845 1153 1038 1217 Hard.
1070 1154 1180 1217 lib.
1215 1155 1474 1236 XXXI,
1518 1178 1653 1242 cap.
1689 1153 1805 1237 433
1845 1155 1999 1217 Sen.
2037 1154 2218 1239 epist.
2252 1152 2369 1237 953
2418 1153 2772 1233 MartialiS,

639 1262 748 1323 lib.
781 1259 970 1339 XIII,
1017 1259 1181 1347 epig.
1209 1280 1349 1321 102.

726 1364 823 1426 De
855 1364 1353 1449 publicanorum
1389 1364 1647 1426 avaritia
1687 1364 1860 1451 pleni
1898 1378 2053 1429 sunt
2083 1377 2375 1426 veterum
2422 1362 2600 1426 libri.
2647 1361 2769 1426 Sed

639 1468 766 1530 hoc
798 1468 943 1530 loco
979 1467 1374 1555 intelligendi
1408 1485 1565 1531 sunt
1603 1468 1649 1529 ii
1682 1467 2039 1555 praecipue,
2077 1467 2189 1554 qui
2227 1490 2454 1555 operas
2490 1467 2773 1555 publica·

641 1596 877 1637 uorum
911 1574 1321 1638 societatibus
1359 1573 1615 1637 dabant.
1662 1574 1744 1636 Hi
1782 1596 1978 1659 quam
2018 1571 2277 1653 fraude,
2318 1574 2615 1649 avaritia,
2649 1574 2774 1636 im-

639 1677 986 1759 modestia,
1014 1676 1277 1741 audacia
1318 1693 1626 1765 superent
1671 1692 1920 1740 ceteros
1953 1677 2251 1739 homines
2291 1699 2489 1739 nemo
2522 1693 2625 1740 est
2659 1677 2772 1763 qui

641 1785 915 1862 nesciat,
964 1784 1177 1870 inquit
1212 1783 1539 1864 Cujacius,
1583 1783 1651 1844 in
1693 1782 1901 1847 Parat.
1926 1782 2006 1845 ad
2053 1782 2162 1846 lib.
2194 1783 2483 1845 XXXIX
2524 1783 2771 1871 Digest.

640 1892 736 1954 tit.
772 1896 833 1968 4.
870 1891 1101 1954 Narrat
1137 1892 1387 1972 LiviuS,
1428 1891 1638 1971 XXV,
1677 1891 1713 1953 3
1736 1940 1754 1972 ,
1792 1892 1883 1954 M.
1927 1891 2213 1953 Postumi
2253 1891 2599 1978 Pyrgensis
2649 1892 2770 1952 im-

639 1994 950 2082 pudentia
1006 1995 1313 2082 singulari
1372 2019 1577 2082 prope
1641 1996 1882 2058 factum
1905 2042 1923 2075 ,
1993 2011 2068 2058 ut
2123 1995 2328 2058 turbae
2374 1996 2671 2058 maximae
2704 1996 2765 2056 in

641 2100 815 2163 Urbe
849 2101 1348 2162 concitarentur.
1390 2103 1620 2186 Itaque
1659 2101 1917 2164 Paullus
1954 2100 2254 2164 AEmilius
2288 2101 2351 2163 in
2390 2099 2765 2164 Macedonia

638 2201 995 2267 ordinanda
1034 2204 1273 2265 metalli
1313 2203 1754 2284 Macedonici,
1793 2204 1973 2293 quod
2021 2207 2250 2293 ingens
2288 2222 2424 2269 erat
2462 2207 2762 2294 vectigal,

557 2350 560 2355 ·
640 2323 703 2370 et
737 2306 1127 2394 praediorum
1159 2308 1557 2371 rusticorum
1591 2310 1945 2375 locationes
1993 2310 2130 2373 tolli
2176 2311 2418 2391 voluit,
2452 2311 2639 2399 quod
2669 2314 2763 2373 in-

638 2413 954 2501 telligeret
982 2413 1130 2476 'sine
1174 2414 1521 2500 publicano
1573 2439 1646 2479 ea
1697 2417 1975 2480 exerceri
2027 2439 2163 2479 non
2216 2439 2442 2503 posse3
2498 2434 2567 2480 et
2610 2417 2757 2479 cubi

637 2519 1018 2607 publicanus
1050 2537 1249 2602 esset,
1293 2521 1384 2584 ibi
1428 2538 1543 2585 aut
1580 2522 1687 2601 jus
1739 2523 2074 2609 publicum
2111 2545 2388 2604 vanum,
2433 2539 2549 2585 aut
2585 2524 2766 2585 liber-

638 2640 836 2688 tatem
867 2626 1057 2690 sociis
1091 2625 1334 2689 nullam
1370 2648 1507 2689 esse
1530 2657 1573 2688 n.
1594 2627 1746 2691 Liv.
1777 2626 1884 2689 lib.
1922 2627 2117 2707 XLV,
2153 2649 2210 2690 c.
2245 2628 2340 2691 18.
2383 2629 2570 2690 Hanc
2610 2628 2764 2690 Livii

637 2733 1020 2818 sententiam
1054 2731 1435 2817 comprobat
1465 2732 1537 2795 P.
1571 2732 1828 2811 Rutilii,
1861 2733 1980 2794 viri
2016 2733 2566 2812 innocentissimi,
2601 2734 2764 2796 cala·

640 2835 860 2898 initas:
900 2835 1078 2897 hunc
1110 2836 1358 2922 equites
1397 2839 1684 2920 romani,
1712 2838 1826 2925 qui
1851 2853 1993 2900 tum
2023 2838 2143 2902 soli
2164 2837 2574 2918 judicabant,
2608 2861 2766 2900 con·

640 2938 1067 3020 demnarunt,
1110 2940 1291 3026 quod
1326 2943 1576 3031 legatus
1624 2944 1705 3025 Q.
1759 2943 1960 3007 Mucii
2012 2944 2413 3032 proconsulis
2459 2943 2671 3005 Asiam
2731 2967 2766 3005 a

637 3044 1132 3131 publicanorum
1174 3047 1424 3127 injuriis
1467 3046 1859 3112 defenderat.
1896 3050 2029 3113 Cic.
2074 3048 2156 3112 de
2196 3050 2376 3113 Orat.
2409 3050 2474 3130 I,
2507 3071 2647 3135 cap.
2686 3046 2764 3111 53

641 3167 706 3214 et
737 3173 916 3239 seqq.
949 3150 1208 3216 Liviana
1239 3155 1407 3240 Epit.
1442 3177 1546 3240 7⁰·
1582 3152 1745 3217 Inde
1784 3155 1944 3217 mire
1975 3152 2442 3218 confirmantur
2472 3154 2767 3240 praeclara

644 3256 747 3319 illa
776 3257 1310 3346 cl.Montesquieu
1335 3259 1566 3339 verba,
1605 3261 1717 3345 qui
1756 3258 1841 3323 de
1871 3259 2128 3339 judiciis
2162 3258 2242 3323 ad
2277 3260 2525 3346 equites
2557 3258 2766 3322 relatis

641 3363 964 3449 loquens:
1016 3394 1039 3416 κ
1067 3363 1440 3451 Numquam
1489 3365 1760 3429 miseriis
1820 3366 2127 3429 succincti
2180 3365 2520 3443 homines,
2586 3379 2652 3426 et
2702 3363 2765 3425 id

641 3489 849 3529 unum
888 3486 1246 3553 quaerentes
1282 3486 1355 3532 ut
1389 3470 1798 3534 necessitates
1832 3470 2118 3559 publicas
2151 3492 2227 3532 ex
2254 3470 2531 3557 publicis
2559 3491 2770 3532 neces-

641 3571 933 3634 sitatibus
958 3591 1275 3655 sererent,
1298 3575 1660 3662 aequissime
1687 3592 2045 3663 potuerunt
2065 3574 2374 3654 judicare.
2401 3574 2501 3638 Illi
2534 3575 2769 3637 scilicet

636 3674 1028 3754 judiciorum
1085 3681 1496 3744 severissimae
1552 3679 1860 3744 custodiae
1910 3679 2205 3745 tradendi
2263 3695 2477 3760 erant,
2528 3679 2767 3743 nedum

639 3781 757 3868 ipsi
793 3804 865 3874 ea
899 3801 1310 3846 exercerent:
1354 3807 1570 3870 neque
1596 3785 1685 3848 illi
1713 3786 1962 3864 ordini,
2003 3786 2116 3873 qui
2155 3786 2238 3849 ad
2268 3810 2478 3850 unum
2517 3787 2764 3848 lucrum

639 3903 966 3973 spectans,
1001 3909 1255 3975 semper
1295 3890 1617 3979 exigebat,
1659 3897 1865 3978 qu‘um
1909 3893 1990 3955 ab
2040 3894 2182 3979 ipso
2226 3893 2382 3956 nihil
2420 3908 2763 3981 peteretur,

638 3991 886 4056 divitias
936 4017 1009 4056 ac
1055 4012 1497 4082 paupertatem
1547 3998 1749 4083 ipsam
1795 3998 2244 4078 exhauriebat,
2282 4000 2502 4060 Romae
2534 3996 2755 4075 judicia

638 4113 817 4161 erant
848 4099 1312 4163 committenda
1335 4134 1378 4165 a.
1406 4101 1623 4188 Esprit
1646 4099 1750 4162 des
1774 4099 1947 4181 Lois,
1983 4102 2116 4184 XI,
2166 4103 2262 4167 18.
2300 4102 2479 4167 Fecit
2509 4100 2755 4167 tandem
