3044 4788
642 402 748 467 lN
797 401 1222 467 VERREM
1274 402 1494 468 AcT.
1548 403 1658 484 11,
1708 401 1889 468 Lm.
1943 403 2039 469 11.
2265 358 2406 483 433

280 547 452 594 nem
496 519 876 592 fraudandi
914 543 1125 590 causa
1163 518 1612 607 discessisse3
1655 521 2063 618 postulant,
2099 536 2179 592 ut
2214 521 2408 593 bona

283 632 652 732 possidere
676 631 902 701 liceat.
930 628 1258 701 Debebat
1283 632 1647 727 Epicrates
1674 629 1955 700 nullum
1981 626 2010 672 ⁵
2029 641 2411 702 nummum

284 744 595 815 nemini:
628 742 870 827 amici,
910 743 968 810 si
997 740 1161 836 quis
1190 739 1368 837 quid
1396 754 1715 837 peteret,
1747 739 2098 834 judicium
2143 766 2218 813 se
2255 767 2413 839 pas·

285 878 527 937 suros;
561 850 960 947 judicatum
1003 848 1182 920 solvi
1221 849 1690 921 satisdaturos
1725 874 1878 921 esse
1912 848 2268 921 dicebant.

382 967 599 1035 XXV.
659 965 907 1053 Quum
944 961 1188 1032 omnia
1227 959 1522 1030 consilia
1551 971 1570 1002 ¹
1623 958 2002 1057 frigerent3
2038 960 2414 1034 admonitu

286 1077 488 1148 istius
515 1071 927 1144 insimulare
953 1084 1370 1167 coeperunt,
1397 1070 1802 1166 Epicratem
1822 1069 2062 1141 literas
2097 1070 2419 1168 publicas

287 1187 761 1305 corrupisse:
783 1206 824 1252 a
868 1205 1013 1278 qua
1066 1180 1474 1278 suspicione
1529 1178 1650 1250 ille
1697 1178 1947 1251 aberat
1996 1182 2417 1280 plurimum.

288 1297 659 1366 Actionem
699 1292 855 1386 ejus
878 1294 980 1361 rei
1012 1287 1400 1388 postulant.
1434 1290 1662 1359 Amici
1685 1314 2053 1378 recusare,
2092 1316 2183 1362 ne
2221 1292 2424 1389 quod

288 1430 560 1476 novum
573 1402 963 1499 judicium,
990 1425 1082 1471 ne
1113 1425 1257 1497 qua
1282 1400 1550 1497 ipsius²
1573 1401 2062 1497 cognitio,illo
2092 1400 2419 1486 absente,

288 1516 380 1585 (le
416 1513 942 1585 existimatione
991 1511 1145 1605 ejus
1199 1510 1812 1581 constitueretur·
1859 1524 1932 1579 et
1971 1512 2186 1581 simul
2231 1510 2421 1583 idem

290 1628 472 1700 illud
508 1627 870 1727 postulare
920 1652 1070 1697 non
1111 1624 1585 1713 desistebant,
1644 1638 1725 1695 ut
1771 1649 1848 1695 se
1884 1624 1976 1695 ad
2020 1623 2211 1723 leges
2264 1651 2428 1698 suas

292 1741 643 1834 rejiceret.
685 1741 825 1808 lste
869 1737 1181 1834 amplam
1220 1739 1673 1806 occasionem
1716 1733 2088 1806 calumniae
2135 1751 2425 1824 nactuS‚

294 1848 424 1921 ubi
458 1847 654 1918 videt
679 1872 830 1918 esse
854 1846 1163 1944 aliquid,
1202 1844 1403 1943 quod
1443 1846 1654 1915 amici
1684 1845 2059 1918 absentem
2082 1845 2111 1890 3
2143 1850 2426 1945 Epicra-

296 1975 443 2030 tem
473 1957 752 2028 nollent
787 1953 1174 2028 defendere
1201 1983 1219 2044 3
1256 1971 1611 2027 asseverat
1643 1979 1719 2026 se
1757 1956 1910 2051 ejus
1937 1958 2040 2027 rei
2074 1958 2148 2026 in
2180 1959 2429 2055 primis

296 2071 649 2140 actionem
702 2066 1255 2138 esse-daturum.
1309 2068 1557 2156 Quum
1603 2091 1857 2137 omnes
1903 2069 2429 2166 perspicerent,

299 2181 388 2250 ad
435 2182 656 2249 istum
706 2202 859 2247 non
897 2177 1119 2248 modo
1164 2176 1323 2247 illos
1360 2201 1741 2264 nummos,
1795 2180 1922 2273 qui
1962 2202 2094 2274 per
2139 2178 2431 2249 simula-

303 2291 573 2359 tionem
606 2286 699 2358 ab
738 2291 874 2359 isto
916 2289 1277 2370 exierant,
1322 2290 1739 2370 revertisse;
1787 2286 1914 2358 sed
1949 2288 2180 2358 multo
2218 2294 2434 2362 etiam

301 2399 541 2496 plures
583 2423 747 2469 eum
794 2413 1040 2495 postea
1085 2402 1478 2469 nummos‘*
1522 2396 1901 2469 abstulisse
1937 2424 1952 2466 :
2006 2402 2213 2470 amici
2260 2404 2436 2498 Epi-

302 2523 569 2580 cratem
600 2505 986 2578 defendere
1021 2506 1490 2594 destiterunt3
1531 2509 1664 2577 iste
1689 2508 2032 2603 Epicratis
2051 2504 2080 2548 ⁵
2101 2506 2297 2579 bona
2327 2513 2437 2580 Bi-

305 2613 514 2689 dinos
549 2619 795 2685 omnia
839 2617 1205 2712 possidere
1258 2630 1330 2686 et
1384 2613 1519 2686 sibi
1558 2614 1826 2686 habere
1873 2616 2104 2710 jussit.
2154 2616 2263 2688 Ad
2315 2619 2438 2690 illa

304 2730 454 2799 H-S
497 2750 565 2797 ιτ)
617 2724 839 2798 millia
879 2724 1307 2796 hereditaria
1345 2727 1642 2797 accessit
1689 2727 1912 2824 ipsius
1950 2728 2247 2825 antiqua
2290 2732 2438 2799 H-S

307 2832 757 2934 quindecies⁶
779 2836 1098 2932 pecunia.
1116 2841 1410 2907 Utrum⁷
1432 2861 1548 2907 res
1571 2834 1662 2906 ab
1691 2837 1896 2907 initio
1923 2838 2019 2907 ita
2046 2835 2262 2909 ducta
2291 2841 2442 2910 est?

307 2974 399 3018 an
444 2945 535 3018 ad
579 2960 981 3018 extremum
1032 2947 1129 3014 ita
1176 2945 1524 3043 perducta
1566 2946 1723 3015 est?
1782 2953 1873 3014 an
1918 2943 2277 3045 ita'parva
2333 2964 2440 3020 est

310 3056 656 3154 pecunia?
689 3081 781 3126 an
811 3056 869 3125 is
898 3055 1121 3124 homo
1141 3060 1400 3126 Verres
1425 3109 1444 3141 ,
1476 3069 1557 3125 ut
1591 3054 1745 3125 haec
1764 3108 1783 3141 ,
1812 3080 1975 3152 quae
2005 3056 2189 3147 dixi,
2227 3061 2443 3155 gratis

312 3164 495 3238 facta
533 3190 684 3237 esse
719 3163 1147 3236 videantur?

387 3398 436 3446 5.
467 3397 628 3448 Graev.
659 3409 708 3446 et
744 3400 934 3448 Ernest.
971 3418 999 3448 e
1031 3399 1149 3449 cod.
1178 3401 1339 3449 Nann.
1426 3399 1542 3459 nio,
1595 3420 1618 3442 ι
1649 3399 1846 3448 ahsente
1886 3400 2110 3464 Epicrate
2129 3421 2173 3448 n.
2213 3403 2263 3450 J.
2288 3402 2351 3449 V.
2395 3404 2451 3450 1..

315 3475 506 3523 «ullum
534 3492 783 3525 nummum
810 3473 992 3525 nemini
1007 3478 1231 3527 -.Paullo
1250 3479 1339 3526 ins.
1499 3486 1552 3534 4.
1573 3481 1817 3527 Posterius
1837 3496 2136 3527 «nummos-
2158 3482 2347 3529 Ernest.
2365 3482 2452 3529 vix

316 3553 435 3602 olim
476 3566 577 3602 erat
616 3577 638 3597 ι
651 3555 843 3615 judicio
873 3573 1037 3604 secum
1069 3557 1148 3620 agi
1175 3574 1339 3622 passu·
1426 3557 1581 3605 credit
1604 3575 1706 3605 esse
1729 3573 1758 3605 ι
1785 3559 2041 3607 Cicerone.
2066 3559 2168 3607 Cur
2201 3577 2304 3608 non
2341 3577 2449 3608 cre-

316 3648 467 3691 rou,
503 3633 640 3697 quod
660 3651 687 3681 e
714 3638 994 3697 conjectura
1020 3636 1239 3685 ediderat
1252 3637 1339 3684 Vi·
1427 3636 1547 3684 dat?
1572 3639 1700 3686 J.v.
1726 3639 1780 3685 1..

316 3711 516 3759 ctoriae.
537 3714 764 3761 Correxit
789 3716 978 3762 Ernent.
1001 3730 1059 3762 ex
1080 3726 1338 3763 consuetu·
1499 3716 1548 3762 5.
1579 3715 1840 3780 Epicratis.
1876 3717 2027 3781 Quasi
2062 3716 2324 3778 latitantis,
2361 3736 2455 3768 nec

317 3791 432 3838 dine
452 3790 798 3852 Ciceroniana,
816 3804 869 3842 ut
888 3796 1028 3841 Verr.
1048 3796 1122 3842 ΙΙΙ
1136 3829 1152 3855 ,
1181 3796 1264 3843 28.
1428 3793 1634 3842 defensi.

389 3871 555 3918 XXV.
586 3887 629 3918 1.
656 3871 803 3935 Vulg.
830 3894 855 3913 α
869 3869 1110 3933 judieia‘-.
1137 3876 1183 3922 J.
1199 3876 1261 3921 V.
1284 3875 1340 3921 1..
1499 3874 1551 3921 6.
1575 3872 1677 3920 Hs
1689 3872 1967 3937 quindecies
1989 3870 2238 3937 (3075oe
2260 3876 2348 3943 fr.)

392 3966 439 3998 2.
460 3950 565 3996 viri
598 3950 734 3999 docti
768 3951 956 3999 malunt
980 3951 1139 4007 istius,
1169 3968 1343 4017 nempe
1506 3969 1555 4014 7.
1588 3955 1773 4003 Uerum.
1802 3956 1979 4004 Utrum
2004 3967 2162 4005 totum
2187 3957 2310 4005 illud
2340 3957 2455 4021 Epi-

318 4027 510 4092 Verris,
536 4045 638 4078 non
663 4030 768 4079 sine
794 4047 954 4079 came.
973 4032 1005 4079 J
1011 4066 1022 4079 .
1041 4031 1106 4079 V.
1134 4032 1189 4080 1..
1431 4033 1578 4082 cratin
1594 4035 1849 4098 negotium
1866 4035 1932 4083 ita
1957 4051 2163 4084 exorsus
2180 4046 2254 4084 est
2265 4037 2459 4091 Verres,

395 4108 442 4155 3.
470 4109 696 4156 Graevius
725 4110 914 4173 profert
939 4125 966 4156 e
1010 4108 1184 4157 codiee
1213 4109 1342 4159 Nan·
1433 4110 1497 4159 ita
1524 4112 1588 4160 ad
1615 4111 1761 4161 finem
1790 4113 2050 4177 perduxit,
2075 4115 2140 4163 ita
2177 4129 2375 4176 parvam
2400 4129 2461 4161 ex

516 4196 571 4261 Ῑ.
614 4210 706 4255 cie.
734 4225 848 4270 pars
874 4208 1081 4256 secunda.
1839 4279 1844 4288 ι
2182 4198 2272 4266 28
