<?xml version="1.0" encoding="UTF-8"?>
<!DOCTYPE html PUBLIC "-//W3C//DTD XHTML 1.0 Transitional//EN"
    "http://www.w3.org/TR/xhtml1/DTD/xhtml1-transitional.dtd">
<html xmlns="http://www.w3.org/1999/xhtml" xml:lang="en" lang="en">
 <head>
  <title>
</title>
<meta http-equiv="Content-Type" content="text/html;charset=utf-8" />
  <meta name='ocr-system' content='tesseract 3.04.00' />
  <meta name='ocr-capabilities' content='ocr_page ocr_carea ocr_par ocr_line ocrx_word'/>
</head>
<body>
  <div class='ocr_page' id='page_1' title='image "./mtciceronisquae09lemagoog/mtciceronisquae09lemagoog_0630.png"; bbox 0 0 3044 4788; ppageno 0'>
   <div class='ocr_carea' id='block_1_1' title="bbox 775 387 2089 485">
    <p class='ocr_par' dir='ltr' id='par_1_1' title="bbox 775 387 2089 485">
     <span class='ocr_line' id='line_1_1' title="bbox 775 387 2089 485; baseline -0.002 -27"><span class='ocrx_word' id='word_1_1' title='bbox 775 389 909 485; x_wconf 76' lang='lat'><strong>592</strong></span> <span class='ocrx_word' id='word_1_2' title='bbox 1575 387 2089 455; x_wconf 76' lang='lat' dir='ltr'>APPENDIX</span> 
     </span>
    </p>
   </div>
   <div class='ocr_carea' id='block_1_2' title="bbox 705 507 2864 4166">
    <p class='ocr_par' dir='ltr' id='par_1_2' title="bbox 770 507 2809 807">
     <span class='ocr_line' id='line_1_2' title="bbox 772 507 2805 598; baseline -0.003 -24"><span class='ocrx_word' id='word_1_3' title='bbox 772 511 1107 598; x_wconf 83' lang='lat' dir='ltr'><strong>cepissent.</strong></span> <span class='ocrx_word' id='word_1_4' title='bbox 1144 507 1398 596; x_wconf 81' lang='lat' dir='ltr'><strong>quidve.</strong></span> <span class='ocrx_word' id='word_1_5' title='bbox 1440 507 1930 571; x_wconf 83' lang='lat' dir='ltr'><strong>commisissent.</strong></span> <span class='ocrx_word' id='word_1_6' title='bbox 1967 530 2209 571; x_wconf 82' lang='lat' dir='ltr'><strong>earum.</strong></span> <span class='ocrx_word' id='word_1_7' title='bbox 2266 509 2646 588; x_wconf 84' lang='lat' dir='ltr'><strong>injuriarum.</strong></span> <span class='ocrx_word' id='word_1_8' title='bbox 2679 530 2805 595; x_wconf 83' lang='lat' dir='ltr'><strong>ergo.</strong></span> 
     </span>
     <span class='ocr_line' id='line_1_3' title="bbox 770 612 2809 703; baseline -0.002 -24"><span class='ocrx_word' id='word_1_9' title='bbox 770 618 1007 679; x_wconf 79' lang='lat' dir='ltr'><strong>Romae.</strong></span> <span class='ocrx_word' id='word_1_10' title='bbox 1065 615 1371 703; x_wconf 88' lang='lat' dir='ltr'><strong>quiritari.</strong></span> <span class='ocrx_word' id='word_1_11' title='bbox 1415 612 1723 699; x_wconf 84' lang='lat' dir='ltr'><strong>judicioq.</strong></span> <span class='ocrx_word' id='word_1_12' title='bbox 1776 614 2060 700; x_wconf 64' lang='lat' dir='ltr'><strong>quaesito,</strong></span> <span class='ocrx_word' id='word_1_13' title='bbox 2103 635 2237 676; x_wconf 83' lang='lat' dir='ltr'><strong>sua.</strong></span> <span class='ocrx_word' id='word_1_14' title='bbox 2275 631 2574 701; x_wconf 70' lang='lat' dir='ltr'><strong>repetere.</strong></span> <span class='ocrx_word' id='word_1_15' title='bbox 2607 615 2809 700; x_wconf 76' lang='lat' dir='ltr'><strong>provin·</strong></span> 
     </span>
     <span class='ocr_line' id='line_1_4' title="bbox 770 722 2378 807; baseline -0.001 -24"><span class='ocrx_word' id='word_1_16' title='bbox 770 722 977 784; x_wconf 86' lang='lat' dir='ltr'><strong>ciales.</strong></span> <span class='ocrx_word' id='word_1_17' title='bbox 1011 735 1330 807; x_wconf 77' lang='lat' dir='ltr'>possent».</span> <span class='ocrx_word' id='word_1_18' title='bbox 2360 770 2378 791; x_wconf 76' lang='lat'><strong>.</strong></span> 
     </span>
    </p>

    <p class='ocr_par' dir='ltr' id='par_1_3' title="bbox 714 818 2827 1957">
     <span class='ocr_line' id='line_1_5' title="bbox 860 818 2812 911; baseline -0.004 -23"><span class='ocrx_word' id='word_1_19' title='bbox 860 826 1051 888; x_wconf 86' lang='lat' dir='ltr'><strong>Poena</strong></span> <span class='ocrx_word' id='word_1_20' title='bbox 1077 846 1202 911; x_wconf 88' lang='lat' dir='ltr'><strong>qua</strong></span> <span class='ocrx_word' id='word_1_21' title='bbox 1228 820 1683 885; x_wconf 87' lang='lat' dir='ltr'><strong>vindicandum</strong></span> <span class='ocrx_word' id='word_1_22' title='bbox 1714 822 1839 886; x_wconf 89' lang='lat' dir='ltr'><strong>hoc</strong></span> <span class='ocrx_word' id='word_1_23' title='bbox 1860 818 2101 886; x_wconf 78' lang='lat' dir='ltr'><strong>crimen</strong></span> <span class='ocrx_word' id='word_1_24' title='bbox 2124 824 2332 887; x_wconf 73' lang='lat' dir='ltr'><strong>sanxit</strong></span> <span class='ocrx_word' id='word_1_25' title='bbox 2356 824 2539 903; x_wconf 90' lang='lat' dir='ltr'><strong>Piso,</strong></span> <span class='ocrx_word' id='word_1_26' title='bbox 2565 845 2678 884; x_wconf 87' lang='lat' dir='ltr'><strong>non</strong></span> <span class='ocrx_word' id='word_1_27' title='bbox 2697 819 2812 883; x_wconf 77' lang='lat' dir='ltr'><strong>adeo</strong></span> 
     </span>
     <span class='ocr_line' id='line_1_6' title="bbox 771 925 2813 1020; baseline -0.004 -28"><span class='ocrx_word' id='word_1_28' title='bbox 771 930 977 1020; x_wconf 86' lang='lat' dir='ltr'><strong>gravis</strong></span> <span class='ocrx_word' id='word_1_29' title='bbox 1012 928 1294 1016; x_wconf 86' lang='lat' dir='ltr'><strong>primum</strong></span> <span class='ocrx_word' id='word_1_30' title='bbox 1327 927 1469 988; x_wconf 89' lang='lat' dir='ltr'><strong>fuit.</strong></span> <span class='ocrx_word' id='word_1_31' title='bbox 1499 925 1939 989; x_wconf 78' lang='lat' dir='ltr'>pecuniariam</span> <span class='ocrx_word' id='word_1_32' title='bbox 1974 949 2114 989; x_wconf 89' lang='lat' dir='ltr'><strong>eam</strong></span> <span class='ocrx_word' id='word_1_33' title='bbox 2148 926 2347 989; x_wconf 85' lang='lat' dir='ltr'><strong>fuisse</strong></span> <span class='ocrx_word' id='word_1_34' title='bbox 2373 927 2568 989; x_wconf 80' lang='lat' dir='ltr'><strong>verba</strong></span> <span class='ocrx_word' id='word_1_35' title='bbox 2591 925 2718 1012; x_wconf 85' lang='lat' dir='ltr'><strong>legis</strong></span> <span class='ocrx_word' id='word_1_36' title='bbox 2742 925 2813 985; x_wconf 82' lang='lat' dir='ltr'><strong>in-</strong></span> 
     </span>
     <span class='ocr_line' id='line_1_7' title="bbox 773 1030 2815 1121; baseline -0.004 -23"><span class='ocrx_word' id='word_1_37' title='bbox 773 1034 1031 1114; x_wconf 88' lang='lat' dir='ltr'><strong>dicant;</strong></span> <span class='ocrx_word' id='word_1_38' title='bbox 1068 1054 1278 1117; x_wconf 88' lang='lat' dir='ltr'><strong>neque</strong></span> <span class='ocrx_word' id='word_1_39' title='bbox 1312 1030 1478 1093; x_wconf 90' lang='lat' dir='ltr'><strong>ultra</strong></span> <span class='ocrx_word' id='word_1_40' title='bbox 1513 1032 1807 1121; x_wconf 70' lang='lat' dir='ltr'><strong>saeviisse.</strong></span> <span class='ocrx_word' id='word_1_41' title='bbox 1846 1031 2043 1112; x_wconf 86' lang='lat' dir='ltr'><strong>Quod</strong></span> <span class='ocrx_word' id='word_1_42' title='bbox 2073 1032 2364 1118; x_wconf 82' lang='lat' dir='ltr'><strong>exemplo</strong></span> <span class='ocrx_word' id='word_1_43' title='bbox 2395 1032 2815 1117; x_wconf 51' lang='lat' dir='ltr'><strong>comprobatum</strong></span> 
     </span>
     <span class='ocr_line' id='line_1_8' title="bbox 772 1134 2816 1226; baseline -0.004 -24"><span class='ocrx_word' id='word_1_44' title='bbox 772 1162 974 1226; x_wconf 90' lang='lat' dir='ltr'><strong>quum</strong></span> <span class='ocrx_word' id='word_1_45' title='bbox 998 1137 1394 1201; x_wconf 83' lang='lat' dir='ltr'><strong>L.Lentulus</strong></span> <span class='ocrx_word' id='word_1_46' title='bbox 1422 1136 1923 1223; x_wconf 84' lang='lat' dir='ltr'><strong>repetundarum</strong></span> <span class='ocrx_word' id='word_1_47' title='bbox 1951 1137 2220 1200; x_wconf 88' lang='lat' dir='ltr'><strong>crimine</strong></span> <span class='ocrx_word' id='word_1_48' title='bbox 2236 1158 2598 1223; x_wconf 88' lang='lat' dir='ltr'><strong>oppressus,</strong></span> <span class='ocrx_word' id='word_1_49' title='bbox 2616 1134 2816 1198; x_wconf 83' lang='lat' dir='ltr'><strong>biennio</strong></span> 
     </span>
     <span class='ocr_line' id='line_1_9' title="bbox 768 1239 2818 1331; baseline -0.003 -25"><span class='ocrx_word' id='word_1_50' title='bbox 768 1260 916 1331; x_wconf 88' lang='lat' dir='ltr'><strong>post</strong></span> <span class='ocrx_word' id='word_1_51' title='bbox 962 1239 1042 1304; x_wconf 90' lang='lat' dir='ltr'><strong>ad</strong></span> <span class='ocrx_word' id='word_1_52' title='bbox 1088 1257 1430 1327; x_wconf 84' lang='lat' dir='ltr'><strong>praeturam</strong></span> <span class='ocrx_word' id='word_1_53' title='bbox 1468 1241 1665 1305; x_wconf 84' lang='lat' dir='ltr'><strong>fuerit</strong></span> <span class='ocrx_word' id='word_1_54' title='bbox 1707 1258 1985 1306; x_wconf 82' lang='lat' dir='ltr'><strong>evectus.</strong></span> <span class='ocrx_word' id='word_1_55' title='bbox 2024 1241 2233 1304; x_wconf 81' lang='lat' dir='ltr'><strong>Poenae</strong></span> <span class='ocrx_word' id='word_1_56' title='bbox 2276 1240 2437 1305; x_wconf 89' lang='lat' dir='ltr'><strong>huic</strong></span> <span class='ocrx_word' id='word_1_57' title='bbox 2473 1239 2818 1329; x_wconf 79' lang='lat' dir='ltr'>ignominiam</span> 
     </span>
     <span class='ocr_line' id='line_1_10' title="bbox 771 1345 2820 1435; baseline -0.001 -25"><span class='ocrx_word' id='word_1_58' title='bbox 771 1348 941 1435; x_wconf 89' lang='lat' dir='ltr'><strong>leges</strong></span> <span class='ocrx_word' id='word_1_59' title='bbox 969 1347 1356 1435; x_wconf 80' lang='lat' dir='ltr'><strong>posteriores</strong></span> <span class='ocrx_word' id='word_1_60' title='bbox 1382 1345 1809 1410; x_wconf 89' lang='lat' dir='ltr'><strong>addiderunt:</strong></span> <span class='ocrx_word' id='word_1_61' title='bbox 1839 1367 2115 1434; x_wconf 76' lang='lat' dir='ltr'><strong>nempe«</strong></span> <span class='ocrx_word' id='word_1_62' title='bbox 2136 1347 2232 1410; x_wconf 87' lang='lat' dir='ltr'><strong>uti</strong></span> <span class='ocrx_word' id='word_1_63' title='bbox 2264 1369 2346 1408; x_wconf 88' lang='lat' dir='ltr'><strong>ne</strong></span> <span class='ocrx_word' id='word_1_64' title='bbox 2372 1347 2445 1409; x_wconf 89' lang='lat' dir='ltr'><strong>in</strong></span> <span class='ocrx_word' id='word_1_65' title='bbox 2475 1363 2733 1409; x_wconf 88' lang='lat' dir='ltr'><strong>senatum</strong></span> <span class='ocrx_word' id='word_1_66' title='bbox 2748 1365 2820 1403; x_wconf 73' lang='lat' dir='ltr'><strong>ve·</strong></span> 
     </span>
     <span class='ocr_line' id='line_1_11' title="bbox 773 1445 2819 1536; baseline -0.003 -24"><span class='ocrx_word' id='word_1_67' title='bbox 773 1450 944 1528; x_wconf 89' lang='lat' dir='ltr'><strong>nire,</strong></span> <span class='ocrx_word' id='word_1_68' title='bbox 972 1472 1091 1513; x_wconf 90' lang='lat' dir='ltr'><strong>nec</strong></span> <span class='ocrx_word' id='word_1_69' title='bbox 1121 1450 1188 1512; x_wconf 91' lang='lat' dir='ltr'><strong>in</strong></span> <span class='ocrx_word' id='word_1_70' title='bbox 1222 1449 1538 1512; x_wconf 86' lang='lat' dir='ltr'><strong>concione</strong></span> <span class='ocrx_word' id='word_1_71' title='bbox 1563 1448 1926 1536; x_wconf 85' lang='lat' dir='ltr'><strong>orationem</strong></span> <span class='ocrx_word' id='word_1_72' title='bbox 1948 1448 2188 1512; x_wconf 87' lang='lat' dir='ltr'><strong>habere</strong></span> <span class='ocrx_word' id='word_1_73' title='bbox 2218 1446 2710 1534; x_wconf 86' lang='lat' dir='ltr'><strong>repetundarum</strong></span> <span class='ocrx_word' id='word_1_74' title='bbox 2727 1445 2819 1530; x_wconf 75' lang='lat' dir='ltr'><strong>lege</strong></span> 
     </span>
     <span class='ocr_line' id='line_1_12' title="bbox 714 1549 2821 1642; baseline -0.003 -25"><span class='ocrx_word' id='word_1_75' title='bbox 714 1584 728 1606; x_wconf 72' lang='lat' dir='ltr'><strong>r</strong></span> <span class='ocrx_word' id='word_1_76' title='bbox 769 1554 1085 1618; x_wconf 89' lang='lat' dir='ltr'><strong>damnatis</strong></span> <span class='ocrx_word' id='word_1_77' title='bbox 1116 1555 1396 1618; x_wconf 75' lang='lat' dir='ltr'><strong>liceret».</strong></span> <span class='ocrx_word' id='word_1_78' title='bbox 1428 1556 1615 1617; x_wconf 86' lang='lat' dir='ltr'><strong>Auct.</strong></span> <span class='ocrx_word' id='word_1_79' title='bbox 1643 1554 1831 1617; x_wconf 87' lang='lat' dir='ltr'><strong>Rhet.</strong></span> <span class='ocrx_word' id='word_1_80' title='bbox 1859 1553 1938 1618; x_wconf 89' lang='lat' dir='ltr'><strong>ad</strong></span> <span class='ocrx_word' id='word_1_81' title='bbox 1958 1555 2239 1617; x_wconf 89' lang='lat' dir='ltr'><strong>Herenn.</strong></span> <span class='ocrx_word' id='word_1_82' title='bbox 2265 1553 2316 1632; x_wconf 87' lang='grc' dir='ltr'><strong>Ι,</strong></span> <span class='ocrx_word' id='word_1_83' title='bbox 2349 1576 2493 1642; x_wconf 88' lang='lat' dir='ltr'><strong>cap.</strong></span> <span class='ocrx_word' id='word_1_84' title='bbox 2519 1549 2821 1616; x_wconf 78' lang='lat' dir='ltr'><strong>20.Addit2-</strong></span> 
     </span>
     <span class='ocr_line' id='line_1_13' title="bbox 774 1657 2825 1748; baseline -0.003 -24"><span class='ocrx_word' id='word_1_85' title='bbox 774 1682 903 1746; x_wconf 89' lang='lat' dir='ltr'><strong>que</strong></span> <span class='ocrx_word' id='word_1_86' title='bbox 932 1677 1029 1724; x_wconf 88' lang='lat' dir='ltr'><strong>est</strong></span> <span class='ocrx_word' id='word_1_87' title='bbox 1054 1676 1277 1748; x_wconf 90' lang='lat' dir='ltr'><strong>postea</strong></span> <span class='ocrx_word' id='word_1_88' title='bbox 1310 1659 1475 1746; x_wconf 84' lang='lat' dir='ltr'><strong>ignis</strong></span> <span class='ocrx_word' id='word_1_89' title='bbox 1509 1675 1573 1721; x_wconf 89' lang='lat' dir='ltr'><strong>et</strong></span> <span class='ocrx_word' id='word_1_90' title='bbox 1602 1681 1785 1745; x_wconf 83' lang='lat' dir='ltr'><strong>aquoe</strong></span> <span class='ocrx_word' id='word_1_91' title='bbox 1824 1657 2230 1738; x_wconf 74' lang='lat' dir='ltr'><strong>interdictio,</strong></span> <span class='ocrx_word' id='word_1_92' title='bbox 2260 1674 2325 1721; x_wconf 88' lang='lat' dir='ltr'><strong>et</strong></span> <span class='ocrx_word' id='word_1_93' title='bbox 2354 1659 2684 1746; x_wconf 76' lang='lat' dir='ltr'><strong>postremis</strong></span> <span class='ocrx_word' id='word_1_94' title='bbox 2712 1672 2825 1717; x_wconf 86' lang='lat' dir='ltr'><strong>tem·</strong></span> 
     </span>
     <span class='ocr_line' id='line_1_14' title="bbox 775 1761 2827 1853; baseline -0 -25"><span class='ocrx_word' id='word_1_95' title='bbox 775 1766 1075 1853; x_wconf 87' lang='lat' dir='ltr'><strong>poribus,</strong></span> <span class='ocrx_word' id='word_1_96' title='bbox 1127 1765 1437 1828; x_wconf 87' lang='lat' dir='ltr'><strong>exsilium.</strong></span> <span class='ocrx_word' id='word_1_97' title='bbox 1495 1764 1664 1827; x_wconf 89' lang='lat' dir='ltr'><strong>Hinc</strong></span> <span class='ocrx_word' id='word_1_98' title='bbox 1711 1765 1799 1826; x_wconf 87' lang='lat' dir='ltr'><strong>ait</strong></span> <span class='ocrx_word' id='word_1_99' title='bbox 1852 1764 2078 1827; x_wconf 83' lang='lat' dir='ltr'><strong>Cicero</strong></span> <span class='ocrx_word' id='word_1_100' title='bbox 2124 1765 2396 1827; x_wconf 78' lang='lat' dir='ltr'><strong>«multas</strong></span> <span class='ocrx_word' id='word_1_101' title='bbox 2459 1781 2666 1852; x_wconf 87' lang='lat' dir='ltr'><strong>postea</strong></span> <span class='ocrx_word' id='word_1_102' title='bbox 2709 1761 2827 1847; x_wconf 63' lang='lat' dir='ltr'><strong>lege&lt;</strong></span> 
     </span>
     <span class='ocr_line' id='line_1_15' title="bbox 779 1867 2362 1957; baseline 0.001 -26"><span class='ocrx_word' id='word_1_103' title='bbox 779 1870 968 1950; x_wconf 88' lang='lat' dir='ltr'><strong>latas,</strong></span> <span class='ocrx_word' id='word_1_104' title='bbox 993 1886 1057 1933; x_wconf 88' lang='lat' dir='ltr'><strong>et</strong></span> <span class='ocrx_word' id='word_1_105' title='bbox 1092 1870 1411 1956; x_wconf 83' lang='lat' dir='ltr'><strong>proximas</strong></span> <span class='ocrx_word' id='word_1_106' title='bbox 1442 1892 1731 1957; x_wconf 89' lang='lat' dir='ltr'><strong>quasque</strong></span> <span class='ocrx_word' id='word_1_107' title='bbox 1764 1867 2057 1933; x_wconf 87' lang='lat' dir='ltr'><strong>duriores</strong></span> <span class='ocrx_word' id='word_1_108' title='bbox 2094 1870 2288 1933; x_wconf 86' lang='lat' dir='ltr'><strong>fuisse</strong></span> <span class='ocrx_word' id='word_1_109' title='bbox 2315 1900 2362 1933; x_wconf 71' lang='grc' dir='ltr'><strong>ι.</strong></span> 
     </span>
    </p>

    <p class='ocr_par' dir='ltr' id='par_1_4' title="bbox 773 1972 2852 3421">
     <span class='ocr_line' id='line_1_16' title="bbox 864 1972 2828 2062; baseline -0.002 -24"><span class='ocrx_word' id='word_1_110' title='bbox 864 1976 1176 2038; x_wconf 83' lang='lat' dir='ltr'><strong>Praeterea</strong></span> <span class='ocrx_word' id='word_1_111' title='bbox 1209 1974 1487 2038; x_wconf 87' lang='lat' dir='ltr'><strong>instituit</strong></span> <span class='ocrx_word' id='word_1_112' title='bbox 1519 1975 1659 2062; x_wconf 89' lang='lat' dir='ltr'><strong>lege</strong></span> <span class='ocrx_word' id='word_1_113' title='bbox 1698 1997 1816 2039; x_wconf 90' lang='lat' dir='ltr'><strong>sua</strong></span> <span class='ocrx_word' id='word_1_114' title='bbox 1852 1975 2000 2038; x_wconf 88' lang='lat' dir='ltr'><strong>Piso</strong></span> <span class='ocrx_word' id='word_1_115' title='bbox 2046 1991 2121 2038; x_wconf 92' lang='lat' dir='ltr'><strong>ut</strong></span> <span class='ocrx_word' id='word_1_116' title='bbox 2156 1992 2405 2038; x_wconf 90' lang='lat' dir='ltr'><strong>certum</strong></span> <span class='ocrx_word' id='word_1_117' title='bbox 2450 1976 2588 2038; x_wconf 81' lang='lat' dir='ltr'><strong>haec</strong></span> <span class='ocrx_word' id='word_1_118' title='bbox 2630 1972 2828 2061; x_wconf 58' lang='lat' dir='ltr'><strong>quatio</strong></span> 
     </span>
     <span class='ocr_line' id='line_1_17' title="bbox 775 2079 2829 2167; baseline -0.001 -25"><span class='ocrx_word' id='word_1_119' title='bbox 775 2079 1044 2166; x_wconf 87' lang='lat' dir='ltr'><strong>posthac</strong></span> <span class='ocrx_word' id='word_1_120' title='bbox 1071 2079 1338 2141; x_wconf 89' lang='lat' dir='ltr'><strong>haberet</strong></span> <span class='ocrx_word' id='word_1_121' title='bbox 1374 2096 1713 2166; x_wconf 69' lang='lat' dir='ltr'><strong>praetorem</strong></span> <span class='ocrx_word' id='word_1_122' title='bbox 1732 2129 1749 2162; x_wconf 93' lang='lat'><strong>,</strong></span> <span class='ocrx_word' id='word_1_123' title='bbox 1781 2081 1868 2141; x_wconf 86' lang='lat' dir='ltr'><strong>ita</strong></span> <span class='ocrx_word' id='word_1_124' title='bbox 1894 2095 1971 2143; x_wconf 91' lang='lat' dir='ltr'><strong>ut</strong></span> <span class='ocrx_word' id='word_1_125' title='bbox 2008 2102 2174 2143; x_wconf 88' lang='lat' dir='ltr'><strong>nova</strong></span> <span class='ocrx_word' id='word_1_126' title='bbox 2199 2080 2337 2167; x_wconf 86' lang='lat' dir='ltr'><strong>lege</strong></span> <span class='ocrx_word' id='word_1_127' title='bbox 2367 2102 2539 2167; x_wconf 89' lang='lat' dir='ltr'><strong>opus</strong></span> <span class='ocrx_word' id='word_1_128' title='bbox 2574 2102 2695 2142; x_wconf 90' lang='lat' dir='ltr'><strong>non</strong></span> <span class='ocrx_word' id='word_1_129' title='bbox 2719 2089 2829 2139; x_wconf 70' lang='lat' dir='ltr'><strong>esset</strong></span> 
     </span>
     <span class='ocr_line' id='line_1_18' title="bbox 774 2180 2830 2273; baseline -0.003 -27"><span class='ocrx_word' id='word_1_130' title='bbox 774 2184 1002 2259; x_wconf 87' lang='lat' dir='ltr'><strong>sociis;</strong></span> <span class='ocrx_word' id='word_1_131' title='bbox 1037 2181 1150 2245; x_wconf 90' lang='lat' dir='ltr'><strong>sed</strong></span> <span class='ocrx_word' id='word_1_132' title='bbox 1171 2200 1432 2246; x_wconf 39' lang='lat' dir='ltr'><strong>*certum</strong></span> <span class='ocrx_word' id='word_1_133' title='bbox 1460 2185 1776 2249; x_wconf 87' lang='lat' dir='ltr'><strong>haberent</strong></span> <span class='ocrx_word' id='word_1_134' title='bbox 1806 2185 1887 2249; x_wconf 89' lang='lat' dir='ltr'><strong>ad</strong></span> <span class='ocrx_word' id='word_1_135' title='bbox 1927 2184 2106 2271; x_wconf 91' lang='lat' dir='ltr'><strong>quod</strong></span> <span class='ocrx_word' id='word_1_136' title='bbox 2137 2185 2573 2273; x_wconf 85' lang='lat' dir='ltr'><strong>confugerent</strong></span> <span class='ocrx_word' id='word_1_137' title='bbox 2599 2180 2830 2247; x_wconf 77' lang='lat' dir='ltr'><strong>tribunal.</strong></span> 
     </span>
     <span class='ocr_line' id='line_1_19' title="bbox 773 2278 2833 2379; baseline -0.001 -29"><span class='ocrx_word' id='word_1_138' title='bbox 773 2288 1032 2350; x_wconf 89' lang='lat' dir='ltr'><strong>Etenim</strong></span> <span class='ocrx_word' id='word_1_139' title='bbox 1072 2304 1222 2352; x_wconf 87' lang='lat' dir='ltr'><strong>ante</strong></span> <span class='ocrx_word' id='word_1_140' title='bbox 1265 2288 1455 2351; x_wconf 85' lang='lat' dir='ltr'><strong>latam</strong></span> <span class='ocrx_word' id='word_1_141' title='bbox 1496 2290 1666 2353; x_wconf 90' lang='lat' dir='ltr'><strong>hanc</strong></span> <span class='ocrx_word' id='word_1_142' title='bbox 1699 2291 1950 2354; x_wconf 89' lang='lat' dir='ltr'><strong>Pisonis</strong></span> <span class='ocrx_word' id='word_1_143' title='bbox 1987 2278 2232 2379; x_wconf 86' lang='lat' dir='ltr'><strong>legem,</strong></span> <span class='ocrx_word' id='word_1_144' title='bbox 2266 2291 2319 2353; x_wconf 89' lang='lat' dir='ltr'><strong>si</strong></span> <span class='ocrx_word' id='word_1_145' title='bbox 2358 2291 2627 2378; x_wconf 88' lang='lat' dir='ltr'><strong>quando</strong></span> <span class='ocrx_word' id='word_1_146' title='bbox 2660 2289 2730 2352; x_wconf 85' lang='lat' dir='ltr'><strong>de</strong></span> <span class='ocrx_word' id='word_1_147' title='bbox 2753 2288 2833 2348; x_wconf 78' lang='lat' dir='ltr'><strong>isto</strong></span> 
     </span>
     <span class='ocr_line' id='line_1_20' title="bbox 773 2392 2833 2482; baseline 0 -24"><span class='ocrx_word' id='word_1_148' title='bbox 773 2392 1042 2458; x_wconf 85' lang='lat' dir='ltr'><strong>crimine</strong></span> <span class='ocrx_word' id='word_1_149' title='bbox 1076 2409 1493 2482; x_wconf 80' lang='lat' dir='ltr'><strong>quaereretur,</strong></span> <span class='ocrx_word' id='word_1_150' title='bbox 1535 2393 1617 2460; x_wconf 88' lang='lat' dir='ltr'><strong>de</strong></span> <span class='ocrx_word' id='word_1_151' title='bbox 1666 2420 1744 2460; x_wconf 90' lang='lat' dir='ltr'><strong>eo</strong></span> <span class='ocrx_word' id='word_1_152' title='bbox 1781 2414 1955 2461; x_wconf 86' lang='lat' dir='ltr'><strong>extra</strong></span> <span class='ocrx_word' id='word_1_153' title='bbox 2002 2397 2295 2461; x_wconf 90' lang='lat' dir='ltr'><strong>ordinem</strong></span> <span class='ocrx_word' id='word_1_154' title='bbox 2347 2420 2425 2461; x_wconf 80' lang='lat' dir='ltr'><strong>ex</strong></span> <span class='ocrx_word' id='word_1_155' title='bbox 2477 2413 2833 2462; x_wconf 79' lang='lat' dir='ltr'><strong>senatuscon-</strong></span> 
     </span>
     <span class='ocr_line' id='line_1_21' title="bbox 773 2499 2836 2592; baseline -0.001 -29"><span class='ocrx_word' id='word_1_156' title='bbox 773 2499 945 2563; x_wconf 87' lang='lat' dir='ltr'><strong>sulto</strong></span> <span class='ocrx_word' id='word_1_157' title='bbox 972 2522 1006 2561; x_wconf 91' lang='lat' dir='ltr'><strong>a</strong></span> <span class='ocrx_word' id='word_1_158' title='bbox 1046 2501 1635 2589; x_wconf 82' lang='lat' dir='ltr'><strong>recuperatoribus,</strong></span> <span class='ocrx_word' id='word_1_159' title='bbox 1671 2503 1765 2564; x_wconf 90' lang='lat' dir='ltr'><strong>uti</strong></span> <span class='ocrx_word' id='word_1_160' title='bbox 1799 2501 1879 2565; x_wconf 88' lang='lat' dir='ltr'><strong>de</strong></span> <span class='ocrx_word' id='word_1_161' title='bbox 1914 2524 2102 2565; x_wconf 89' lang='lat' dir='ltr'><strong>causa</strong></span> <span class='ocrx_word' id='word_1_162' title='bbox 2138 2502 2379 2589; x_wconf 83' lang='lat' dir='ltr'><strong>privata</strong></span> <span class='ocrx_word' id='word_1_163' title='bbox 2412 2503 2741 2592; x_wconf 87' lang='lat' dir='ltr'><strong>cognitum</strong></span> <span class='ocrx_word' id='word_1_164' title='bbox 2760 2513 2836 2561; x_wconf 69' lang='lat' dir='ltr'><strong>est.</strong></span> 
     </span>
     <span class='ocr_line' id='line_1_22' title="bbox 779 2604 2842 2695; baseline 0.001 -28"><span class='ocrx_word' id='word_1_165' title='bbox 779 2605 989 2668; x_wconf 86' lang='lat' dir='ltr'><strong>Testis</strong></span> <span class='ocrx_word' id='word_1_166' title='bbox 1021 2605 1259 2686; x_wconf 81' lang='lat' dir='ltr'><strong>Livius,</strong></span> <span class='ocrx_word' id='word_1_167' title='bbox 1297 2607 1542 2688; x_wconf 88' lang='lat' dir='ltr'>XLIII,</span> <span class='ocrx_word' id='word_1_168' title='bbox 1583 2629 1652 2685; x_wconf 89' lang='lat'><strong>2,</strong></span> <span class='ocrx_word' id='word_1_169' title='bbox 1692 2607 1802 2669; x_wconf 88' lang='lat' dir='ltr'><strong>ubi</strong></span> <span class='ocrx_word' id='word_1_170' title='bbox 1842 2623 2054 2669; x_wconf 88' lang='lat' dir='ltr'><strong>narrat</strong></span> <span class='ocrx_word' id='word_1_171' title='bbox 2085 2604 2170 2669; x_wconf 89' lang='lat' dir='ltr'><strong>de</strong></span> <span class='ocrx_word' id='word_1_172' title='bbox 2201 2607 2527 2695; x_wconf 64' lang='lat' dir='ltr'><strong>Hispaniae</strong></span> <span class='ocrx_word' id='word_1_173' title='bbox 2564 2608 2842 2690; x_wconf 77' lang='lat' dir='ltr'><strong>utriusque</strong></span> 
     </span>
     <span class='ocr_line' id='line_1_23' title="bbox 777 2705 2843 2797; baseline -0.002 -24"><span class='ocrx_word' id='word_1_174' title='bbox 777 2709 999 2797; x_wconf 86' lang='lat' dir='ltr'><strong>legatis</strong></span> <span class='ocrx_word' id='word_1_175' title='bbox 1040 2709 1287 2795; x_wconf 84' lang='lat' dir='ltr'><strong>aliquot</strong></span> <span class='ocrx_word' id='word_1_176' title='bbox 1330 2710 1723 2796; x_wconf 87' lang='lat' dir='ltr'><strong>populorum</strong></span> <span class='ocrx_word' id='word_1_177' title='bbox 1757 2711 1824 2772; x_wconf 91' lang='lat' dir='ltr'><strong>in</strong></span> <span class='ocrx_word' id='word_1_178' title='bbox 1863 2727 2160 2774; x_wconf 87' lang='lat' dir='ltr'><strong>senatum</strong></span> <span class='ocrx_word' id='word_1_179' title='bbox 2199 2709 2628 2793; x_wconf 83' lang='lat' dir='ltr'><strong>introductis3</strong></span> <span class='ocrx_word' id='word_1_180' title='bbox 2673 2710 2770 2797; x_wconf 91' lang='lat' dir='ltr'><strong>qui</strong></span> <span class='ocrx_word' id='word_1_181' title='bbox 2794 2705 2843 2768; x_wconf 74' lang='lat' dir='ltr'><strong>de</strong></span> 
     </span>
     <span class='ocr_line' id='line_1_24' title="bbox 779 2813 2845 2903; baseline 0.001 -28"><span class='ocrx_word' id='word_1_182' title='bbox 779 2813 1271 2899; x_wconf 82' lang='lat' dir='ltr'><strong>magistratuum</strong></span> <span class='ocrx_word' id='word_1_183' title='bbox 1293 2835 1715 2878; x_wconf 88' lang='lat' dir='ltr'><strong>romanorum</strong></span> <span class='ocrx_word' id='word_1_184' title='bbox 1734 2813 1989 2876; x_wconf 86' lang='lat' dir='ltr'><strong>avaritia</strong></span> <span class='ocrx_word' id='word_1_185' title='bbox 2006 2815 2434 2903; x_wconf 79' lang='lat' dir='ltr'><strong>superbiaque</strong></span> <span class='ocrx_word' id='word_1_186' title='bbox 2453 2838 2665 2901; x_wconf 89' lang='lat' dir='ltr'><strong>quum</strong></span> <span class='ocrx_word' id='word_1_187' title='bbox 2688 2826 2845 2877; x_wconf 73' lang='lat' dir='ltr'><strong>essent</strong></span> 
     </span>
     <span class='ocr_line' id='line_1_25' title="bbox 773 2917 2848 3009; baseline -0.002 -29"><span class='ocrx_word' id='word_1_188' title='bbox 773 2918 1141 3003; x_wconf 86' lang='lat' dir='ltr'><strong>conquesti,</strong></span> <span class='ocrx_word' id='word_1_189' title='bbox 1167 2918 1238 2980; x_wconf 89' lang='lat' dir='ltr'><strong>L.</strong></span> <span class='ocrx_word' id='word_1_190' title='bbox 1264 2918 1573 2983; x_wconf 86' lang='lat' dir='ltr'><strong>Canuleio</strong></span> <span class='ocrx_word' id='word_1_191' title='bbox 1592 2917 1846 3005; x_wconf 67' lang='lat' dir='ltr'><strong>praetori</strong></span> <span class='ocrx_word' id='word_1_192' title='bbox 1862 2920 2199 3006; x_wconf 84' lang='lat' dir='ltr'><strong>negotium</strong></span> <span class='ocrx_word' id='word_1_193' title='bbox 2219 2943 2336 3009; x_wconf 89' lang='lat' dir='ltr'><strong>per</strong></span> <span class='ocrx_word' id='word_1_194' title='bbox 2354 2936 2654 2983; x_wconf 88' lang='lat' dir='ltr'><strong>senatum</strong></span> <span class='ocrx_word' id='word_1_195' title='bbox 2678 2918 2848 2982; x_wconf 87' lang='lat' dir='ltr'><strong>datum</strong></span> 
     </span>
     <span class='ocr_line' id='line_1_26' title="bbox 777 3021 2851 3114; baseline 0.002 -29"><span class='ocrx_word' id='word_1_196' title='bbox 777 3037 904 3103; x_wconf 87' lang='lat' dir='ltr'><strong>est,</strong></span> <span class='ocrx_word' id='word_1_197' title='bbox 933 3039 1007 3085; x_wconf 90' lang='lat' dir='ltr'><strong>ut</strong></span> <span class='ocrx_word' id='word_1_198' title='bbox 1032 3025 1099 3084; x_wconf 89' lang='lat' dir='ltr'><strong>in</strong></span> <span class='ocrx_word' id='word_1_199' title='bbox 1124 3024 1410 3111; x_wconf 89' lang='lat' dir='ltr'><strong>singulos</strong></span> <span class='ocrx_word' id='word_1_200' title='bbox 1440 3049 1475 3087; x_wconf 90' lang='lat' dir='ltr'><strong>a</strong></span> <span class='ocrx_word' id='word_1_201' title='bbox 1503 3025 1743 3113; x_wconf 88' lang='lat' dir='ltr'><strong>quibus</strong></span> <span class='ocrx_word' id='word_1_202' title='bbox 1777 3025 2043 3113; x_wconf 84' lang='lat' dir='ltr'><strong>Hispani</strong></span> <span class='ocrx_word' id='word_1_203' title='bbox 2072 3026 2376 3114; x_wconf 87' lang='lat' dir='ltr'><strong>pecunias</strong></span> <span class='ocrx_word' id='word_1_204' title='bbox 2409 3042 2737 3114; x_wconf 88' lang='lat' dir='ltr'><strong>peterent,</strong></span> <span class='ocrx_word' id='word_1_205' title='bbox 2757 3021 2851 3110; x_wconf 76' lang='lat' dir='ltr'><strong>qui·</strong></span> 
     </span>
     <span class='ocr_line' id='line_1_27' title="bbox 778 3129 2852 3217; baseline -0 -27"><span class='ocrx_word' id='word_1_206' title='bbox 778 3147 897 3192; x_wconf 90' lang='lat' dir='ltr'><strong>nos</strong></span> <span class='ocrx_word' id='word_1_207' title='bbox 931 3145 1411 3216; x_wconf 84' lang='lat' dir='ltr'><strong>recuperatores</strong></span> <span class='ocrx_word' id='word_1_208' title='bbox 1447 3154 1525 3193; x_wconf 86' lang='lat' dir='ltr'><strong>ex</strong></span> <span class='ocrx_word' id='word_1_209' title='bbox 1562 3130 1792 3194; x_wconf 89' lang='lat' dir='ltr'><strong>ordine</strong></span> <span class='ocrx_word' id='word_1_210' title='bbox 1824 3132 2147 3194; x_wconf 88' lang='lat' dir='ltr'><strong>senatorio</strong></span> <span class='ocrx_word' id='word_1_211' title='bbox 2183 3129 2377 3194; x_wconf 88' lang='lat' dir='ltr'><strong>daret.</strong></span> <span class='ocrx_word' id='word_1_212' title='bbox 2422 3132 2515 3193; x_wconf 84' lang='lat' dir='ltr'><strong>Ex</strong></span> <span class='ocrx_word' id='word_1_213' title='bbox 2554 3131 2679 3194; x_wconf 88' lang='lat' dir='ltr'><strong>hac</strong></span> <span class='ocrx_word' id='word_1_214' title='bbox 2708 3129 2852 3217; x_wconf 86' lang='lat' dir='ltr'><strong>igitur</strong></span> 
     </span>
     <span class='ocr_line' id='line_1_28' title="bbox 775 3234 2851 3325; baseline 0.004 -28"><span class='ocrx_word' id='word_1_215' title='bbox 775 3234 1026 3298; x_wconf 88' lang='lat' dir='ltr'><strong>Pisonis</strong></span> <span class='ocrx_word' id='word_1_216' title='bbox 1058 3235 1197 3322; x_wconf 88' lang='lat' dir='ltr'><strong>lege</strong></span> <span class='ocrx_word' id='word_1_217' title='bbox 1218 3253 1552 3324; x_wconf 89' lang='lat' dir='ltr'><strong>coeperunt</strong></span> <span class='ocrx_word' id='word_1_218' title='bbox 1575 3237 1882 3299; x_wconf 87' lang='lat' dir='ltr'><strong>constitui</strong></span> <span class='ocrx_word' id='word_1_219' title='bbox 1916 3238 2300 3324; x_wconf 83' lang='lat' dir='ltr'><strong>quaestiones</strong></span> <span class='ocrx_word' id='word_1_220' title='bbox 2329 3254 2664 3325; x_wconf 83' lang='lat' dir='ltr'><strong>perpetuae</strong></span> <span class='ocrx_word' id='word_1_221' title='bbox 2680 3285 2697 3317; x_wconf 90' lang='lat'><strong>,</strong></span> <span class='ocrx_word' id='word_1_222' title='bbox 2722 3254 2851 3321; x_wconf 56' lang='grc' dir='ltr'><strong>φᾶ,</strong></span> 
     </span>
     <span class='ocr_line' id='line_1_29' title="bbox 777 3339 2281 3421; baseline 0.001 -18"><span class='ocrx_word' id='word_1_223' title='bbox 777 3342 871 3403; x_wconf 85' lang='lat' dir='ltr'><strong>uti</strong></span> <span class='ocrx_word' id='word_1_224' title='bbox 906 3339 1104 3403; x_wconf 87' lang='lat' dir='ltr'><strong>modo</strong></span> <span class='ocrx_word' id='word_1_225' title='bbox 1133 3340 1532 3421; x_wconf 84' lang='lat' dir='ltr'><strong>dicebamus,</strong></span> <span class='ocrx_word' id='word_1_226' title='bbox 1566 3342 1757 3405; x_wconf 80' lang='lat' dir='ltr'><strong>nullae</strong></span> <span class='ocrx_word' id='word_1_227' title='bbox 1793 3359 1979 3406; x_wconf 90' lang='lat' dir='ltr'><strong>antea</strong></span> <span class='ocrx_word' id='word_1_228' title='bbox 2009 3347 2281 3407; x_wconf 81' lang='lat' dir='ltr'><strong>fuerant.</strong></span> 
     </span>
    </p>

    <p class='ocr_par' dir='ltr' id='par_1_5' title="bbox 705 3446 2859 3929">
     <span class='ocr_line' id='line_1_30' title="bbox 868 3446 2855 3537; baseline 0.001 -28"><span class='ocrx_word' id='word_1_229' title='bbox 868 3446 1211 3533; x_wconf 89' lang='lat' dir='ltr'><strong>Calpurnia</strong></span> <span class='ocrx_word' id='word_1_230' title='bbox 1258 3446 1398 3534; x_wconf 88' lang='lat' dir='ltr'><strong>lege</strong></span> <span class='ocrx_word' id='word_1_231' title='bbox 1419 3496 1435 3521; x_wconf 87' lang='lat'><strong>,</strong></span> <span class='ocrx_word' id='word_1_232' title='bbox 1483 3448 1733 3511; x_wconf 87' lang='lat' dir='ltr'><strong>sublata</strong></span> <span class='ocrx_word' id='word_1_233' title='bbox 1771 3472 1905 3512; x_wconf 92' lang='lat' dir='ltr'><strong>non</strong></span> <span class='ocrx_word' id='word_1_234' title='bbox 1949 3467 2044 3513; x_wconf 85' lang='lat' dir='ltr'><strong>est</strong></span> <span class='ocrx_word' id='word_1_235' title='bbox 2075 3449 2565 3537; x_wconf 81' lang='lat' dir='ltr'><strong>magistratuum</strong></span> <span class='ocrx_word' id='word_1_236' title='bbox 2605 3447 2855 3513; x_wconf 76' lang='lat' dir='ltr'><strong>avaritia:</strong></span> 
     </span>
     <span class='ocr_line' id='line_1_31' title="bbox 705 3551 2858 3641; baseline 0.004 -31"><span class='ocrx_word' id='word_1_237' title='bbox 705 3581 709 3585; x_wconf 21' lang='grc' dir='ltr'><strong>Δ</strong></span> <span class='ocrx_word' id='word_1_238' title='bbox 777 3551 1119 3635; x_wconf 64' lang='lat' dir='ltr'><strong>provinciae</strong></span> <span class='ocrx_word' id='word_1_239' title='bbox 1145 3551 1566 3615; x_wconf 87' lang='lat' dir='ltr'><strong>nihilominus</strong></span> <span class='ocrx_word' id='word_1_240' title='bbox 1591 3554 1912 3641; x_wconf 83' lang='lat' dir='ltr'><strong>populatae</strong></span> <span class='ocrx_word' id='word_1_241' title='bbox 1935 3570 1998 3616; x_wconf 93' lang='lat' dir='ltr'><strong>et</strong></span> <span class='ocrx_word' id='word_1_242' title='bbox 2015 3571 2250 3618; x_wconf 80' lang='lat' dir='ltr'><strong>vexatae</strong></span> <span class='ocrx_word' id='word_1_243' title='bbox 2275 3573 2470 3634; x_wconf 84' lang='lat' dir='ltr'><strong>sunt3</strong></span> <span class='ocrx_word' id='word_1_244' title='bbox 2498 3570 2597 3618; x_wconf 92' lang='lat' dir='ltr'><strong>tot</strong></span> <span class='ocrx_word' id='word_1_245' title='bbox 2616 3556 2772 3632; x_wconf 87' lang='lat' dir='ltr'><strong>reis,</strong></span> <span class='ocrx_word' id='word_1_246' title='bbox 2792 3562 2858 3612; x_wconf 63' lang='lat'><strong>1⁰¹</strong></span> 
     </span>
     <span class='ocr_line' id='line_1_32' title="bbox 773 3650 2859 3746; baseline 0.001 -32"><span class='ocrx_word' id='word_1_247' title='bbox 773 3650 1118 3734; x_wconf 87' lang='lat' dir='ltr'><strong>damnatis,</strong></span> <span class='ocrx_word' id='word_1_248' title='bbox 1135 3671 1317 3718; x_wconf 88' lang='lat' dir='ltr'><strong>tanto</strong></span> <span class='ocrx_word' id='word_1_249' title='bbox 1348 3657 1548 3743; x_wconf 86' lang='lat' dir='ltr'><strong>magis</strong></span> <span class='ocrx_word' id='word_1_250' title='bbox 1567 3658 1769 3721; x_wconf 83' lang='lat' dir='ltr'><strong>saeviit</strong></span> <span class='ocrx_word' id='word_1_251' title='bbox 1792 3658 2086 3746; x_wconf 82' lang='lat' dir='ltr'><strong>expilatio</strong></span> <span class='ocrx_word' id='word_1_252' title='bbox 2112 3657 2523 3746; x_wconf 88' lang='lat' dir='ltr'><strong>direptioque</strong></span> <span class='ocrx_word' id='word_1_253' title='bbox 2548 3660 2859 3723; x_wconf 87' lang='lat' dir='ltr'><strong>sociorum.</strong></span> 
     </span>
     <span class='ocr_line' id='line_1_33' title="bbox 775 3758 2859 3851; baseline 0.003 -31"><span class='ocrx_word' id='word_1_254' title='bbox 775 3759 1003 3841; x_wconf 85' lang='lat' dir='ltr'><strong>Itaque</strong></span> <span class='ocrx_word' id='word_1_255' title='bbox 1026 3772 1175 3844; x_wconf 90' lang='lat' dir='ltr'><strong>post</strong></span> <span class='ocrx_word' id='word_1_256' title='bbox 1200 3758 1614 3846; x_wconf 87' lang='lat' dir='ltr'><strong>Calpurniam</strong></span> <span class='ocrx_word' id='word_1_257' title='bbox 1646 3762 1815 3849; x_wconf 89' lang='lat' dir='ltr'><strong>leges</strong></span> <span class='ocrx_word' id='word_1_258' title='bbox 1838 3761 1973 3825; x_wconf 77' lang='lat' dir='ltr'><strong>aliae</strong></span> <span class='ocrx_word' id='word_1_259' title='bbox 1987 3764 2351 3851; x_wconf 86' lang='lat' dir='ltr'><strong>complures</strong></span> <span class='ocrx_word' id='word_1_260' title='bbox 2378 3764 2516 3826; x_wconf 85' lang='lat' dir='ltr'><strong>latae</strong></span> <span class='ocrx_word' id='word_1_261' title='bbox 2545 3780 2724 3844; x_wconf 90' lang='lat' dir='ltr'><strong>sunt,</strong></span> <span class='ocrx_word' id='word_1_262' title='bbox 2741 3778 2859 3847; x_wconf 71' lang='lat' dir='ltr'><strong>qua-⁴</strong></span> 
     </span>
     <span class='ocr_line' id='line_1_34' title="bbox 777 3859 1592 3929; baseline 0.005 -5"><span class='ocrx_word' id='word_1_263' title='bbox 777 3859 1006 3924; x_wconf 88' lang='lat' dir='ltr'><strong>ordine</strong></span> <span class='ocrx_word' id='word_1_264' title='bbox 1038 3861 1536 3929; x_wconf 86' lang='lat' dir='ltr'><strong>recensebimus.</strong></span> <span class='ocrx_word' id='word_1_265' title='bbox 1589 3896 1592 3900; x_wconf 29' lang='lat' dir='ltr'>v</span> 
     </span>
    </p>

    <p class='ocr_par' dir='ltr' id='par_1_6' title="bbox 783 3965 2864 4166">
     <span class='ocr_line' id='line_1_35' title="bbox 864 3965 2862 4063; baseline 0.001 -34"><span class='ocrx_word' id='word_1_266' title='bbox 864 3965 1098 4056; x_wconf 88' lang='lat' dir='ltr'><strong>Legem</strong></span> <span class='ocrx_word' id='word_1_267' title='bbox 1138 3967 1305 4031; x_wconf 90' lang='lat' dir='ltr'><strong>hanc</strong></span> <span class='ocrx_word' id='word_1_268' title='bbox 1341 3969 1744 4058; x_wconf 87' lang='lat' dir='ltr'><strong>subsequuta</strong></span> <span class='ocrx_word' id='word_1_269' title='bbox 1776 3990 1871 4037; x_wconf 86' lang='lat' dir='ltr'><strong>est</strong></span> <span class='ocrx_word' id='word_1_270' title='bbox 1901 3974 2126 4055; x_wconf 88' lang='lat' dir='ltr'><strong>Junia,</strong></span> <span class='ocrx_word' id='word_1_271' title='bbox 2156 3997 2349 4063; x_wconf 87' lang='lat' dir='ltr'><strong>quam</strong></span> <span class='ocrx_word' id='word_1_272' title='bbox 2384 3975 2533 4037; x_wconf 91' lang='lat' dir='ltr'><strong>tulit</strong></span> <span class='ocrx_word' id='word_1_273' title='bbox 2557 3974 2648 4037; x_wconf 90' lang='lat' dir='ltr'><strong>M.</strong></span> <span class='ocrx_word' id='word_1_274' title='bbox 2672 3972 2862 4037; x_wconf 74' lang='lat' dir='ltr'><strong>lunius</strong></span> 
     </span>
     <span class='ocr_line' id='line_1_36' title="bbox 783 4071 2864 4166; baseline 0.004 -32"><span class='ocrx_word' id='word_1_275' title='bbox 783 4071 1044 4135; x_wconf 86' lang='lat' dir='ltr'><strong>Pennus</strong></span> <span class='ocrx_word' id='word_1_276' title='bbox 1087 4074 1387 4136; x_wconf 89' lang='lat' dir='ltr'><strong>tribunus</strong></span> <span class='ocrx_word' id='word_1_277' title='bbox 1432 4077 1669 4162; x_wconf 86' lang='lat' dir='ltr'><strong>plebis,</strong></span> <span class='ocrx_word' id='word_1_278' title='bbox 1708 4077 1797 4140; x_wconf 91' lang='lat' dir='ltr'><strong>M.</strong></span> <span class='ocrx_word' id='word_1_279' title='bbox 1823 4078 2090 4143; x_wconf 84' lang='lat' dir='ltr'><strong>AEmilio</strong></span> <span class='ocrx_word' id='word_1_280' title='bbox 2135 4079 2376 4166; x_wconf 90' lang='lat' dir='ltr'><strong>Lepido</strong></span> <span class='ocrx_word' id='word_1_281' title='bbox 2412 4097 2476 4142; x_wconf 89' lang='lat' dir='ltr'><strong>et</strong></span> <span class='ocrx_word' id='word_1_282' title='bbox 2521 4080 2588 4142; x_wconf 89' lang='lat' dir='ltr'><strong>L.</strong></span> <span class='ocrx_word' id='word_1_283' title='bbox 2638 4073 2864 4143; x_wconf 77' lang='lat' dir='ltr'><strong>Aurelio</strong></span> 
     </span>
    </p>
   </div>
  </div>
 </body>
</html>
