3044 4788
684 428 791 498 18·
886 518 887 521 Ἴ
1318 433 1414 499 Μ.
1466 433 1542 499 Τ.
1598 431 2154 501 CICERONIS

669 548 852 620 nihil
881 553 1158 648 precari
1179 576 1198 635 ;
1226 564 1300 620 et
1314 602 1334 636 ,
1361 553 1420 621 si
1440 550 1620 648 quid
1642 574 1853 646 agere
1871 549 2067 635 velit,
2082 548 2362 645 judicio
2380 545 2794 622 defendere.

666 665 831 731 Haec
866 659 1043 730 dum
1091 663 1336 730 Romae
1389 672 1767 756 geruntur,
1811 661 2156 750 Quintius
2212 661 2488 729 interea
2538 675 2796 730 contra

657 773 776 867 jus
797 766 885 856 ¹³,
915 768 1519 841 consuetudinem
1539 824 1558 856 ,
1597 769 1835 840 edicta
1861 769 2358 867 praetorum¹4‚
2405 766 2496 837 de
2520 769 2713 838 saltu
2732 765 2794 811 ¹⁵

662 903 985 977 agroque
1012 882 1382 950 communi
1405 903 1448 949 a
1470 883 1693 951 servis
1726 877 2239 951 communibus
2262 882 2332 947 vi
2361 856 2795 949 detruditur.

762 994 915 1060 VII.
967 991 1348 1072 Existimat,
1394 993 1471 1059 C.
1506 989 1811 1087 Aquini,
1852 986 2073 1059 modo
2125 1002 2198 1058 et
2235 991 2518 1064 ratione
2549 992 2797 1060 omnia

662 1105 907 1196 Romae
939 1102 1263 1171 Naevium
1299 1097 1550 1171 secisse
1572 1154 1591 1188 ,
1618 1103 1677 1171 si
1711 1100 1886 1186 hoc,
1914 1097 2116 1196 quod
2148 1124 2279 1196 per
2305 1098 2552 1169 ‘literas
2587 1100 2796 1169 istius

661 1214 736 1280 in
762 1208 988 1281 Gallia
1020 1222 1301 1304 gestum
1329 1224 1474 1297 est,
1504 1226 1700 1281 recte
1736 1224 1955 1306 atque
2004 1207 2261 1278 ordine
2291 1205 2564 1278 factum
2588 1204 2794 1279 vide—

661 1336 799 1390 tur.
822 1320 1177 1416 Expulsus
1197 1335 1417 1416 atque
1445 1322 1716 1415 ejectus
1740 1344 1779 1389 e
1806 1315 2077 1416 praedio
2092 1318 2463 1408 Quintius,
2493 1332 2792 1414 accepta

659 1430 922 1525 insigni
949 1430 1237 1523 injuria,
1260 1425 1590 1523 confu‘git
1620 1426 1712 1497 ad
1741 1433 1817 1499 C.
1846 1428 2181 1498 Flaccum
2202 1438 2223 1470 ¹
2254 1429 2793 1524 imperatorem,

656 1539 784 1635 qui
827 1552 983 1607 tum
1018 1550 1170 1607 erat
1214 1540 1291 1607 in
1337 1539 1757 1634 provincia:
1792 1562 2058 1634 quem,
2089 1552 2174 1608 ut
2214 1538 2438 1634 ipsius
2476 1535 2792 1632 dignitas

652 1649 915 1745 poscit,
940 1645 1238 1717 honoris
1266 1649 1491 1741 gratia
1515 1648 1840 1717 nomino.
1859 1652 1935 1742 is
1961 1671 2117 1718 eam
2145 1672 2296 1717 rem
2326 1670 2547 1743 quam
2575 1647 2794 1719 vehe-

652 1772 935 1831 menter
963 1753 1467 1827 vindicandam
1498 1759 1793 1854 putarit,
1825 1781 1915 1827 ex
1937 1755 2245 1828 decretis
2271 1756 2428 1853 ejus
2456 1761 2791 1853 poteritis

651 1891 1106 1965 cognoscere.
1142 1865 1513 1964 Alphenus
1541 1870 1814 1937 interea
1843 1873 2089 1938 Romae
2119 1891 2286 1937 cum
2333 1870 2473 1937 isto
2513 1866 2787 1963 gladia-

653 1993 807 2048 tore
827 1987 857 2019 2
888 1976 1132 2047 vetulo
1155 1972 1182 2019 3
1220 1976 1550 2073 quotidie
1591 1976 1965 2073 pugnabat
1994 2002 2010 2044 ε
2058 1975 2401 2047 utebatur
2425 1978 2455 2026 ⁴
2501 1976 2785 2074 populo

651 2112 820 2158 sane
853 2110 1025 2173 suo,
1066 2101 1449 2183 propterea
1485 2085 1690 2182 quod
1724 2090 1856 2157 iste
1884 2099 2107 2182 caput
2148 2080 2441 2182 petere⁵
2474 2108 2626 2153 non
2663 2083 2790 2157 de·

650 2194 954 2268 sinebat.
1009 2192 1194 2266 Iste⁶
1237 2195 1652 2293 postulabat
1671 2250 1690 2283 ‚
1754 2211 1836 2266 ut
1891 2210 2320 2294 procurator
2372 2193 2786 2290 judicatum

594 2401 598 2406 Φ
649 2305 828 2377 solvi
863 2303 1299 2376 satisdaretv.
1330 2308 1560 2402 Negat
1589 2305 1962 2404 Alphenus
1989 2360 2009 2392 ‚
2052 2330 2343 2402 {equum
2389 2328 2582 2396 esse,
2616 2330 2790 2405 pro-

1825 2510 1873 2558 4.
1905 2501 2157 2551 Urebatur.
2192 2500 2410 2565 Populus
2442 2501 2676 2566 Alpheno
2707 2505 2779 2552 fa·

1753 2580 1920 2639 vebat,
1949 2581 2085 2643 qnod
2114 2597 2224 2628 eum
2245 2581 2498 2628 infensioti
2528 2581 2648 2629 odio
2676 2599 2785 2647 per—

1753 2658 2046 2722 sequebatur
2072 2659 2287 2708 Navius.
2687 2689 2690 2694 ·

1827 2739 1879 2786 5.
1905 2738 2063 2801 Caput
2073 2749 2255 2802 petere.
2276 2739 2321 2785 A
2341 2735 2608 2801 gladiatore
2632 2737 2702 2785 du

1753 2816 2021 2864 similitudo
2058 2816 2314 2864 occidendi
2348 2815 2609 2863 adversarii
2635 2818 2784 2865 nimia

1753 2895 1966 2958 cupido,
2005 2911 2151 2958 quem
2185 2906 2391 2958 propter
2427 2895 2529 2942 hoe
2555 2894 2662 2942 odit
2686 2913 2784 2961 po-

724 2499 802 2547 13.
826 2498 1008 2548 Contra
1032 2498 1137 2564 jus.
1163 2499 1291 2547 Nam
1318 2515 1476 2562 neque
1503 2498 1661 2548 deser·

646 2590 749 2627 tum
784 2579 1119 2626 vadimonium
1152 2578 1331 2637 suerat,
1369 2594 1526 2641 neque
1555 2594 1666 2626 reue

645 2659 886 2715 latitat-au
931 2657 1116 2721 quippe
1164 2656 1252 2719 qui
1299 2669 1665 2721 procuratorem

645 2737 925 2804 Alphenem
949 2735 1237 2801 reliquisset.

723 2824 800 2871 ιζ.
828 2814 1007 2863 Edicta
1027 2825 1310 2877 praecorum.
1338 2814 1463 2862 Nam
1492 2828 1666 2879 praeto-

643 2911 720 2944 ree
748 2910 850 2943 non
869 2892 990 2940 dant
1006 2893 1354 2956 possessionem
1367 2926 1381 2951 ‚
1401 2895 1495 2941 nisi
1515 2911 1666 2958 quum

646 2990 755 3023 reue
774 2972 946 3021 aboena
960 2970 1150 3032 judicio
1176 2987 1280 3019 non
1305 2971 1597 3021 defenditur.

724 3053 802 3101 15.
836 3050 992 3099 Saltu.
1020 3050 1178 3097 Saltus
1205 3050 1383 3098 dicitur
1408 3052 1548 3100 locus
1580 3069 1668 3116 pa·

646 3148 817 3190 aeuus,
851 3129 1059 3178 silvosus
1106 3141 1157 3177 et
1195 3130 1439 3190 inaratns;
1474 3130 1539 3178 ad
1565 3148 1664 3179 rem

643 3211 918 3278 pecuariam
945 3208 1183 3274 pertinet,
1213 3219 1270 3256 ut
1305 3224 1420 3274 ager
1453 3207 1517 3256 ad
1560 3226 1664 3258 ara·

642 3293 848 3344 flom-

711 3374 829 3420 vn.
856 3385 904 3420 x.
934 3366 989 3418 C.
1010 3367 1257 3417 Flaccum.
1281 3367 1331 3416 1⁸
1365 3381 1427 3414 ex
1456 3377 1662 3430 proetura

643 3450 851 3499 Galliam
886 3446 1253 3497 Narbonensem
1290 3446 1493 3494 sortitus
1534 3447 1665 3496 obti-

639 3528 813 3590 nebat,
840 3538 913 3586 et,
940 3537 1000 3574 ut
1027 3541 1091 3573 ex
1126 3523 1433 3589 imperatoris
1466 3526 1663 3575 nomine

640 3611 869 3673 apparet,
910 3603 1162 3653 victoriam
1194 3603 1409 3668 aliquam
1442 3616 1658 3670 repom-

639 3697 796 3735 verat.

709 3779 759 3816 a.
789 3762 1112 3822 Gladiatore,
1134 3763 1167 3810 i.
1189 3779 1234 3813 e.
1253 3762 1443 3812 Navio.
1459 3763 1660 3814 Gladia-

637 3845 762 3894 toris
807 3859 987 3892 nomen
1033 3842 1099 3891 ad
1140 3842 1394 3906 improbos
1435 3843 1658 3892 homines

635 3922 894 3974 transferre
911 3921 1037 3972 uolet
1052 3920 1258 3970 Tullius.
1284 3922 1363 3970 Sic
1387 3938 1482 3986 pro
1502 3925 1654 3973 Rosa.

632 4005 797 4055 Amer-
824 4002 875 4051 6.

705 4084 756 4133 3.
811 4080 1001 4130 Vetula.
1039 4080 1323 4129 Veteratore
1339 4113 1355 4138 ‚
1401 4079 1653 4130 fundibus

631 4171 820 4212 meto
829 4196 845 4210 .

1753 2973 1900 3038 pulus
1926 2989 2169 3037 generosae
2190 2972 2387 3021 virtutis
2410 2990 2595 3021 amans.

1825 3053 1878 3101 6.
1904 3052 1984 3100 Sic
2002 3069 2029 3099 e
2048 3053 2172 3100 MSS
2199 3062 2247 3099 et
2271 3051 2386 3101 edd.
2410 3050 2587 3100 Lamb.
2613 3053 2779 3102 Graev.

1752 3133 1942 3180 Ernest.
1966 3132 2092 3190 Alii,
2112 3133 2352 3195 postulat.
2375 3136 2426 3182 J.
2442 3134 2506 3177 V.
2524 3133 2581 3178 L.

1827 3229 1875 3272 7.
1902 3212 2191 3260 Satisdaret.
2223 3214 2404 3259 Semne
2430 3221 2530 3259 eat:
2558 3210 2778 3259 Postula-

1752 3292 1837 3338 bat
1865 3291 2094 3348 Naeviua,
2117 3300 2174 3339 nt
2201 3289 2459 3355 Alpheum
2485 3289 2623 3338 daret
2656 3288 2782 3338 fide-

1744 3371 1960 3430 jussores
1985 3369 2280 3433 locupletes.
2308 3370 2395 3430 qui
2432 3385 2524 3417 ouo
2549 3369 2777 3433 perimit)

1750 3460 2034 3514 praestarent
2057 3458 2242 3495 tantum
2265 3447 2483 3496 solutum
2508 3448 2596 3504 iri,
2623 3464 2780 3510 quan·

1750 3540 1872 3589 tum,
1888 3529 2077 3590 judicio
2096 3527 2243 3581 facto,
2271 3526 2398 3573 solvi
2427 3536 2703 3590 oporteret,
2732 3530 2779 3575 ei

1746 3608 1978 3672 Quintius
2016 3605 2340 3653 damnaretur.
2365 3607 2484 3652 Haec
2518 3613 2592 3652 est
2626 3603 2775 3652 satis-

1747 3686 1881 3734 datio
1895 3719 1914 3744 ‚
1940 3701 2048 3748 quae
2067 3682 2532 3749 dicunt-judicatam
2556 3682 2690 3730 solvi.
2713 3686 2780 3733 In

1745 3764 2019 3812 actionibus
2060 3764 2191 3811 euim
2244 3761 2583 3826 ponomlibus
2627 3773 2776 3812 actor

1745 3842 1926 3892 nullam
1952 3842 2314 3892 satisdationem
2334 3840 2448 3890 dare
2473 3841 2776 3904 eogebaturg

1743 3940 1901 3987 neque
1926 3938 2065 3981 mua,
2097 3923 2139 3970 ai
2166 3920 2373 3986 proprio
2397 3922 2594 3969 nomine
2619 3921 2669 3968 in
2693 3922 2776 3981 iu·

1744 4001 1876 4051 dicio
1899 4004 2087 4051 sisteret
2106 4018 2124 4065 ς
2152 3999 2418 4064 cogebatur
2440 4011 2602 4049 auten
2631 4001 2778 4048 eatis·

1742 4080 1881 4141 dare,
1913 4084 1954 4131 si
1980 4098 2067 4147 per
2092 4091 2466 4146 procuratorem
2501 4080 2554 4127 in
2579 4078 2776 4140 judicio

1740 4160 1947 4209 sintem.
