3044 4788
622 383 765 457 266
1159 401 1166 408 “
1270 389 1370 456 Μ.
1421 389 1499 456 Τ.
1556 389 2127 459 CICERONIS

618 508 825 607 quasi
862 507 956 580 de
1009 507 1369 579 industria
1414 511 1489 579 in
1537 508 1790 581 odium
1835 508 2469 603 offensionemque
2515 510 2778 607 populi

621 622 905 691 romani
946 621 1221 691 irruere
1241 618 1274 665 ⁶
1332 620 1761 692 videantur:
1803 622 1947 692 hoc
1981 645 2099 691 me
2138 616 2491 716 profiteor
2535 644 2780 690 susce·

619 736 851 830 pisse,
887 753 1237 828 magnum
1284 729 1587 805 fortasse
1637 757 1863 821 onus,
1906 746 1978 803 et
2019 729 2198 800 mihi
2238 729 2775 827 periculosum,

616 855 1120 912 verumtamen
1152 840 1491 938 dignum,
1522 845 1602 912 in
1640 869 1786 938 quo
1823 865 2078 913 omnes
2109 863 2372 911 nervos
2405 842 2632 910 aetatis
2664 842 2774 909 in-

619 949 1063 1047 dustriaeque
1118 975 1294 1021 meae
1341 951 1888 1025 contenderem.
1946 951 2316 1040 Quoniam
2357 962 2552 1019 totus
2586 946 2774 1018 ordo

617 1084 1021 1158 paucorum
1050 1061 1515 1160 improbitate
1545 1078 1620 1135 et
1644 1062 1941 1134 audacia
1968 1063 2343 1159 premitur,
2375 1072 2448 1129 et
2471 1072 2777 1154 urgetur

617 1168 911 1241 infamia
938 1170 1382 1268 judiciorum
1419 1200 1436 1245 ε
1474 1172 1851 1272 profiteor,
1886 1173 2061 1243 huic
2102 1172 2348 1267 generi
2385 1166 2773 1240 hominum

621 1305 739 1352 me
759 1284 1134 1354 inimicum
1154 1339 1173 1369 ,
1201 1299 1692 1356 accusatorem
1716 1283 2055 1355 odiosum
2069 1292 2122 1370 7,
2151 1278 2549 1366 assiduum,
2580 1302 2778 1349 acer-

616 1389 799 1461 bum
828 1390 1340 1465 adversarium.
1374 1400 1532 1465 Hoc
1562 1394 1736 1465 mihi
1769 1418 2014 1482 sum0,
2040 1392 2182 1463 hoc
2204 1388 2392 1461 mihi
2420 1389 2774 1487 deposce,

615 1499 820 1599 quod
852 1527 1059 1600 agam
1099 1508 1176 1576 in
1208 1509 1633 1604 magistratu
1650 1499 1708 1594 ⁸,
1744 1503 1946 1603 quod
1970 1525 2178 1600 agam
2215 1526 2305 1573 ex
2342 1525 2430 1572 eo
2465 1499 2655 1588 loco,
2681 1525 2773 1570 ex

617 1634 771 1707 quo
801 1613 915 1696 md
941 1614 1263 1712 populus
1298 1639 1641 1686 romanus
1660 1640 1748 1686 ex
1766 1615 1906 1686 kal.
1927 1615 2207 1710 januar.
2246 1623 2529 1683 secum9
2556 1634 2771 1706 agere

619 1720 713 1793 de
749 1723 1126 1821 republica
1170 1750 1254 1796 ac
1305 1724 1398 1798 de
1446 1725 1871 1797 hominibus
1908 1722 2263 1822 improbis
2299 1721 2577 1804 voluit;
2631 1720 2776 1791 hoc

618 1844 961 1904 munus¹⁰
988 1834 1343 1906 aedilitatis
1373 1861 1549 1908 meae
1585 1837 1864 1935 populo
1900 1855 2209 1906 romano
2246 1832 2772 1930 amplissimum

621 1942 1345 2044 pulcherrimumque
1393 1947 1765 2044 polliceor.
1825 1952 2132 2034 MoneO,
2202 1942 2556 2043 praedicO,
2600 1957 2774 2013 ante

619 2051 977 2124 denuntio
1009 2081 1025 2123 z
1062 2057 1192 2152 qui
1219 2072 1343 2128 aut
1377 2057 1748 2156 deponere
1770 2068 1857 2146 ¹¹,
1882 2071 2008 2127 aut
2039 2059 2391 2153 recipere,
2420 2067 2547 2124 aut
2581 2054 2772 2123 acci-

617 2185 830 2258 pere,
879 2177 1008 2232 aut
1056 2165 1414 2261 polliceri,
1458 2183 1586 2239 aut
1643 2182 2092 2265 sequestreS,
2149 2180 2276 2237 aut
2336 2169 2775 2260 interpretes

620 2273 1140 2370 corrumpendi
1168 2276 1422 2371 judicii
1453 2280 1694 2349 solent
1732 2303 1926 2366 esse,
1967 2279 2245 2374 quique
2278 2276 2368 2346 ad
2395 2275 2587 2344 hanc
2613 2297 2771 2344 rem

619 2397 747 2456 aut
774 2390 1177 2482 potentiam
1199 2402 1286 2480 ¹²,
1304 2398 1436 2463 ‘aut
1454 2391 1984 2492 impudentiam
2008 2415 2213 2462 suam
2238 2386 2539 2487 professi
2573 2401 2772 2471 sunt,

616 2488 1027 2567 abstineant
1065 2502 1140 2570 in
1194 2499 1336 2573 hoc
1366 2503 1646 2599 judicio
1691 2528 1952 2574 manus
1997 2502 2431 2597 animosque
2477 2497 2571 2570 ab
2629 2497 2772 2569 hoc

617 2604 888 2677 scelere
929 2607 1231 2682 nefario.

715 2720 911 2788 XIII.
952 2722 1107 2792 Erit
1155 2737 1313 2793 tum
1349 2724 1608 2797 consul
1638 2725 2065 2795 Hortensius
2098 2746 2267 2793 cum
2306 2743 2596 2789 summo
2634 2722 2766 2789 im-

618 2930 670 2968 et
702 2922 975 2975 ofsensione
1010 2930 1187 2994 populi
1226 2947 1351 2980 rom.
1387 2933 1644 2980 minimum
1732 2930 2049 2994 magistratu,
2073 2939 2175 2979 erat
2202 2925 2763 2994 permis-um.v1d.Gel1.

615 2998 918 3067 laborantes,
942 3006 1257 3071 religionem,
1281 3009 1450 3070 fidem,
1476 3011 1647 3059 verita·
1734 3013 1885 3069 xm,
1915 3010 1997 3059 15.

617 3088 714 3127 tem
742 3085 949 3147 pecunia
973 3088 1258 3137 venderent.
1282 3091 1426 3137 Mut-

690 3163 741 3211 6.
759 3166 973 3217 Irruere.
1003 3167 1126 3219 Cum
1145 3170 1364 3235 impetn,
1390 3168 1530 3217 nullo
1555 3184 1649 3233 pn·

620 3241 741 3291 dore
761 3248 954 3296 retenti.

694 3339 742 3384 7.
765 3325 1014 3375 Odiosum.
1034 3331 1393 3392 importunum.
1413 3353 1484 3364 —
1496 3331 1652 3375 Acer*-

622 3403 749 3451 bum.
767 3403 1151 3459 severissimum.

692 3482 744 3529 8.
773 3485 836 3530 In
865 3485 1173 3550 magistratu.
1195 3483 1457 3533 AEdilttnte.
1478 3511 1548 3525 -·—
1566 3487 1651 3534 Ea:

618 3576 677 3607 oo
703 3560 830 3608 loco.
854 3562 890 3608 Ε
907 3567 1093 3612 rostris.

689 3655 742 3703 9.
761 3642 932 3689 Secum
952 3660 1116 3708 agere.
1144 3648 1301 3709 Agere
1317 3659 1426 3691 cum
1442 3643 1645 3708 populo,

619 3730 693 3767 cst
722 3721 963 3784 populum
990 3723 1054 3772 ad
1087 3723 1354 3771 concilium
1374 3739 1577 3782 vocare,
1601 3734 1651 3771 et

621 3800 925 3863 rogationem
952 3802 1095 3859 ferre,
1120 3817 1266 3865 quam
1286 3803 1532 3866 suffragiis
1551 3803 1650 3851 suis

616 3879 804 3941 jubent,
820 3890 907 3928 snt
923 3891 1066 3929 vetet.
1089 3881 1243 3943 Quod
1262 3881 1380 3930 solis
1400 3884 1651 3947 magistra-

617 3959 752 4012 tibus
777 3958 971 4007 licebat.
998 3962 1159 4025 Ager-e
1185 3977 1300 4009 vero
1326 3962 1401 4009 ad
1414 3963 1652 4027 populum

622 4050 698 4089 est
739 4038 886 4088 verbs
921 4040 1078 4088 facore
1116 4039 1182 4088 ad
1219 4042 1459 4105 populum
1480 4076 1495 4101 ,
1541 4044 1646 4090 sine

620 4120 907 4186 mgstione3
926 4118 1066 4183 quod
1091 4119 1317 4185 privatis,
1344 4121 1648 4174 concedente

1812 3104 1892 3139 to.
1916 3092 2114 3140 Munus.
2141 3088 2221 3137 Sic
2258 3084 2633 3151 appellabantur
2660 3083 2765 3131 ludi

1737 3187 1863 3235 quos
1908 3169 2102 3235 populo
2140 3167 2370 3216 exhibere
2414 3165 2579 3213 aediles
2622 3163 2767 3211 debe·

1738 3249 1876 3300 bant.
1915 3251 2025 3297 Hoc
2057 3245 2415 3312 spectaculum,
2450 3243 2611 3307 inquit
2637 3243 2769 3293 Cice·

1737 3346 1821 3390 ro,
1857 3329 2100 3394 polliceor
2146 3326 2336 3392 populo
2383 3323 2766 3390 pulcherrimum

1739 3410 1987 3460 adilitstis
2010 3423 2151 3456 meae.

1815 3506 1836 3537 1
1855 3506 1868 3535 ι
1887 3525 1899 3537 .
1937 3490 2206 3551 Deponere.
2245 3486 2484 3534 Pecuniae
2524 3483 2658 3548 apud
2700 3498 2768 3530 se-

1736 3576 1978 3633 questu-em
2002 3568 2066 3617 sd
2096 3566 2449 3630 corrumpenda
2470 3563 2674 3625 judicia.
2696 3589 2767 3599 ——

1737 3645 1964 3710 Recipere
1981 3663 2000 3694 .·
2014 3646 2198 3708 indicis
2223 3646 2425 3710 gratiam
2452 3644 2765 3709 polliceri.—

1737 3726 1998 3790 Accipere,
2027 3726 2235 3791 pecunia
2262 3724 2596 3787 corrumpi.—-
2614 3719 2766 3768 Polli-

1737 3804 1839 3853 σοι-ἱ
1869 3807 2143 3870 pecuniam.
2174 3832 2248 3842 —
2277 3806 2584 3867 Interpmtes.
2610 3805 2764 3850 Inter·

1737 3886 1947 3934 nuncios
1980 3886 2115 3950 (gsll.
2139 3885 2207 3932 les
2228 3880 2446 3947 agents.)

1820 3982 1897 4013 12.
1926 3965 2217 4013 Potentiam.
2253 3962 2459 4012 Nobiles
2488 3961 2631 4008 Verri
2668 3959 2768 4006 suf-

1734 4045 1976 4109 fingsntes
2006 4044 2182 4108 carpit.
2204 4069 2277 4081 —
2300 4040 2681 4106 Impudentiam.
2708 4041 2769 4087 In

1735 4123 2116 4188 corrumpendo.
