3044 4788
573 403 705 500 3¹98
769 469 776 476 .
1201 401 1297 467 Μ.
1350 400 1425 465 Τ.
1482 399 2069 467 CICERONIS

563 536 884 623 poterat,
926 521 1185 590 harum
1231 542 1476 588 rerum
1509 531 1861 605 actorem,
1905 542 2129 614 quem
2163 515 2515 589 idoneum
2544 543 2698 590 esse

565 633 906 706 arbitrata
942 644 1082 717 est,
1122 629 1274 725 ipsa
1311 626 1597 723 delegit.
1634 633 1721 698 In
1751 627 2171 723 hujusmodi
2200 653 2278 698 re
2313 630 2699 725 quisquam

563 761 712 816 tam
771 740 1158 840 impudens
1201 739 1649 836 reperietur,
1709 739 1838 835 qui
1882 737 1972 809 ad
2016 739 2321 809 alienam
2370 743 2700 825 causam,

560 856 805 925 invitis
850 854 972 937 iis,
1017 873 1333 947 quorum
1387 850 1761 946 negotium
1814 862 1963 934 est,
2011 847 2357 921 accedere
2397 862 2527 918 aut
2568 846 2697 917 ad-

564 967 837 1063 spirare
883 960 1190 1033 audeat?

664 1079 784 1147 VI.
823 1072 895 1144 si
931 1069 1094 1156 tibi,
1128 1073 1215 1162 Q.
1247 1069 1518 1157 Caecili,
1554 1068 1697 1139 hoc
1735 1067 1955 1139 Siculi
1997 1068 2325 1139 dicerent
2356 1096 2371 1137 ε
2417 1073 2514 1140 Te
2547 1091 2700 1140 non

565 1184 948 1271 novimus;
987 1183 1346 1253 nescimus
1382 1182 1510 1277 qui
1545 1180 1674 1265 sis;
1704 1202 2106 1275 numquam
2149 1193 2224 1249 te
2270 1193 2481 1249 antea
2516 1178 2699 1249 vidi-

564 1318 761 1381 mus;
802 1295 954 1364 sine
994 1316 1127 1363 nos
1170 1316 1299 1389 per
1336 1315 1503 1361 eum
1554 1303 1839 1359 nostras
1878 1287 2212 1360 fortunas
2266 1287 2702 1375 defendere,

565 1405 770 1499 cujus
797 1402 976 1475 fides
1002 1416 1109 1472 est
1131 1398 1343 1472 nobis
1370 1399 1659 1497 cognita
1686 1426 1701 1468 :
1736 1424 1988 1469 nonne
2020 1397 2095 1472 id
2118 1398 2470 1485 dicerent,
2500 1398 2702 1497 quod

567 1519 791 1588 cuivis
822 1511 1131 1611 probare
1159 1510 1551 1582 deberent?
1571 1515 1785 1583 Nunc
1811 1510 1953 1582 hoc
1989 1511 2274 1582 dicunt:
2302 1527 2702 1607 utrumque

566 1648 643 1695 se
666 1647 877 1694 nosse
904 1648 923 1709 3
960 1619 1262 1693 alterum
1293 1644 1370 1693 se
1407 1644 1678 1718 cupere
1707 1618 2165 1693 defensorem
2197 1646 2351 1692 esse
2383 1620 2705 1692 fortuna-

564 1759 730 1820 rum
758 1755 1087 1817 suarum,
1134 1730 1438 1801 alterum
1482 1730 1694 1828 plane
1732 1729 1949 1801 nolle.
1984 1736 2136 1802 Cur
2170 1733 2450 1818 nolint,
2487 1733 2703 1802 etiam

563 1847 622 1917 si
650 1853 958 1929 tacent¹‚
998 1842 1163 1912 satis
1190 1841 1480 1927 dicunt;
1519 1866 1775 1911 verum
1807 1866 1959 1912 non
1993 1856 2234 1912 tacent
2268 1869 2285 1912 ε
2317 1857 2559 1912 tamen
2591 1841 2702 1916 his

565 1953 1002 2024 invitissimis
1028 1964 1097 2019 te
1127 1947 1432 2020 offeres?
1460 1964 1701 2023 tamen
1739 1955 1813 2020 in
1845 1950 2078 2021 aliena
2116 1976 2330 2022 causa
2361 1951 2704 2048 loquere?

565 2076 812 2132 tamen
843 2084 969 2130 eos
996 2057 1379 2150 defendes,
1421 2062 1552 2155 qui
1595 2085 1669 2131 se
1711 2059 1803 2131 ab
1831 2059 2179 2132 omnibus
2210 2061 2532 2132 desertos
2572 2085 2700 2158 po-

566 2174 711 2241 tius
727 2180 781 2256 ²,
814 2191 1035 2264 quam
1073 2165 1202 2238 abs
1247 2182 1318 2238 te
1354 2166 1696 2242 defensos
1741 2195 1895 2242 esse
1935 2169 2259 2242 malunt?
2305 2186 2548 2242 tamen
2593 2169 2704 2243 his

565 2302 864 2375 operam
890 2291 1086 2348 tuam
1102 2277 1566 2376 pollicebere,
1583 2283 1709 2377 qui
1725 2297 1795 2353 te
1816 2307 2057 2378 neque
2082 2282 2263 2354 velle
2289 2307 2417 2354 sua
2432 2279 2703 2366 causa3,

566 2415 737 2476 nec,
788 2392 846 2461 si
892 2393 1174 2486 cupiaS,
1226 2415 1440 2488 posse
1480 2389 1970 2465 arbitrantur?
2011 2399 2160 2465 Cur
2204 2419 2461 2466 eorum
2498 2417 2704 2490 spem

567 2502 897 2598 exiguam
926 2500 1373 2599 reliquarum
1405 2499 1862 2593 fortunarum
1890 2557 1909 2583 ,
1947 2528 2164 2600 quam
2195 2503 2469 2575 habent
2496 2508 2569 2572 in
2600 2502 2708 2573 le·

567 2617 673 2710 gis
701 2625 774 2682 et
792 2610 1047 2706 judicii
1073 2616 1448 2682 severitate
1472 2616 1807 2708 positam,
1824 2614 1893 2682 vi
1923 2628 2356 2710 extorquere
2383 2610 2708 2683 conaris?

566 2747 698 2793 cur
726 2735 798 2792 te
824 2721 1232 2818 interponis
1253 2773 1273 2807 ‚
1300 2721 1741 2792 invitissimis
1765 2721 1875 2792 his
1896 2774 1916 2807 ,
1945 2720 2214 2819 quibus
2254 2723 2564 2792 maxime
2593 2719 2709 2791 lex

566 2831 980 2903 consultum
1017 2855 1171 2902 esse
1203 2831 1404 2901 vult?
1425 2856 1581 2918 cur,
1609 2831 1697 2901 de
1733 2830 2003 2928 quibus
2039 2836 2113 2902 in
2152 2832 2522 2929 provincia
2556 2854 2703 2900 non

567 2943 846 3038 optime
883 2964 960 3010 es
995 2942 1329 3027 meritus,
1378 2966 1504 3013 eos
1542 2964 1741 3010 nunc
1779 2940 1990 3036 plane
2024 2937 2335 3012 fortunis
2368 2940 2708 3012 omnibus

563 3160 678 3209 liam
713 3158 904 3207 inducit
933 3160 1142 3207 oratorIa
1180 3161 1333 3224 magis
1370 3160 1594 3218 ratione,
1682 3160 1848 3233 Verris
1881 3159 2164 3218 aestimatio,
2200 3159 2567 3222 sesquialterum
2591 3174 2711 3222 qun-

563 3255 710 3305 qunm
736 3238 939 3285 omnino
965 3249 1150 3301 exacta,
1167 3249 1216 3287 et
1237 3256 1298 3286 ex
1317 3237 1593 3286 Siculorum
1682 3238 1979 3302 dringenties
1996 3274 2011 3299 ,
2044 3253 2204 3302 poenae
2228 3238 2428 3285 nomine
2443 3272 2459 3297 ,
2484 3237 2710 3298 adjicere.

567 3318 777 3383 querelis
795 3318 946 3380 magis
970 3334 1115 3381 quam
1138 3335 1202 3366 ex
1225 3317 1354 3364 veris
1379 3318 1593 3365 auctori-

570 3397 767 3445 tatibus.
791 3400 899 3461 Ipse
926 3414 1043 3446 vero
1058 3433 1072 3457 ,
1101 3409 1357 3461 postquam
1385 3397 1438 3443 in
1466 3397 1591 3444 Sici-

565 3472 629 3520 lia
656 3475 930 3522 testimonia
952 3476 1114 3523 omnia
1138 3475 1415 3536 collegerit,
1432 3486 1596 3523 sescen-

568 3553 690 3600 tium
730 3554 1133 3618 quadringenties
1171 3554 1464 3615 (8,5οο,οοο
1512 3554 1597 3619 fr.)

571 3631 841 3678 constituto
864 3633 1054 3692 judicio
1077 3644 1280 3696 repetet.
1302 3633 1430 3679 Huic
1456 3632 1595 3679 alteri

573 3726 774 3757 snmmae
796 3710 1037 3760 standum.
1067 3712 1195 3773 Quia
1225 3726 1343 3757 vero
1369 3722 1596 3773 repetun-

573 3788 744 3837 darum
784 3788 994 3836 damnati
1031 3805 1224 3854 poenam
1264 3788 1509 3853 duplicem
1549 3799 1598 3835 et

571 3870 806 3929 majorem
825 3871 965 3915 etiam
990 3868 1270 3931 aliquando,
1292 3878 1348 3915 ut
1365 3884 1425 3916 ex
1446 3868 1598 3915 Jcto-

570 3964 678 3996 rum
711 3946 851 3993 libris
890 3958 937 3994 et
968 3963 1030 3994 ex
1051 3948 1266 3993 Asconio
1290 3947 1597 3994 manifestum

1753 3319 1842 3366 vt.
1877 3333 1920 3365 r.
1956 3317 2137 3377 Multi,
2172 3326 2405 3374 taceam,-
2442 3316 2529 3363 sed
2557 3318 2712 3364 Asco-

1680 3396 1791 3444 nius
1818 3406 1971 3456 recte,
1998 3395 2148 3442 etiam
2169 3394 2216 3441 si
2240 3405 2420 3443 tacent.
2440 3399 2472 3444 J
2481 3399 2564 3443 .V.
2587 3397 2641 3442 L.

1754 3490 1807 3521 α.
1834 3474 2017 3521 Potius.
2044 3473 2278 3522 Abundat
2305 3474 2356 3523 h.
2390 3475 2425 3522 l.
2454 3486 2511 3523 ut
2533 3475 2712 3539 sepius

1684 3552 1817 3615 apud
1866 3551 2024 3600 Plane.
2060 3554 2255 3601 Terent.
2303 3555 2559 3617 ipsumque
2608 3554 2713 3602 Cic.

1684 3630 1781 3678 Adi
1806 3631 2040 3678 Vossium
2074 3632 2186 3680 Art.
2214 3628 2435 3681 Gramm.
2472 3644 2601 3697 part.
2632 3635 2713 3694 11,

1683 3725 1800 3774 pag.
1829 3705 1946 3759 565.

1762 3791 1804 3837 3.
1827 3789 2024 3855 Optime
2051 3788 2121 3835 sie
2144 3790 2416 3854 Naugerius
2435 3824 2450 3851 ‚
2472 3789 2534 3837 al.
2564 3790 2716 3851 Quod

1684 3867 1814 3916 idem
1853 3879 1923 3916 est
1965 3879 2017 3916 ut
2056 3869 2278 3928 Desjard.
2315 3869 2540 3927 monuit,
2577 3868 2716 3932 quod

1687 3948 1860 3997 «alteri
1900 3948 2095 3999 studere
2128 3963 2183 3994 nc
2213 3949 2424 3996 favere».
2452 3949 2716 3996 Recentio-

574 4038 677 4086 est,
706 4026 953 4083 subibant,
995 4026 1159 4089 potuit
1186 4027 1358 4074 Cicero
1393 4026 1447 4073 h.
1476 4025 1511 4072 l.
1538 4026 1601 4072 ad
1690 4044 1763 4074 res
1801 4029 1925 4076 male
1942 4064 1955 4088 ,
1990 4044 2130 4076 suam
2158 4043 2377 4074 causam.
2405 4029 2458 4075 J.
2478 4030 2538 4075 V.
2572 4029 2623 4073 L.
2646 4054 2717 4062 ——

574 4103 986 4173 quadr-ingenuei,
1008 4121 1118 4169 quae
1136 4122 1245 4153 vera
1265 4118 1339 4154 est
1359 4106 1602 4153 furtorum
1692 4106 1915 4156 Caecilius
1946 4123 2143 4173 operam
2167 4122 2306 4154 suam
2339 4106 2399 4153 iis
2433 4106 2717 4170 pollicetur,
